3930 6098
104 231 155 283 5³⁹
785 235 916 292 aetatu
934 232 1174 291 couuuuausts
1801 223 1851 276 540

105 362 302 431 dentesasini,
324 368 390 418 snut
419 363 554 419 universi.
579 365 670 419 Pudet
688 364 796 436 quippe
822 370 882 421 tota
901 382 946 420 re·
964 369 987 422 Α
1005 380 1069 419 mus
1088 364 1125 431 ei,
1143 361 1221 434 quod
1237 359 1437 422 fortissimum,
1457 357 1545 411 idest
1573 357 1720 418 Deum,sc
1746 353 1853 407 similet

104 454 216 506 traxere
231 458 347 524 quaesla,
364 451 441 506 licita
457 453 512 506 sibi
526 453 556 506 in
585 453 763 521 mulieribus,
785 456 950 526 usurpando
1004 455 1065 510 haec
1081 454 1182 524 religio
1194 453 1223 506 in
1239 453 1301 506 loco
1317 466 1369 504 suo
1384 463 1530 504 venerare.
1551 446 1604 501 Sed
1626 444 1677 499 boc
1690 443 1756 498 ideo
1782 443 1853 512 agit,

106 542 264 594 naturalem
294 541 396 609 legem,
421 546 449 594 et
476 557 564 596 novas
587 542 646 595 vias
673 543 823 598 libidinum
857 545 952 617 inqui·
1004 550 1035 600 ui
1061 546 1168 599 moritui
1196 544 1314 598 Moerim
1350 556 1410 594 curu
1435 539 1483 594 deo
1511 538 1598 592 alieno
1626 550 1704 604 quem
1729 535 1854 601 cognorit

105 629 205 697 rende,
222 644 263 682 ves
278 629 358 696 mihi,
386 629 576 706 plausibiliter
598 636 697 703 agunt.
717 633 773 686 Nec
801 631 870 686 sinit
898 649 951 687 nos
1004 633 1098 705 (ibid,
1121 635 1166 702 bil)
1198 640 1220 684 ⁸.
1250 628 1332 695 Quod
1360 628 1519 684 Teredotion
1552 625 1680 695 apertius
1708 621 1852 692 explicat:

105 718 194 774 rubor
221 733 360 787 genarum
384 719 559 774 rhetoricum
590 727 688 774 contra
708 720 818 774 hostem
843 721 951 792 jactare
1006 723 1157 788 «Ethrec,
1182 721 1286 792 inquit,
1309 718 1350 773 ait
1372 716 1381 754 ¹
1397 723 1428 771 ot
1441 715 1553 770 muniat
1568 712 1703 784 praesidia
1718 727 1784 765 cum
1800 711 1854 764 deo

105 822 265 862 sermonem
284 808 459 878 :praesertim
473 808 541 878 quia
555 809 648 879 pudor
662 809 806 864 silentium
818 810 949 881 imperat.
1006 813 1098 865 alieno
1110 826 1117 864 :
1131 817 1159 864 et
1182 825 1247 864 cum
1263 808 1303 863 eis
1318 806 1485 870 ostenderit,
1503 805 1532 858 id
1555 808 1598 857 est
1618 801 1687 866 suis,
1710 797 1853 868 multipli-

105 897 139 951 Et
154 895 217 950 licet
231 895 355 950 invectio
377 904 508 951 accurata
525 903 621 952 exerto
646 915 732 969 opere
760 899 789 952 in
819 915 952 970 eampum
1005 900 1080 953 cebit
1094 899 1246 961 honorem,
1262 901 1292 950 et
1306 894 1450 949 dominari
1473 891 1569 947 multis
1584 890 1678 955 faciet,
1696 894 1725 942 et
1746 893 1853 941 terram

107 989 164 1040 tota
177 985 326 1055 producat,
342 990 369 1039 et
389 985 556 1056 impetenda
578 988 678 1058 jaculis
697 994 893 1058 pugnatorum
912 988 953 1042 di·
1005 988 1111 1044 dividet
1131 986 1229 1058 gratis.
1255 985 1320 1040 ideo
1349 986 1438 1038 Derim
1464 980 1652 1037 fortissimum
1676 994 1706 1032 se
1737 976 1855 1031 simulat

48 1132 50 1134 .
105 1078 201 1149 gerat,¹
226 1073 269 1127 vel
290 1080 427 1144 exponam
460 1080 556 1128 tamen
588 1074 792 1130 inconvenieus
816 1077 900 1145 actio,
926 1082 954 1132 et
1006 1078 1135 1142 adorare,
1153 1081 1183 1128 nt
1208 1076 1297 1128 Deum
1323 1073 1449 1126 alienum
1469 1071 1528 1125 suis
1547 1068 1721 1132 introducat,
1737 1072 1766 1119 et
1789 1080 1855 1136 per·

105 1161 684 1235 nondignaipsooperimembramagis
712 1180 741 1220 se
767 1165 866 1220 loviier
898 1168 954 1237 pal·
1007 1166 1251 1222 vereuratiouem
1270 1163 1318 1218 bei
1337 1164 1477 1217 honoiem
1506 1156 1730 1228 multiplicatio
1756 1153 1854 1224 genti·

105 1250 169 1322 pari
208 1252 287 1305 tenni
308 1251 517 1323 significatione
543 1253 813 1326 desiderat„quam
841 1255 954 1326 procaci
1007 1256 1070 1322 bus,
1099 1259 1128 1309 et
1159 1253 1318 1308 accumulet
1342 1250 1532 1305 dominatum.
1551 1268 1565 1296 »
1581 1246 1660 1313 Quod
1673 1244 1722 1299 isti
1748 1244 1779 1298 in
1806 1242 1854 1296 fu-

106 1340 298 1394 deuodatione
330 1340 461 1395 vocabuli
492 1341 597 1395 intecto
623 1341 954 1413 eloquio‚iuverecunda
1006 1343 1095 1399 mosis
1129 1343 1254 1397 turribus
1283 1340 1413 1411 quotidie
1441 1337 1551 1393 barritu
1574 1334 1690 1402 inormi,
1720 1338 1749 1388 et
1769 1348 1854 1387 mon·

105 1428 366 1499 lingua‚modestis
389 1428 545 1483 lectoribus
567 1429 662 1500 turpia
681 1430 831 1500 denudari,
848 1448 883 1486 ue
906 1448 952 1486 ve·
1007 1442 1129 1499 struoso,
1148 1433 1320 1486 acforarum
1340 1429 1438 1496 ritui,
1466 1425 1610 1482 dissolutis
1637 1423 1718 1478 labiis
1741 1427 1770 1476 et
1792 1421 1855 1474 fau-

106 1517 270 1572 recondiam
286 1533 343 1588 qua
355 1517 397 1571 illi
416 1523 570 1573 caruerunt
591 1534 687 1589 opere,
704 1535 756 1573 nos
768 1519 857 1578 etiam
874 1521 954 1575 amit·
1007 1523 1082 1577 cium
1108 1522 1166 1576 latu
1189 1525 1288 1592 aperto
1317 1524 1348 1573 ut
1374 1515 1516 1572 cardiaci¹
1540 1513 1705 1578 vociferant,
1732 1527 1766 1565 ac
1783 1507 1857 1564 voci·

107 1611 201 1661 tamam
216 1622 358 1661 sermone.
1006 1610 1125 1666 serundo
1141 1610 1218 1664 uelut
1248 1607 1348 1662 furiosi
1371 1609 1545 1676 praeconant,
1562 1608 1592 1656 ut
1608 1603 1715 1656 muniat
1739 1601 1856 1654 Moerim

106 1785 152 1840 bri
164 1783 296 1839 sordibus
314 1784 423 1838 exstitit
436 1783 603 1850 feculentus,
620 1791 651 1839 ut
666 1786 712 1840 hic
728 1786 794 1840 leno
815 1786 952 1841 fetoribus
1006 1805 1092 1862 qrrem
1111 1788 1152 1842 illi
1168 1788 1256 1844 Cabur
1271 1791 1383 1845 vocant.
1408 1785 1517 1838 honest
1544 1781 1692 1851 majorem,
1709 1793 1775 1831 rum
1802 1775 1855 1830 deo

106 1872 286 1944 inquinatus.
309 1872 362 1936 Qui
381 1872 467 1927 etiam
482 1873 619 1944 conjuges
644 1874 815 1940 alienorum,
833 1880 864 1928 ut
877 1875 953 1929 dixi·
1006 1879 1112 1942 alieno,
1128 1877 1155 1933 id
1171 1882 1214 1932 est
1228 1877 1359 1931 daemone
1375 1875 1424 1928 illo
1438 1873 1487 1944 qui
1504 1873 1529 1927 ei
1545 1871 1728 1941 subpersona
1739 1867 1855 1923 Gabrie-

106 1977 181 2028 mus,
198 1961 392 2015 lenocinanter
409 1961 512 2015 fruitus
527 1967 579 2026 est,
602 1962 733 2031 angelica
745 1963 876 2032 jussione
891 1979 951 2017 sor·
1007 1968 1040 2022 lis
1053 1967 1197 2038 apparuit,
1223 1983 1280 2020 nno
1304 1962 1497 2019 venerationis
1516 1959 1631 2014 nomine
1657 1955 1794 2011 muniat:
1824 1958 1857 2008 nt

107 2050 188 2106 dium
205 2065 321 2104 suarum
337 2049 549 2104 scrabredinem
572 2050 678 2117 celans,
704 2067 736 2105 ac
756 2050 810 2104 sibi
838 2053 954 2106 creden·
1006 2057 1265 2128 perhocerrorem
1287 2069 1370 2107 sumn
1399 2053 1429 2106 in
1460 2051 1545 2105 corda
1566 2046 1745 2103 credentium
1768 2048 1855 2114 tegat,

106 2143 148 2193 tes
165 2145 255 2192 scorta
270 2138 345 2210 passi
365 2142 393 2192 et
407 2139 487 2192 nullo
521 2144 644 2193 saturo·
668 2139 744 2193 coitu
765 2138 894 2194 finienda
920 2140 952 2194 in
1007 2146 1076 2201 dum
1100 2145 1217 2200 nomine
1243 2144 1366 2223 majopes
1393 2140 1443 2195 [isi
1465 2140 1551 2193 ritum
1575 2133 1787 2190 vociferationis
1808 2148 1855 2185 ex.

107 2228 238 2300 paradiso
256 2227 305 2282 llei
332 2227 377 2282 sui
398 2228 434 2282 oh
459 2227 699 2282 remunerationis
713 2226 820 2281 donum
843 2228 954 2299 jugiter
1006 2235 1092 2299 tollit,
1131 2242 1160 2288 et
1187 2231 1386 2301 superstitioso
1421 2233 1536 2293 conatu,
1576 2224 1701 2279 nefando
1741 2221 1856 2290 spiritu,

107 2315 245 2388 potienda
259 2315 439 2386 promittens,
456 2314 496 2369 ita
511 2319 543 2368 ut
558 2321 702 2369 extremus
725 2315 803 2368 calor
817 2313 954 2371 instinctu
1000 2323 1147 2378 ¹nobilium
1172 2320 1283 2376 animas
1312 2319 1411 2373 inficit.
1442 2316 1496 2372 Sed
1523 2331 1559 2370 ne
1581 2314 1679 2369 videar
1705 2313 1765 2366 hrec
1788 2309 1857 2364 aeni·

110 2404 955 2476 uniushoraesolitonontermineturspatio,sedproten·
1008 2411 1131 2482 gmaiice
1168 2414 1195 2465 ei
1224 2425 1282 2463 „012
1312 2408 1429 2479 proprie
1458 2405 1552 2460 dicere
1584 2426 1601 2470 i,
1628 2404 1657 2456 ei
1689 2402 1782 2468 magis
1814 2412 1856 2449 ie.

108 2494 193 2548 datur
215 2509 267 2563 per
295 2493 479 2564 septuaginta
504 2492 693 2548 delectatione
727 2492 864 2555 virorum.
893 2494 954 2565 ipsa
1007 2504 1091 2572 putet
1118 2499 1236 2570 ingenio
1260 2498 1387 2551 humano
1416 2494 1536 2566 quesita
1567 2507 1653 2563 qrram
1678 2487 1775 2543 divino
1799 2484 1857 2555 spi·

109 2581 259 2636 delectatio
291 2580 450 2653 specialiter
477 2580 623 2652 profluens
653 2580 810 2635 asinorum.
842 2582 955 2638 Habeas
1008 2590 1065 2644 ritu
1095 2588 1242 2643 enucleata
1268 2586 1405 2657 proferre,
1430 2582 1574 2654 apertiore
1600 2578 1763 2635 inducenda
1793 2579 1859 2627 sunl

109 2670 239 2742 quisquis
256 2671 304 2724 ille
321 2669 445 2741 paradisi
466 2668 554 2723 fuerit
576 2670 694 2723 colonus
710 2673 876 2725 veternosus
898 2687 955 2725 am·
1008 2677 1207 2747 probamenta,
1221 2677 1288 2729 Ecce
1299 2675 1376 2728 enirn
1393 2672 1493 2726 eodem
1510 2671 1576 2724 ritui
1593 2667 1684 2723 dediti
1707 2665 1768 2719 dies
1797 2664 1858 2716 illus

108 2759 230 2830 pilatum
254 2759 375 2828 flurium,
404 2765 433 2813 et
445 2758 608 2813 desiderum
627 2758 804 2829 pinguorum
827 2762 840 2803 b
863 2766 957 2814 exten·
1010 2763 1316 2837 quibusiusaniamin
1344 2762 1430 2816 domo
1447 2759 1518 2815 idoli
1547 2760 1726 2820 consecrant,
1756 2751 1857 2806 eodem

109 2852 170 2901 tum
186 2853 215 2901 et
228 2863 280 2918 par
294 2863 380 2901 omne
393 2847 500 2901 coitum
516 2847 665 2918 virginitas
679 2853 737 2902 tam
754 2847 863 2918 prolixo
887 2847 955 2903 faci·
1009 2853 1147 2909 vocabulo
1178 2853 1316 2906 hactenus
1341 2854 1521 2920 nuncupant,
1552 2852 1581 2901 et
1606 2849 1725 2916 propter
1752 2841 1859 2910 linguai

110 2950 181 2990 nore
209 2936 330 3007 perdita,
352 2942 469 3006 tamque
494 2935 645 2991 inflexibili
673 2937 783 2991 calamo
813 2937 957 3008 perforata
976 2942 1138 3023 Curabicae
1168 2941 1371 3005 diversitatem,
1390 2954 1454 3008 quae
1477 2950 1633 3008 parumper
1661 2933 1691 2986 in
1713 2930 1858 3002 plerisque

110 3024 210 3079 itidem
238 3024 397 3079 fruentibus
432 3024 536 3079 serviat
576 3031 743 3092 restaurata,
771 3041 956 3098 crescensque

111 3113 240 3184 disrupta
254 3114 396 3185 pelliculae
410 3113 501 3184 ipsius
516 3114 651 3184 concisio,
667 3119 695 3169 et
709 3116 803 3169 tenuis
817 3115 957 3187 defrigata

110 3204 203 3274 lappae
218 3203 360 3270 contexio,
385 3219 444 3257 non
463 3204 562 3258 dolore
578 3203 733 3257 functionis
759 3204 899 3274 patientes
922 3220 956 3259 ex

110 3297 226 3361 terreat,
249 3292 297 3346 sed
325 3291 522 3346 delectationis
541 3291 693 3345 dulcedine
711 3291 955 3362 utrosquedulco-

111 3385 164 3446 ret,
180 3379 354 3435 desiderium
364 3379 494 3449 potiendi
506 3394 558 3448 per
573 3378 628 3432 hoc
641 3378 796 3433 avidiorem
813 3391 824 3416 ⁴
839 3379 955 3433 'menti-

57 3475 60 3478 ‘
111 3468 164 3521 bus
179 3482 345 3538 suggerens,
370 3472 399 3520 et
419 3465 650 3520 ardentissimam
676 3466 771 3536 gulam
793 3467 955 3521 renovatio-

112 3572 179 3611 nem
196 3571 253 3610 non
276 3555 390 3623 liniens,
414 3554 463 3608 sed
483 3553 647 3608 extendeus.
673 3555 706 3609 Et
720 3553 956 3624 ingentioraalia,

113 3661 178 3716 quie
193 3645 228 3699 da
238 3649 361 3715 utroque
377 3659 454 3711 sexo,
478 3647 508 3696 et
522 3648 644 3713 utraque
659 3648 772 3708 natura,
791 3642 958 3697 illecebrosa

113 3733 234 3788 invectio
250 3749 308 3787 nou
324 3733 428 3803 puduit
442 3732 547 3804 populo
558 3732 670 3802 perdito
681 3748 715 3786 ex
730 3747 851 3803 persona
868 3732 958 3785 omni·

113 3823 306 3893 potentissimi
331 3822 443 3877 Domini
469 3821 591 3892 impuris
606 3821 688 3892 genis
709 3823 860 3875 conticere.
890 3821 958 3886 Quae

113 3913 212 3967 omnia
232 3912 262 3968 in
284 3911 340 3967 alio
362 3927 448 3982 opere
477 3911 655 3965 enucleatius
675 3915 702 3965 et
721 3909 857 3964 limatiori
880 3909 959 3965 inve·

112 4002 218 4069 ctione,
234 4002 258 4056 si
271 4002 345 4055 Deus
359 4001 446 4055 vitam
466 3998 648 4066 concesserit,
664 3998 836 4053 disseremus
850 4000 873 4052 d.

148 4095 183 4146 25
224 4090 376 4160 Sequitur:
410 4091 462 4144 Nec
491 4103 653 4158 quemquam
694 4088 805 4142 deorum
840 4087 958 4154 curabit,

114 4183 181 4249 quia
211 4180 356 4235 aduersum
390 4179 518 4231 uniuersa
556 4179 698 4244 consurget
723 4176 801 4245 (buu.
836 4192 874 4240 xr,
903 4174 958 4245 ³7),

1011 3031 1176 3087 nominibus
1205 3031 1218 3064 ¹
1242 3029 1277 3083 ab
1303 3027 1440 3083 Hebraico
1464 3026 1615 3094 discrepat,
1645 3023 1779 3076 Atmozem
1798 3017 1858 3085 ipsa

1011 3121 1064 3177 feri
1081 3121 1089 3156 ¹
1109 3119 1300 3189 appellantur,
1319 3117 1437 3187 ipsoque
1452 3121 1581 3183 tempore
1609 3125 1666 3182 qrro
1693 3109 1754 3180 jam
1781 3105 1856 3159 dicto

1011 3209 1088 3264 idolo
1111 3207 1269 3278 antiquitus
1283 3206 1346 3275 ipsa
1369 3220 1440 3271 gens
1466 3203 1511 3256 vel
1537 3197 1682 3270 gentilitas
1710 3195 1804 3265 posita
1826 3208 1857 3246 ex

1012 3296 1152 3353 universis
1164 3295 1293 3367 partibus
1316 3291 1511 3354 concurrebat,
1529 3304 1605 3343 nnnc
1624 3285 1725 3341 eadem
1747 3281 1859 3353 perdita

1011 3387 1095 3442 turba
1109 3400 1205 3441 annue
1220 3383 1341 3438 confluit
1355 3399 1362 3436 ;
1378 3381 1489 3452 ipsique
1509 3375 1635 3434 daemoni
1664 3382 1685 3409 ³
1698 3387 1784 3443 quem
1807 3386 1858 3441 pu-

1011 3479 1075 3529 tant
1090 3491 1106 3528 a
1120 3475 1183 3528 loco
1206 3473 1269 3543 ipso
1294 3471 1360 3526 fidei
1380 3471 1508 3541 ipsorum
1531 3462 1730 3536 magnitudine
1756 3460 1855 3514 exstir-

1012 3567 1090 3634 pato,
1114 3561 1280 3632 perenuiter
1310 3558 1446 3612 serviunt.
1477 3554 1594 3610 linozim
1617 3555 1647 3605 iu
1675 3551 1805 3612 iocosae,
1828 3550 1859 3599 ut

1012 3650 1153 3722 propheta
1168 3648 1276 3719 Spiritu
1295 3645 1392 3701 divino
1411 3642 1518 3710 retulit,
1546 3656 1640 3712 neque
1662 3636 1748 3692 hodie
1776 3635 1858 3689 ineo-

1012 3741 1086 3807 lunt‚
1116 3738 1232 3811 quando
1260 3741 1288 3792 et
1302 3737 1379 3806 ipsos
1403 3748 1417 3778 11
1439 3733 1499 3789 dies
1520 3731 1604 3786 solito
1624 3730 1792 3797 nuncupant
1813 3738 1859 3777 ne

1013 3829 1102 3895 mine,
1119 3833 1289 3882 etmensem
1311 3824 1402 3887 illum,
1424 3837 1511 3893 quem
1531 3821 1602 3875 ulmo
1630 3830 1724 3872 orrum
1753 3824 1766 3850 ⁰
1786 3812 1859 3866 voci-

1012 3922 1086 3986 tant,
1110 3922 1143 3971 ui
1158 3916 1282 3969 cultores
1296 3911 1436 3967 idolatriae
1458 3910 1526 3964 olim
1541 3906 1741 3969 sustollebant,
1765 3903 1805 3956 ita
1830 3901 1859 3955 hi

1013 4006 1100 4061 hodie
1130 4001 1342 4078 abnndaniiori,
1369 3998 1541 4071 perfectiori,
1570 4001 1602 4051 nt
1633 3994 1688 4049 sibi
1714 3993 1858 4056 videntur,

1013 4095 1084 4149 coelo
1113 4099 1197 4147 tenus
1222 4092 1380 4163 perferunt.
1411 4089 1501 4144 Pudet
1526 4104 1538 4144 v
1566 4099 1692 4153 namque
1718 4079 1858 4135 insaniam

1014 4182 1105 4254 ipsius
1116 4182 1218 4236 domus
1233 4179 1401 4250 singillatim
1417 4190 1571 4246 exponere.
1588 4174 1643 4226 Nec
1662 4170 1771 4240 expetit
1794 4168 1860 4222 bre-

99 4269 234 4334 vScilicet,
252 4267 321 4338 quia
334 4271 363 4321 et
381 4265 535 4321 Gentilium
551 4269 579 4318 et
592 4264 768 4329 iudaeorum,
794 4279 845 4317 seu
870 4264 956 4318 elium
976 4268 1082 4324 briter
1104 4268 1201 4340 aliqua
1230 4285 1262 4322 ex
1287 4267 1387 4322 multis
1407 4262 1564 4320 deridenda
1589 4260 1692 4330 jaculis
1716 4256 1858 4327 impetire,

114 4356 339 4412 Christianorum
370 4354 540 4424 religionem
557 4352 695 4423 despexit,
722 4358 749 4407 et
772 4360 873 4407 contra
894 4353 959 4407 nni·

114 4461 194 4500 versa
218 4445 350 4499 surrexit.
374 4447 456 4498 mum
470 4447 560 4497 cutem
579 4445 693 4499 iioozim
707 4444 737 4496 iu
764 4444 820 4497 loco
840 4457 888 4496 suo
913 4459 959 4497 oe-

113 4534 259 4588 uernbilur
274 4533 364 4599 (ibid,
380 4532 433 4604 38).
448 4532 564 4586 ldaozim
582 4532 697 4601 grandis
717 4536 745 4586 et
774 4533 864 4603 major
891 4530 960 4586 dici·

114 4628 170 4691 tur,
187 4639 235 4677 seu
252 4622 332 4677 fortis
351 4623 396 4676 vel
410 4622 590 4677 fortissimos.
612 4621 641 4676 Si
655 4636 723 4676 vero
737 4637 795 4675 non
811 4621 960 4691 majorem,

114 4713 163 4767 sed
190 4711 378 4767 fortissimum
402 4710 505 4766 dixerit
530 4709 633 4782 aliquis
647 4710 780 4781 figurare,
805 4709 963 4780 responde·

148 4867 159 4894 ⁸
181 4857 223 4926 lt,
239 4858 340 4911 saturi.

149 4931 162 4971 b
178 4929 206 4983 L.
216 4929 357 4998 pinguius.

150 5008 161 5034 ⁰
180 5000 210 5054 t.
226 4997 347 5052 auidius.

151 5074 164 5114 d
183 5070 251 5124 Vide
271 5068 416 5134 Notitiam,
430 5082 528 5137 supra.
544 5067 599 5121 col.
614 5069 675 5122 587.

150 5141 222 5195 ¹hd
242 5140 342 5193 horam
368 5139 415 5194 hic
433 5138 464 5193 in
489 5137 585 5192 codice
612 5142 764 5192 notatum:
789 5136 838 5191 deo
861 5137 960 5204 elimo,

116 5213 233 5267 demone
247 5210 323 5266 dicit.

152 5280 162 5319 ¹
183 5281 211 5336 b.
226 5284 295 5349 ogit.

153 5365 168 5407 r
186 5353 217 5406 L.
229 5369 279 5476 per
291 5354 358 5406 oevi.

152 5423 168 5465 ¹¹
186 5423 226 5477 tle
240 5423 284 5476 ius
299 5425 380 5477 rictu.

155 5491 161 5526 ¹
183 5493 279 5560 idest,
296 5492 485 5565 quirardiaco
502 5492 634 5547 laborant
647 5490 756 5546 morbo.

1014 4374 1080 4413 curn
1109 4357 1215 4413 nostris
1232 4359 1363 4411 teneatur
1386 4355 1415 4409 in
1441 4352 1582 4408 mentibus
1606 4353 1665 4404 tota
1689 4347 1861 4418 quandoque

1015 4446 1149 4500 fidelibus
1163 4445 1319 4516 publicare.
1337 4447 1371 4499 Et
1384 4440 1614 4511 multiplicabitur
1636 4439 1725 4506 glorio
1741 4434 1810 4506 ejus.
1837 4438 1861 4487 ct

1015 4535 1092 4590 dubit
1111 4537 1148 4590 eis
1166 4538 1325 4604 potestatem
1345 4535 1374 4586 iu
1397 4532 1498 4593 multis,
1526 4532 1551 4584 et
1566 4527 1669 4581 diuidet
1691 4527 1730 4579 eis
1762 4531 1861 4579 terrum

1014 4625 1136 4690 gratuito
1160 4622 1239 4692 (flou.
1259 4639 1296 4686 xr,
1319 4622 1372 4689 39).
1404 4617 1504 4673 Divisit
1527 4629 1651 4686 namque
1679 4614 1720 4667 eis
1745 4618 1860 4671 terram.

1015 4709 1107 4782 magis
1120 4726 1207 4781 quam
1221 4710 1335 4775 coelum,
1351 4714 1380 4763 ei
1394 4706 1516 4778 gloriam
1532 4705 1611 4760 dedit
1631 4702 1770 4773 gratuito,
1794 4701 1862 4755 dum

1039 4878 1066 4956 p
1078 4851 1139 4918 tls,
1161 4851 1226 4905 dici.

1081 4922 1142 4989 lde,
1158 4922 1326 4989 inpuroque
1337 4921 1457 4974 uomina.

1052 4994 1060 5029 ¹
1079 4993 1108 5047 F.
1121 4994 1188 5061 ipse
1200 4993 1287 5057 feriae.

1051 5072 1071 5099 ¹¹
1089 5063 1150 5130 ils,
1170 5065 1283 5132 ipsoque
1296 5061 1424 5116 damone.

1051 5149 1065 5178 ¹1
1084 5134 1147 5203 lta,
1171 5139 1196 5188 et
1209 5133 1239 5187 iu
1252 5135 1334 5201 ipsos.

1052 5205 1195 5258 olneoria
1210 5203 1277 5258 hinc
1302 5201 1518 5257 transcribentis
1539 5202 1669 5270 apparet,
1695 5197 1766 5251 dnm
1790 5196 1865 5250 inter

1016 5275 1123 5330 Arabes
1146 5275 1265 5345 degens,
1290 5289 1418 5328 mensem
1442 5272 1524 5326 illum
1539 5271 1578 5325 ita
1593 5268 1767 5323 inconcinne
1797 5265 1865 5322 scri·

1037 5346 1083 5402 sit.

1016 5362 1034 5416 p
1053 5434 1065 5475 r
1083 5418 1143 5483 lde,
1160 5419 1270 5472 Putet...
1282 5415 1383 5470 domui.
