3930 6098
103 331 154 386 loa

785 323 912 381 bellRI
931 322 1175 380 uunnurmnsts

103 461 197 532 plagae
208 457 447 513 medicamentum
460 455 624 526 apponam?
638 454 718 518 Quod
729 455 846 524 hujusce
863 471 880 507 a
894 453 956 508 rul-
973 453 999 508 Α
1013 453 1065 507 bns
1080 452 1157 507 enim
1168 452 1251 506 nobis
1263 452 1432 524 qualitatem
1448 453 1621 520 morborum,
1637 457 1668 506 tu
1691 451 1764 506 solur

104 547 166 603 neri
179 547 336 601 fomentum
352 543 522 598 adhibeam?
539 543 624 597 Plane
640 541 750 612 aescio;
767 542 834 613 quia
858 540 954 614 ipsum

105 633 264 707 quodsum,
286 649 337 703 per
358 631 624 702 prevaricationem
640 630 753 701 ignoro.
780 630 814 685 Et
842 631 898 686 hoc
913 635 955 684 est

106 722 254 777 verissime
270 721 353 787 scire,
364 720 439 792 qnod
456 720 683 774 estamarissimc
698 721 776 774 ltere.
800 720 871 774 Nam
889 736 955 791 quas

107 810 222 865 scienda
238 814 305 864 sunt
329 809 411 874 scire,
434 813 462 862 et
484 825 516 863 ea
542 825 723 880 nequaquam
750 824 836 880 apere
859 808 955 864 adim-

105 901 200 971 plere3
223 914 279 952 non
296 902 339 952 est
353 914 452 952 vocare
474 897 630 964 scientiam,
650 897 699 952 sed
720 904 795 952 corte
817 897 956 952 fatuitatis

106 1004 218 1060 magnae
234 986 419 1041 dementiam.
446 986 509 1041 Scio
525 986 613 1052 euim,
637 985 757 1040 Domine
779 987 863 1053 bens,
888 985 957 1057 quia

106 1092 216 1148 pronus
230 1092 260 1130 es
274 1075 309 1130 ad
329 1075 567 1141 misericordiam,
587 1080 615 1128 et
630 1074 786 1145 peccatoris
802 1075 956 1146 concupis

109 1165 275 1219 vindictum.
293 1165 325 1219 Et
338 1165 408 1218 item
424 1164 499 1231 aovi,
522 1163 597 1234 quod
612 1168 777 1234 praepotens
800 1179 830 1217 es
849 1163 880 1217 in
896 1179 955 1217 ma·

104 1255 248 1326 jestateb,
265 1257 293 1308 et
309 1257 340 1306 ut
363 1252 445 1318 velle,
466 1252 507 1306 ita
530 1251 583 1306 tibi
606 1251 734 1321 subjacet
756 1267 848 1322 posse.
872 1252 905 1306 Et
924 1267 957 1305 ex

109 1343 194 1414 hujus
210 1343 251 1397 rai
265 1358 321 1414 qna
336 1347 364 1396 ta
380 1357 451 1395 noro
463 1341 492 1394 in
509 1340 644 1395 omnibus
659 1341 840 1411 praepollere,
854 1345 951 1395 utcnn·

110 1448 167 1503 quc
187 1431 293 1486 fiducia
315 1429 439 1484 nascitur
456 1429 537 1494 mihi,
556 1429 624 1500 quia
643 1433 820 1498 peccatorem
844 1443 957 1498 semper

109 1519 265 1574 revocasti:
283 1519 331 1573 sed
353 1517 400 1571 ubi
413 1516 555 1587 justitiam
571 1521 650 1570 tuam
665 1515 769 1587 cogito,
788 1520 817 1569 et
835 1530 957 1570 examen

105 1607 209 1679 judicii
225 1606 266 1661 tui
286 1611 382 1660 mente
397 1611 549 1676 pertracto,
565 1604 642 1659 illico
655 1608 687 1658 ut
710 1620 774 1658 cera
788 1603 958 1675 liquefactus

109 1696 234 1751 tabesco.
249 1693 385 1765 Nunquid
397 1692 511 1764 justitia
523 1698 571 1747 tua
586 1691 757 1764 injustitiam
771 1692 874 1762 probat
888 1689 956 1747 tua‘l

1010 553 1069 609 gas,
1086 539 1136 610 qai
1156 556 1185 594 es
1200 544 1299 595 auctor
1325 541 1546 596 membrorum:
1572 546 1601 596 et
1624 539 1675 612 qui
1694 540 1764 595 auin

1010 627 1106 682 ulcera
1121 627 1206 691 vides,
1223 629 1331 684 eisdem
1343 630 1464 702 speciale
1478 630 1639 684 lomentum
1656 630 1718 700 ipsa
1742 645 1764 684 er

1010 732 1069 770 nes.
1085 718 1133 771 Pie
1148 718 1223 772 fieus
1244 725 1272 772 et
1297 719 1468 784 rinei-irors,
1491 719 1613 790 patiens,
1637 716 1764 789 langanir

1011 820 1098 877 super
1115 807 1240 861 malitias
1258 807 1408 862 hominurn
1432 807 1511 862 ratde
1526 807 1684 879 placabilis,
1711 822 1764 862 con

1011 911 1027 949 a
1040 895 1139 949 bestiis
1154 895 1243 966 erige,
1267 902 1295 951 et
1309 914 1325 950 a
1340 896 1498 952 latronibus
1519 896 1701 950 vulneratum
1728 896 1764 952 eb

1011 983 1175 1039 sericordire
1189 986 1261 1040 fove.
1292 986 1467 1041 Semirutum
1491 986 1609 1051 aedifica,
1631 990 1659 1040 et
1673 1001 1764 1040 corros

1011 1072 1096 1126 tineis
1124 1074 1326 1130 vestimentum
1352 1075 1465 1130 sarcire.
1490 1075 1520 1130 Si
1546 1074 1623 1129 eninr
1649 1075 1718 1130 fullo
1743 1090 1764 1129 st

1011 1160 1179 1216 vestimenta
1202 1163 1307 1218 iterum
1332 1179 1383 1235 per
1404 1180 1508 1235 aquam
1531 1163 1604 1220 valet
1627 1164 1657 1217 iu
1671 1163 1764 1218 decan

1011 1250 1086 1304 aliua
1101 1250 1257 1306 reformare
1273 1269 1280 1308 :
1297 1259 1405 1324 quanto
1421 1253 1514 1324 potius
1528 1259 1570 1321 tu,
1587 1252 1687 1306 artifex
1707 1251 1764 1307 bon

1012 1340 1239 1410 comparatione,
1257 1357 1303 1396 me
1318 1342 1341 1395 si
1362 1341 1485 1396 volueris
1506 1345 1587 1412 pates
1611 1340 1764 1396 mundaret

1013 1428 1090 1481 enirn
1107 1428 1174 1499 quia
1197 1445 1296 1484 omnes
1319 1429 1389 1484 velis
1412 1431 1504 1484 facere
1520 1430 1612 1484 salvos
1637 1432 1662 1495 (f
1676 1432 1745 1485 Tim.

1012 1517 1060 1571 sed
1074 1517 1140 1571 buic
1155 1522 1212 1572 tare
1235 1519 1421 1574 sanctissimae
1436 1519 1576 1573 voluntati
1601 1519 1642 1574 illi
1661 1520 1711 1590 qui
1727 1534 1763 1591 pe

1012 1621 1042 1660 se
1061 1605 1360 1679 praebentindignos:
1377 1608 1535 1663 secundum
1555 1624 1643 1679 opera
1664 1608 1742 1663 enirn

1012 1699 1062 1748 aut
1077 1694 1249 1750 devoramur
1269 1712 1286 1749 a
1306 1695 1398 1751 bestia
1411 1693 1435 1763 d,
1450 1700 1500 1750 ant
1515 1695 1703 1751 detrudamur
1716 1694 1764 1766 gel

109 1789 159 1838 ant
187 1781 290 1837 veritas
321 1787 369 1836 tua
397 1781 547 1834 mendaces
582 1779 722 1836 coronati
749 1779 882 1835 sanctitas
907 1754 1081 1839 luaBEcce
1104 1784 1181 1839 cuim
1205 1784 1313 1856 leprosi
1336 1785 1413 1839 illius
1428 1801 1525 1839 rocem
1545 1784 1696 1855 assumpsi,
1712 1783 1763 1856 qui

107 1871 222 1942 iniquos
236 1871 424 1924 remunerat?
437 1872 468 1923 ut
477 1885 523 1922 me
533 1867 677 1939 iniquum,
690 1868 823 1940 impium,
836 1873 865 1924 et
880 1883 958 1922 men·
1010 1872 1067 1942 jori
1082 1877 1114 1927 ut
1129 1872 1176 1928 ille
1188 1889 1233 1928 me
1249 1873 1342 1928 sentio
1361 1872 1506 1929 addictum
1518 1873 1603 1943 pesti.
1621 1873 1687 1928 bico
1708 1888 1764 1927 nau

107 1960 216 2023 dacem,
233 1958 409 2029 impunitum
426 1957 545 2011 evadere
561 1955 697 2012 credam?
712 1956 802 2011 ltbsit.
822 1957 883 2012 imo
898 1957 959 2010 siue

110 2047 289 2102 dubitatione
308 2046 471 2100 firmissime
493 2044 616 2110 credam,
634 2061 680 2098 me
700 2044 808 2099 similes
823 2045 880 2100 mei
895 2044 959 2099 adio

109 2137 261 2202 detestare,
278 2135 321 2189 vel
338 2133 484 2202 ulciscere,
505 2148 628 2187 summo.
656 2133 754 2204 Neque
779 2133 857 2187 enim
879 2137 960 2188 tene·

109 2223 170 2278 brae
184 2221 423 2278 communitatem
436 2222 573 2277 fruuntur
591 2221 663 2276 lucis
679 2239 687 2275 ε
702 2237 756 2276 uec
773 2222 849 2276 fetor
870 2221 960 2276 suavi·

110 2316 199 2368 tatem
213 2311 282 2367 boni
296 2311 371 2383 gerit
385 2310 490 2366 odoris.
510 2310 593 2375 Quod
613 2310 637 2364 si
650 2311 731 2380 juxta
752 2314 780 2365 te
803 2326 888 2365 nemo
909 2309 959 2364 ha·

111 2401 183 2456 bitat
199 2405 294 2456 mente
316 2401 468 2471 malignus,
484 2415 536 2454 nec
551 2400 586 2454 ad
604 2403 631 2453 te
645 2399 791 2469 pertinget
805 2397 862 2453 nisi
876 2399 960 2453 corde

112 2496 141 2544 et
167 2506 286 2560 corpore
308 2495 432 2555 sanctus,
449 2487 517 2559 quid
541 2488 575 2541 de
597 2503 643 2541 me
667 2487 759 2542 dicam
778 2503 832 2558 ego
851 2487 960 2543 fetidis-

112 2580 202 2634 simus
220 2578 327 2644 hircus,
346 2593 432 2649 quem
455 2575 608 2630 assiduitas
623 2575 722 2647 iniqua
738 2581 769 2631 ut
796 2575 919 2631 erudelis
933 2582 962 2632 et

113 2667 253 2722 acerrima
267 2666 383 2721 domina
399 2665 435 2720 ad
454 2664 648 2736 perpetranda
663 2663 744 2735 quasi
759 2663 898 2718 violenter
919 2668 961 2718 at·

113 2757 202 2812 trabit
219 2756 347 2811 scelera?
363 2755 437 2820 Quid
450 2755 480 2809 in
496 2758 575 2809 tanta
595 2751 771 2807 infelicitatis
788 2768 859 2808 mere
875 2752 962 2808 mise·

113 2845 156 2899 ria
167 2845 320 2916 proferam,
332 2843 390 2898 nisi
409 2848 442 2898 ut
456 2857 555 2896 omnes
571 2845 680 2896 sauctus
696 2840 746 2894 tibi
759 2841 811 2895 soli
823 2841 960 2913 aperiam,

114 2935 165 3008 qui
181 2934 255 2990 nosti
272 2934 369 2990 omnia
384 2939 538 3005 antequam
551 2932 638 2986 llautt

1014 1962 1049 2017 Si
1069 1963 1112 2015 uie
1136 1964 1255 2028 boariae,
1282 1967 1357 2031 potes
1383 1977 1424 2016 me
1444 1962 1578 2018 mundare
1600 1962 1710 2030 (narrt.
1734 1975 1762 2014 vr

1016 2049 1064 2103 Dic
1086 2049 1180 2114 verba,
1208 2057 1236 2105 et
1265 2050 1385 2105 curabor
1410 2051 1445 2106 ab
1468 2051 1522 2105 isto
1542 2053 1641 2105 morbo
1664 2048 1764 2104 lethale

1014 2138 1145 2209 nunquid
1169 2139 1333 2194 abbreviata
1357 2144 1399 2193 est
1427 2156 1530 2193 manus
1558 2145 1606 2193 tua
1635 2144 1666 2193 ut
1688 2138 1764 2193 salva

1014 2228 1122 2298 queas?
1147 2233 1196 2282 aut
1221 2227 1297 2282 auris
1320 2233 1368 2283 tua
1392 2235 1546 2299 aggravata
1570 2232 1622 2294 est,
1645 2231 1753 2281 utnon

1014 2316 1099 2371 dias?
1113 2316 1201 2371 Absit.
1219 2316 1275 2372 Sed
1292 2317 1457 2388 iniquitates
1482 2333 1552 2372 meae
1567 2315 1764 2386 multiplicatae

1015 2409 1043 2457 et
1072 2411 1189 2474 peccata
1217 2421 1281 2460 mea
1301 2411 1527 2476 aggravaverunt
1541 2421 1587 2459 me
1610 2404 1708 2459 nimis.
1724 2403 1762 2458 Pe

1015 2493 1103 2547 verba
1120 2508 1183 2547 mee
1197 2493 1324 2563 pondere
1340 2511 1390 2548 suo
1405 2510 1503 2564 pressa
1528 2509 1586 2547 non
1598 2492 1693 2547 valent
1707 2490 1764 2546 adl

1015 2597 1082 2648 gere
1102 2587 1191 2637 rectu
1215 2592 1234 2636 θ.
1262 2583 1309 2637 Dic
1332 2584 1404 2652 jam,
1431 2581 1561 2647 barinae,
1588 2583 1666 2646 Voto;
1687 2581 1760 2634 Dic:

1015 2669 1160 2736 probatum
1174 2675 1260 2739 taum,
1283 2676 1308 2725 et
1322 2671 1431 2725 ambula
1446 2670 1532 2740 (Joaa.
1554 2687 1580 2738 v,
1601 2672 1637 2736 8).
1665 2669 1714 2723 bic
1732 2683 1764 2722 m

1021 2758 1103 2823 Vade,
1132 2763 1157 2812 et
1181 2761 1299 2827 amplius
1322 2761 1382 2828 jam
1404 2761 1460 2813 noli
1482 2773 1591 2827 peccare
1614 2757 1704 2827 (toan.
1725 2772 1764 2811 vu

1016 2847 1089 2910 Quia
1113 2852 1142 2901 et
1173 2849 1245 2901 cutis
1272 2847 1366 2903 lurida
1394 2847 1547 2917 pristinum
1572 2847 1696 2900 colorem
1723 2843 1733 2881 ¹
1756 2861 1764 2900 ι

1016 2935 1085 2989 dum
1102 2936 1172 2990 selle
1195 2943 1278 2990 tuum
1297 2936 1426 2991 audivit:
1451 2943 1479 2990 et
1500 2935 1672 3006 paralyticus
1695 2950 1763 2989 mox

151 3027 176 3079 3.
193 3025 306 3091 Adesto,
323 3022 444 3078 bomine
459 3022 494 3076 de
510 3019 716 3076 sublimissima
730 3020 793 3075 salii
812 3019 855 3075 tui
884 3019 962 3091 sede,
982 3024 1069 3109 Cbus
1083 3024 1249 3094 ambulavit,
1273 3026 1342 3079 dnm
1365 3030 1514 3095 gravatum
1539 3029 1719 3095 peccatorum
1744 3039 1764 3077 st

116 3118 144 3167 et
155 3113 244 3168 libera
258 3129 303 3167 me
319 3112 354 3167 ab
366 3112 420 3166 isto
432 3110 481 3183 qui
496 3127 543 3165 me
566 3110 694 3166 furatum
716 3115 795 3165 tenet
809 3125 883 3164 saevo
900 3109 962 3164 dra⁶
1016 3129 1033 3167 a
1055 3117 1083 3167 te
1102 3125 1116 3168 e
1139 3114 1289 3168 dimissam
1311 3113 1467 3186 coguovit:
1494 3119 1521 3168 et
1539 3114 1668 3167 adultera
1690 3127 1755 3166 mox

115 3217 185 3256 cone
202 3218 208 3256 :
230 3201 298 3273 quia
313 3205 345 3254 tu
360 3202 438 3254 solus
463 3199 567 3254 fortem
584 3199 689 3269 ligasti,
711 3204 740 3253 et
754 3215 821 3252 vasa
839 3198 901 3269 ejus
915 3214 964 3269 pu

114 3294 208 3344 tenter
221 3287 366 3360 dirupisti,
381 3293 466 3359 atque
486 3303 520 3341 ex
537 3288 675 3341 lateribus
696 3286 842 3357 aquilonis
857 3286 963 3357 sapius

116 3377 261 3431 civitatem
280 3381 405 3431 sanctam
430 3374 483 3431 tibi
498 3375 570 3445 Regi
591 3390 696 3444 magua
710 3374 812 3428 fecisti.
835 3373 962 3442 AEdilica,

118 3466 248 3530 bomine,
264 3465 294 3519 in
304 3464 389 3518 corde
403 3478 467 3517 meo
479 3478 582 3518 urnam
598 3463 721 3516 candore
732 3462 797 3516 vitae
811 3462 962 3530 nitentem,

117 3559 144 3609 et
157 3568 251 3608 arcam
267 3552 296 3607 in
312 3569 368 3624 qua
387 3557 416 3606 tu
435 3551 563 3621 digneris
575 3551 741 3623 perenuiter
764 3551 893 3607 habitare
909 3568 915 3605 :
933 3554 964 3607 in

117 3641 294 3713 quajugiter
308 3641 380 3711 legis
394 3645 451 3724 ture
466 3639 569 3694 notitia
579 3640 682 3710 vigeat,
701 3643 729 3693 et
743 3644 811 3709 ate,
824 3640 874 3712 qui
899 3656 964 3696 vera

117 3733 162 3786 ria
176 3748 217 3798 es,
234 3746 383 3802 nunquam
398 3729 429 3784 iu
444 3729 526 3785 devia
547 3745 628 3783 mens
646 3728 708 3800 ipsa
721 3745 774 3799 per
788 3728 910 3801 abrupta
924 3729 966 3784 ia·

117 3821 208 3876 cedat.
235 3821 383 3886 Restaura,
403 3819 531 3882 bomine,
553 3818 667 3872 ruinam
687 3817 816 3888 corporis
840 3821 907 3883 mei,
937 3823 966 3873 et

117 3910 315 3964 mentientem
337 3909 467 3980 vigorem
491 3907 664 3977 redintegra,
691 3910 719 3961 et
742 3907 965 3961 innumerabiles

119 3999 233 4056 dolores
257 4014 329 4070 quos
349 3998 448 4068 lingua
475 4010 610 4050 enarrare
634 4011 693 4049 non
717 3994 800 4061 valet,
821 3995 965 4050 antidotus

119 4088 169 4142 illa
184 4093 235 4141 tua
245 4086 366 4140 aculeatis
379 4084 413 4139 de
427 4083 583 4139 visceribus
603 4083 721 4137 demat:
743 4099 809 4137 uara
829 4083 853 4137 si
864 4089 966 4139 cuncta

118 4174 235 4245 inques
256 4183 267 4209 ⁶
291 4172 400 4245 prorui,
423 4173 467 4226 vel
489 4171 626 4226 hacteuus
647 4172 738 4242 jaceo,
764 4171 859 4225 minus
878 4188 966 4243 parva

119 4264 230 4317 edicere
256 4260 339 4332 quasi
371 4259 567 4315 enumeranda
595 4258 723 4322 voluere,
758 4264 790 4314 nt
821 4263 849 4314 te
880 4262 965 4326 nosti,

1017 3200 1105 3255 erasit
1119 3201 1223 3270 (retal,
1245 3202 1314 3256 dum
1336 3207 1364 3255 et
1393 3201 1539 3273 praeterita
1560 3205 1587 3254 et
1618 3200 1764 3271 sequeutia

1018 3291 1080 3342 cata
1099 3304 1116 3341 a
1136 3293 1163 3342 te
1183 3288 1237 3343 sibi
1256 3289 1373 3343 dimissa
1394 3290 1531 3360 percepit.
1559 3289 1694 3360 Nunquid
1720 3291 1764 3341 est

1017 3377 1196 3445 rrottpecaare
1221 3375 1382 3447 tmirraeps,
1409 3379 1464 3432 uisi
1489 3379 1607 3432 alterius
1633 3393 1691 3431 non
1712 3391 1764 3448 pec

1019 3465 1053 3518 Et
1076 3464 1145 3535 quid
1167 3471 1210 3519 ast
1222 3467 1319 3521 aliud:
1348 3468 1419 3522 Tatta
1432 3467 1578 3536 probatura
1594 3472 1679 3531 tuum,
1696 3472 1721 3519 et
1739 3480 1764 3520 ar

1019 3551 1084 3619 nisi,
1100 3553 1186 3621 rejice
1201 3559 1347 3623 peccalum
1370 3560 1463 3622 tuum,
1481 3561 1510 3609 el
1534 3571 1586 3626 per
1601 3558 1764 3608 sanctornm

1019 3641 1085 3695 trita
1100 3641 1234 3713 deinceps
1253 3643 1352 3697 incede
1369 3643 1506 3715 vestigia?
1529 3643 1635 3698 Dixisse
1663 3641 1742 3696 enim

1019 3729 1140 3783 Domine
1160 3731 1236 3797 Jesu,
1253 3731 1352 3786 fecisse
1375 3732 1468 3787 esti)
1493 3732 1604 3787 felicem
1629 3746 1685 3797 me,
1710 3728 1734 3784 si
1763 3729 1764 3782 ἶ

1018 3817 1146 3888 aliquam
1163 3835 1260 3873 rocem
1285 3821 1390 3890 pectori
1409 3837 1504 3874 meaa
1526 3827 1554 3874 te
1570 3821 1718 3875 insonaret
1738 3817 1764 3872 iu

1019 3906 1098 3960 Tunc
1114 3906 1173 3976 jani
1190 3907 1281 3974 latus,
1296 3914 1364 3962 tuuc
1382 3908 1442 3979 jam
1458 3924 1584 3975 securus,
1601 3907 1741 3976 tuncjam
1757 3922 1764 3960 r

1019 3992 1098 4047 sione
1115 3995 1227 4073 Domini
1242 3995 1298 4050 mei
1314 3997 1480 4064 mundatus,
1496 3996 1640 4050 crederem
1656 4011 1703 4049 me
1721 4010 1764 4048 eu

1020 4081 1203 4137 fidelissimus
1224 4100 1330 4144 servus.
1354 4085 1422 4156 quia
1449 4100 1501 4138 uec
1516 4084 1552 4138 ad
1577 4100 1622 4138 me
1641 4083 1710 4137 talia
1730 4082 1763 4137 iu

1020 4169 1144 4240 fecisses,
1160 4172 1217 4226 nisi
1232 4173 1348 4244 mejam
1366 4174 1537 4228 mundatum
1554 4173 1662 4243 tibique
1685 4170 1764 4225 obedi

1020 4259 1177 4330 praescires,
1193 4260 1251 4315 imo
1264 4262 1414 4317 atenebris
1428 4262 1609 4316 educendum
1624 4259 1654 4313 in
1670 4273 1737 4312 vero
1759 4258 1764 4312 l

119 4350 206 4405 linem
238 4364 387 4419 nunquam
422 4363 502 4402 meus
526 4347 646 4418 accipiet
672 4363 776 4401 sermo.
806 4348 965 4404 Debueram
985 4350 1178 4418 beoaptares.
1198 4349 1268 4417 Fiat,
1285 4349 1413 4416 Domine,
1431 4348 1628 4405 misericordia
1642 4351 1692 4400 tua
1706 4361 1761 4417 sup

120 4439 198 4494 anim
213 4436 382 4509 singillatim
397 4435 609 4507 inexplicabilia
622 4435 752 4507 digerere
767 4435 845 4502 vitia,
871 4442 900 4492 et
914 4452 967 4507 pra

120 4541 293 4598 unaquaque
313 4540 387 4580 nova
410 4523 571 4596 specialiter
594 4527 621 4578 te
647 4523 802 4579 Dominum
825 4524 965 4596 flagitare,

121 4621 206 4687 atque
230 4620 329 4668 contra
352 4613 428 4685 ipsas
452 4611 655 4668 invalitudines
682 4612 853 4668 medicinam
877 4619 967 4681 tuam,

120 4709 202 4775 pater
215 4702 353 4775 piissime,
376 4701 541 4774 implorare.
558 4700 614 4756 Sed
637 4701 769 4772 nunquid
793 4705 825 4756 ut
840 4703 967 4757 medicus

120 4792 161 4848 ita
175 4791 324 4863 passiones
342 4789 470 4862 inspicis,
496 4795 524 4844 et
538 4805 596 4845 non
617 4789 708 4860 magis
734 4793 765 4843 ut
787 4789 903 4845 Creator
925 4806 968 4846 ra-

120 4878 425 4937 medialahorantibus
447 4879 603 4934 clementer
629 4876 784 4949 impartiat
815 4878 968 4934 Nesciunti·

155 5034 168 5060 ⁸
187 5025 249 5091 lfa,
264 5023 346 5095 bajas
360 5039 426 5080 sc...
444 5023 600 5078 adhibeant.

155 5099 168 5139 b
188 5097 249 5161 lis..
266 5099 426 5162 magestate.
443 5093 487 5149 Sic
503 5093 590 5149 etiam
607 5092 724 5166 Hispani
741 5093 893 5148 vernacula
912 5109 969 5148 ser·

121 5181 208 5221 mene
222 5165 343 5221 dicimus
355 5165 507 5234 magestad.

156 5246 166 5272 ⁰
185 5237 245 5305 ils,
261 5239 291 5291 ia
307 5251 368 5307 quo.

156 5308 170 5351 d
190 5309 250 5374 tia,
275 5307 434 5373 deseramur
449 5321 468 5360 a
483 5306 590 5362 bestia:
612 5307 707 5362 littera
725 5306 750 5374 f,
775 5321 828 5378 pro
842 5321 871 5372 a,
896 5304 969 5361 sicut

121 5377 261 5447 prossema
278 5395 285 5432 :
303 5378 496 5447 adprofemus.

157 5459 168 5484 ·
189 5449 209 5502 Ι.
229 5464 254 5502 e.
267 5451 315 5502 oia
326 5454 401 5502 recta
416 5463 422 5502 :
438 5447 495 5503 nisi
513 5453 586 5503 reeta
602 5447 718 5502 latinius
736 5447 832 5519 legas:
858 5447 967 5502 aenim

122 5521 150 5570 et
168 5534 187 5570 a
202 5517 231 5571 in
260 5518 404 5573 codicibus
430 5534 506 5589 sepe
528 5518 654 5573 Gatlricis
676 5519 783 5590 absque
808 5518 868 5573 ullo
882 5533 965 5590 repe·

121 5588 236 5644 riantur
250 5588 424 5645 discrimine.

1024 4439 1052 4488 et
1067 4434 1158 4506 dirige
1173 4436 1282 4491 vultum
1304 4443 1387 4492 tuum
1409 4437 1439 4490 iu
1455 4435 1668 4491 illuminatione
1683 4433 1763 4488 cordi

1023 4523 1146 4579 Ostende
1168 4524 1240 4579 mibi
1262 4524 1363 4580 faciem
1387 4530 1477 4591 tuam,
1507 4530 1536 4580 et
1564 4524 1699 4578 miserere
1728 4539 1764 4577 mr

1024 4613 1158 4667 omnibus
1187 4613 1412 4668 misericordiam
1437 4612 1587 4683 indigenti.
1626 4612 1705 4678 Ecce,
1736 4610 1764 4665 D«

1024 4715 1082 4754 nou
1101 4700 1193 4755 solum
1220 4701 1250 4755 in
1270 4718 1366 4772 opere,
1392 4718 1491 4755 verum
1515 4701 1601 4755 etiarn
1623 4700 1653 4753 iu
1681 4699 1764 4769 cogit

1024 4788 1104 4843 omni
1119 4790 1191 4844 bora
1213 4789 1327 4846 incida:
1345 4795 1373 4845 et
1396 4807 1431 4845 ex
1447 4789 1561 4861 quantis
1581 4787 1710 4859 partibus
1735 4802 1764 4841 m

1023 4879 1159 4931 suanterl
1189 4879 1301 4949 sagitte
1314 4896 1368 4935 nec
1390 4894 1520 4944 numero,
1542 4894 1593 4932 uec
1611 4875 1764 4949 perpendo.

1058 5019 1067 5056 t
1081 5020 1142 5088 llis,
1157 5023 1276 5093 pristina
1292 5023 1385 5077 catere.

1058 5092 1150 5157 alls,
1166 5093 1203 5146 ad
1218 5097 1251 5146 te.

1057 5163 1141 5229 lida,
1158 5166 1265 5218 Parcae.

1059 5232 1114 5288 ¹L.
1142 5236 1241 5304 atique
1264 5248 1372 5289 uoces...
1404 5235 1542 5287 insonaret
1570 5232 1679 5299 talasa,
1703 5229 1749 5284 val

1021 5319 1108 5359 oca...
1123 5307 1227 5370 infusa.

1055 5375 1062 5419 ¹
1098 5376 1127 5429 b.
1141 5379 1324 5441 ronsaaatar;
1345 5390 1425 5443 epra
1441 5389 1473 5440 u;
1488 5372 1561 5427 sicut
1580 5372 1666 5443 paulo
1680 5369 1758 5426 infra

1023 5449 1063 5501 ter
1084 5461 1136 5516 pra
1160 5447 1296 5500 redentor.
1317 5445 1389 5509 Quid
1410 5449 1506 5500 autern
1535 5447 1709 5508 consuantur,
1739 5458 1764 5495 rr

1021 5521 1134 5572 saunier
1156 5516 1210 5572 sibi
1228 5517 1305 5577 velit,
1325 5516 1427 5570 melius
1443 5531 1477 5569 ex
1492 5519 1637 5581 contextu,
1653 5525 1764 5585 querna

1023 5592 1082 5644 stro
1097 5587 1188 5642 disces
1197 5587 1414 5642 commentario.
