3930 6098
45 212 94 265 397

614 208 741 264 navant
762 205 999 265 tununnensis
1020 207 1217 265 CONFESSIO.

1744 214 1798 271 398

44 347 119 401 enlm
148 347 193 400 vel
223 344 360 401 titivilitio
390 343 506 417 quidem
533 344 673 399 testimari
702 344 786 398 debet
815 343 890 414 quod
910 343 1013 403 Aeolis
1039 343 1134 397 Alvori
1163 345 1352 425 colophonem
1386 346 1421 400 ab
1456 364 1489 400 oo
1523 348 1600 402 hunc
1633 349 1798 421 impositum
1841 361 1851 377 ·

43 416 360 489 pseudo-Luitpraodus
376 415 481 469 dixerit
493 414 534 486 lo)
555 415 659 469 obiisse
675 415 815 470 Cordubae
831 431 896 468 san-

45 495 120 543 etum
148 488 240 542 virum
262 486 415 558 patricium
436 488 572 541 Alvarnm
600 493 702 556 qrrarto
722 486 767 540 die
791 485 898 540 mensis

46 560 108 615 deii
122 575 182 612 arra
206 574 290 622 cuvrr,
308 558 411 613 Christi
431 573 497 611 vero
518 558 580 611 869.
597 556 787 621 Quantumvis
813 558 838 610 ci
855 563 896 608 te-

46 646 122 684 merc
147 629 267 684 credens
291 629 413 682 loannes
445 628 588 690 Tamaius,
614 626 815 698 Martyrologio
846 626 897 680 lli-

46 717 134 770 spano
150 701 263 754 haedis
283 701 325 753 uti
348 705 478 752 sanetum
501 698 649 752 invexerit.
667 699 731 752 llaec
750 704 817 752 srrut
841 699 896 750 To-

47 772 149 826 letanae
175 770 357 840 apotheoses;
379 785 444 822 nam
467 774 495 822 et
515 784 608 840 nuper
632 768 723 822 dictus
743 768 897 838 luitpran-

47 844 96 897 dus
119 841 171 913 (fr),
192 846 221 894 et
243 844 397 911 symmysta
417 839 479 910 ejus
497 840 627 894 Julianus
649 839 694 909 (c),
718 844 846 893 sanctum
869 841 899 892 et

48 912 206 967 sanctitatis
228 912 365 981 opinione
385 911 524 966 Cordubae
536 911 688 965 florentem
707 926 755 963 ore
772 910 897 963 rotundo

47 984 203 1054 appellant.
233 981 417 1037 0scitantiam
446 983 585 1036 loannem
612 980 721 1035 Tamaii
749 996 897 1050 uunquam

48 1056 113 1108 satis
142 1053 280 1108 demirari
299 1068 423 1123 possem,
454 1052 504 1122 qui
529 1067 594 1105 eum
619 1051 650 1105 in
671 1050 767 1121 elogio
784 1051 899 1104 dixisset

48 1126 78 1180 de
92 1125 209 1189 Alvnro,
227 1124 323 1183 fuisse,
340 1127 370 1175 ut
385 1123 502 1194 quidam
518 1125 648 1188 credunt,
676 1122 766 1176 sancti
786 1120 898 1192 Eulogii

48 1197 163 1250 fratrem
181 1195 270 1249 :inde
286 1194 316 1248 in
332 1196 414 1256 notis,
431 1209 481 1247 seu
500 1193 571 1247 actis
585 1192 657 1263 ejus,
678 1193 754 1246 hunc
767 1197 898 1246 nostrum

48 1267 222 1322 confundere
242 1281 299 1319 uon
325 1264 466 1320 dubitavit
489 1280 554 1318 cum
573 1266 685 1331 alvaro,
705 1263 816 1335 Eulogii
840 1263 896 1317 fra-

48 1344 97 1405 tre,
112 1337 165 1409 qui
184 1351 242 1391 uua
262 1351 327 1390 cum
351 1336 440 1389 altero
459 1335 608 1406 utriusque
629 1335 717 1388 fratre
738 1334 845 1388 Isidoro
867 1335 897 1387 iu

49 1407 201 1464 Germania
225 1407 398 1478 peregrinati
420 1411 509 1460 suut:
531 1405 685 1477 dequibus
707 1405 843 1474 Eulogius
867 1405 898 1457 io

49 1479 168 1550 epistola
184 1480 218 1532 ad
236 1477 434 1532 Wiliesindum
449 1477 708 1549 pampilonensem,
724 1481 756 1530 ut
768 1477 797 1528 in
817 1476 896 1529 Eulo-

49 1552 94 1622 gio
110 1550 246 1604 diximus.

953 414 1117 469 mirabundi
1133 416 1168 469 ad
1185 431 1314 469 animum
1327 418 1502 473 advertimus
1518 435 1525 473 :
1540 441 1551 469 ι
1570 420 1662 475 Unum
1675 424 1800 491 notabis,

953 487 1029 556 quod
1056 486 1121 538 licet
1146 486 1246 540 fratres
1275 493 1409 541 vocentur
1436 490 1510 543 beati
1539 491 1649 561 Eulogii
1679 494 1799 548 Alvarus

952 563 981 611 at
1002 555 1149 611 isidorus:
1171 573 1230 610 nou
1252 558 1345 611 earnis
1365 575 1450 625 nexu,
1466 562 1514 614 sed
1536 563 1716 618 contubernii
1737 565 1800 618 vin·

953 626 1016 681 culo
1039 627 1160 681 fuere.»
1191 627 1334 682 Iudicium
1359 629 1486 683 homiuis
1512 634 1721 701 nugacitatibus
1749 636 1800 690 de·

952 696 1017 752 dilil
1049 699 1099 768 qui
1128 713 1193 751 vere
1226 699 1312 752 semel
1344 698 1373 752 in
1405 716 1453 753 eas
1476 703 1621 769 angustias
1656 704 1798 773 detrusus,

953 783 1043 822 urium
1072 770 1266 840 eumdemque
1291 769 1327 823 dc
1350 770 1463 825 duobus
1489 772 1597 827 Alvaris
1617 775 1798 840 conficieudI,

952 839 1050 892 videns
1066 840 1137 893 forto
1154 841 1302 909 superiora
1323 855 1387 910 quse
1404 840 1580 896 laudavimus
1601 845 1696 899 Alvari
1713 847 1801 901 nostri

953 910 1034 964 Pauli
1049 925 1114 964 cum
1129 911 1248 980 Eulogio
1264 911 1407 978 amicitiae,
1432 928 1490 966 non
1506 913 1605 982 utique
1624 917 1800 986 consangui-

953 981 1060 1046 nitatis,
1086 982 1250 1034 testimouia
1267 997 1274 1035 :
1291 982 1407 1036 fratrem
1434 998 1498 1036 rere
1520 999 1689 1053 germanum
1715 987 1800 1041 Eulo-

952 1051 992 1122 gii
1008 1053 1129 1105 alterum
1144 1052 1278 1106 Alvarurn
1292 1053 1435 1120 abdicare,
1451 1059 1478 1107 et
1497 1056 1699 1124 acogootioue
1719 1057 1798 1111 illius

953 1122 1056 1192 ejicere
1072 1138 1130 1175 nou
1146 1122 1294 1178 dubitavit.

989 1192 1100 1264 Eulogii
1119 1198 1215 1247 autom
1236 1195 1297 1248 hacc
1316 1209 1380 1265 quac
1400 1194 1577 1264 subjicimus,
1601 1194 1740 1249 vindicias
1757 1212 1801 1249 se-

953 1264 1080 1318 cuudum
1108 1264 1268 1318 naturalem
1291 1267 1452 1336 utriusque,
1478 1272 1506 1319 et
1527 1266 1627 1320 Isidori
1652 1272 1680 1320 ot
1708 1266 1803 1320 Alvori

953 1350 1018 1388 cum
1043 1334 1162 1459 Eulogio
1187 1336 1392 1390 fraternitatem
1414 1335 1529 1390 decerni
1552 1337 1737 1407 praestabunt.
1772 1339 1803 1391 ln

953 1405 1072 1475 epistola
1096 1420 1113 1458 a
1157 1405 1363 1467 Wiliesindum
1386 1407 1414 1459 iu
1434 1423 1490 1476 qua
1510 1407 1545 1461 do
1571 1423 1669 1461 eorum
1696 1407 1725 1461 in
1750 1408 1801 1462 To-

953 1481 1026 1545 gatae
1038 1476 1132 1530 Gallia
1147 1483 1239 1546 partes
1255 1483 1368 1556 arrepto
1384 1477 1486 1532 itinere
1503 1478 1562 1548 ogit
1578 1494 1584 1532 :
1604 1500 1614 1526 ι
1634 1479 1711 1532 Adeo
1727 1479 1803 1531 utin

953 1547 1054 1600 exsilm
1074 1562 1148 1610 meo,
1172 1547 1276 1616 inquit,
1298 1548 1368 1600 nihil
1389 1554 1493 1617 preater
1514 1549 1697 1602 affectuosam
1718 1564 1802 1619 pere·

80 1623 181 1676 Caecrrs
194 1620 301 1690 'utique
324 1619 435 1689 estqui
461 1633 519 1671 non
544 1616 622 1672 videt
643 1618 777 1672 Alvarum
803 1617 897 1687 Ipsum
919 1617 1104 1687 ggriuorum
1120 1617 1253 1683 fratrum,
1269 1623 1297 1671 et
1319 1618 1463 1672 destitutae
1487 1617 1603 1673 familias
1619 1619 1804 1689 presentiam

50 1692 129 1746 fateri
145 1707 176 1745 se
192 1706 250 1744 nou
266 1690 324 1743 ullo
343 1689 491 1759 sauguinis
506 1690 554 1743 sed
576 1704 633 1741 ouo
653 1688 855 1742 familiaritatis
870 1695 898 1740 et

50 1770 156 1818 mutuae
186 1760 402 1815 consuetudinis
429 1760 543 1813 viuculo
577 1760 726 1829 Eulogium
765 1758 898 1812 habuisse

50 1835 101 1888 sibi
131 1833 299 1887 obnoxium.
323 1831 486 1885 Clarissima
505 1830 535 1884 in
563 1830 651 1885 Vita:
678 1833 731 1882 «A
762 1829 898 1900 primaevo

952 1689 1135 1758 suspirarem.
1153 1709 1166 1736 »ι
1196 1689 1350 1756 cujusnam
1380 1688 1520 1743 familiae?
1549 1690 1678 1743 Ostendit
1704 1689 1802 1744 infra:

954 1760 1074 1828 «Igitur
1093 1774 1158 1812 cum
1180 1759 1327 1828 proprium
1354 1759 1476 1812 revisere
1496 1775 1606 1825 arvum,
1624 1761 1679 1830 pira
1702 1761 1803 1814 matris

953 1829 1106 1894 Elisabeth,
1121 1846 1170 1883 seu
1186 1845 1317 1882 sororum
1332 1845 1449 1884 suorum
1473 1830 1577 1883 Nicolm
1592 1835 1620 1883 et
1640 1831 1803 1894 anullonis,

50 1904 248 1958 adolescentiae
276 1901 345 1955 flore
366 1901 511 1955 charitatis
538 1900 689 1954 dulcedine
715 1904 743 1955 ct
772 1900 898 1970 Scriptu-
949 1900 1131 1970 juniorisque
1147 1900 1241 1953 fratris
1262 1900 1369 1980 loseplr
1389 1905 1505 1971 urgeret
1523 1901 1756 1972 allectus:cogis
1772 1908 1804 1954 ut

51 1991 145 2029 rarum
171 1990 280 2040 amore,
316 1987 374 2026 uno
397 1973 509 2025 viuculo
535 1971 667 2025 concordi
692 1970 791 2024 innexi
813 1970 900 2039 hujus

51 2047 124 2113 vitae,
143 2050 211 2110 etc..
236 2044 368 2099 duximus
387 2041 531 2113 jugum·
554 2043 585 2096 tlt
608 2041 693 2107 infra,
719 2057 783 2095 cum
812 2040 900 2094 dixis-

52 2123 91 2171 set
117 2117 301 2170 consuevisse
331 2115 482 2182 Eulogurm
511 2113 621 2166 abbatis
647 2112 814 2182 speraindei
845 2111 901 2165 frc-

54 2193 191 2259 qoentare
206 2188 322 2241 domurn
344 2201 350 2238 :
370 2185 439 2239 «lbi
454 2200 530 2246 eum,
545 2183 649 2253 inquit,
662 2183 794 2253 primitus
807 2181 900 2236 ridere

54 2258 155 2326 merui,
168 2258 209 2311 ibi
225 2259 288 2327 ejus
302 2255 434 2310 amicitiae
454 2255 530 2308 dulci
545 2254 659 2320 inhaesi,
678 2254 720 2307 ibi
739 2253 781 2306 illi
799 2253 902 2306 indivi-

55 2331 106 2384 dna
119 2344 185 2383 som
200 2343 289 2381 nexus
313 2327 472 2382 dulcedine.
492 2346 506 2375 »
523 2325 556 2378 Et
573 2340 637 2395 quae
657 2330 825 2394 sequnntur.
844 2325 901 2377 Pu·

56 2407 130 2454 lasne
154 2415 310 2470 germanos
331 2400 432 2451 fratres
463 2396 502 2450 sio
530 2397 656 2466 potuisse
689 2398 760 2448 forte
787 2393 902 2447 fortuna

59 2471 173 2526 invicem
201 2469 257 2523 sibi
285 2473 367 2522 notos
386 2466 466 2521 fieri?
490 2466 546 2522 Sed
570 2481 667 2521 nonne
695 2466 757 2536 ipse
783 2467 902 2519 fllvarus

59 2540 294 2612 peregrinationis
314 2538 447 2592 meminit
471 2538 593 2592 fratrum
622 2536 756 2606 Eulogii?
775 2544 789 2584 u
805 2535 861 2590 Nec
876 2535 901 2588 ei

61 2612 164 2668 scilecit
188 2612 364 2664 monasteria
381 2609 482 2679 patria
508 2624 578 2677 snm,
600 2608 651 2676 ait,
677 2607 811 2671 invisere,
832 2606 902 2676 quin

63 2685 148 2754 potius
171 2681 321 2736 occasione
341 2681 459 2734 fratrum
485 2694 613 2744 suorum,
640 2677 690 2748 qrri
714 2678 783 2748 ipsis
803 2676 903 2730 diebus

65 2756 86 2808 iu
119 2753 244 2809 Francia.
276 2750 381 2806 fluibus
409 2750 589 2814 exsulabant,
620 2749 798 2819 indemptam
828 2748 902 2801 viam

67 2824 185 2896 arripuit.
203 2843 218 2874 s
246 2825 311 2878 llaec
339 2822 369 2875 in
391 2821 537 2876 Tamainm
568 2835 625 2874 non
651 2821 712 2874 sine
740 2819 807 2885 bile,
838 2834 902 2872 com

95 2968 119 3036 (a
140 2969 223 3022 Anno
239 2968 301 3022 859.

96 3038 120 3104 (b
147 3043 230 3093 Anno
242 3038 303 3098 846,
321 3051 350 3090 n.
366 3037 428 3090 tao.

953 1970 1045 2024 adhuc
1071 1986 1244 2037 remaneam,
1268 1986 1321 2024 nec
1349 1972 1418 2024 srois
1438 1971 1518 2026 abire
1543 1978 1727 2039 monentem,
1751 1972 1801 2026 sed

955 2047 1075 2111 utroque
1096 2041 1213 2095 vnlnere
1228 2057 1395 2109 percussum
1417 2058 1466 2096 cor
1490 2058 1586 2095 meum
1606 2047 1637 2096 tu
1658 2041 1718 2112 jam
1741 2058 1803 2096 mc·

955 2111 1015 2166 deri
1044 2127 1101 2165 non
1130 2116 1253 2182 poteras,
1279 2112 1325 2166 eui
1347 2117 1375 2165 et
1401 2113 1594 2182 peregrinatio
1620 2112 1754 2179 fratrum,
1778 2116 1807 2166 et

953 2181 1090 2237 desolatio
1108 2182 1328 2237 domesticorum
1355 2183 1557 2252 quotidianum
1576 2182 1735 2237 afferebant
1760 2183 1802 2236 la·

956 2261 1095 2307 mentum.
1113 2274 1127 2301 ι
1161 2258 1197 2307 At
1227 2254 1412 2323 quantumvis
1444 2255 1544 2308 demus
1573 2256 1674 2320 scotres
1707 2255 1741 2307 ab
1771 2269 1805 2306 co

957 2328 1112 2393 utrumque
1143 2323 1282 2394 appellavi
1316 2325 1443 2395 potuisse
1473 2324 1618 2379 charitatis
1649 2325 1802 2386 obnexum,

956 2395 997 2448 uti
1012 2400 1118 2463 putrem
1141 2402 1191 2448 aot
1204 2400 1318 2448 matrem
1336 2410 1502 2464 sororesque,
1522 2411 1574 2449 nec
1589 2395 1683 2449 minus
1698 2398 1802 2462 fratres

956 2481 1031 2535 saepe
1064 2465 1142 2529 alios,
1173 2465 1227 2518 hoe
1261 2472 1373 2519 tantum
1403 2472 1542 2536 respecto,
1568 2466 1702 2537 Eulogius
1728 2465 1806 2519 idern

955 2552 1069 2589 vocasse
1091 2536 1218 2605 legitur:
1241 2535 1300 2589 haec
1320 2537 1462 2591 exclusatio
1483 2537 1517 2591 ud
1534 2538 1621 2592 olium
1648 2552 1705 2591 nou
1720 2536 1806 2606 perti·

956 2612 1015 2672 net,
1038 2607 1145 2660 seilicet
1167 2607 1314 2675 utrarum,
1337 2607 1388 2677 qui
1414 2608 1449 2662 de
1478 2609 1597 2679 Eulogio
1628 2608 1747 2678 loquens
1776 2606 1806 2660 in

957 2678 1019 2746 ejus
1056 2678 1128 2736 Vita.
1162 2678 1204 2730 nti
1234 2677 1295 2748 jam
1324 2678 1459 2744 diximus,
1487 2681 1589 2745 fratres
1617 2677 1728 2749 Eulogii
1758 2676 1807 2731 Isi·

957 2749 1058 2802 dorum
1074 2753 1103 2802 el
1118 2748 1252 2803 Alvarum
1268 2750 1374 2820 inepte,
1392 2751 1446 2804 nisi
1456 2765 1609 2820 germanos
1625 2749 1805 2820 appellasset.

992 2960 1029 3028 (c)
1044 2960 1077 3014 ln
1092 2960 1235 3027 chronic,
1250 2976 1329 3016 num.
1346 2962 1408 3016 433.

316 3320 734 3482 ALVARI
788 3314 1552 3480 CORDUBENSIS

776 3555 1098 3663 OPERA

180 3734 215 3796 In
237 3734 335 3795 lucem
356 3735 487 3814 promum
507 3729 588 3792 editu
610 3749 649 3791 ec
669 3727 768 3790 coelice
793 3726 917 3820 Gothico
935 3727 1021 3817 olma
1045 3727 1191 3788 Ecclesia
1217 3727 1426 3797 Corelnocnar‘s,
1453 3727 1491 3787 oh
1516 3728 1692 3807 octingentis

824 3826 911 3868 uouts
925 3816 1046 3887 scripto.

613 3925 719 4007 ¹(Apud.
739 3940 848 4000 Floret..
866 3939 999 4004 Hispania
1015 3952 1097 3990 sacre
1112 3942 1176 3989 tom.
1191 3939 1245 4001 xl.)

830 4200 1057 4275 INCIPIT

333 4381 961 4533 CONFESSIO
1038 4380 1541 4527 navtur&

112 4722 212 4779 Incolae
228 4725 316 4791 Dens,
332 4720 494 4786 ineffabilis,
507 4719 776 4791 invisibilis,aqoo
792 4719 912 4784 bonnm,
933 4716 1019 4787 Cqui
1034 4714 1222 4787 corporalisl
1250 4730 1307 4769 ιιοιι
1340 4731 1380 4781 es,
1405 4719 1433 4769 et
1461 4733 1513 4786 per
1540 4716 1818 4791 incircumscriptam

85 4813 106 4863 et
117 4827 162 4882 per
183 4827 270 4885 qoem
283 4811 317 4865 fit
330 4809 523 4883 quodcunque
542 4808 631 4863 claret
645 4808 809 4874 honestum,
827 4821 914 4878 quem

84 4907 154 4949 nemo
168 4895 256 4967 digne
269 4907 370 4964 rogare
385 4890 469 4958 valet,
485 4895 514 4944 et
527 4906 614 4961 quem
625 4890 719 4943 omnis
731 4905 835 4955 sermo,
852 4888 917 4941 licet

84 4979 196 5056 indigne,
212 4997 314 5054 rogare
327 4980 429 5047 audet;
444 4979 505 5034 sine
521 4994 578 5050 quo
593 4978 665 5032 nihil
685 4983 737 5044 est,
762 4981 790 5031 et
811 4977 917 5048 absque

83 5085 128 5142 quo
141 5073 273 5144 impietas
288 5069 383 5126 omnis
397 5068 524 5139 procedit
543 5084 549 5122 :
576 5068 659 5134 fleus,
676 5067 727 5138 qui
745 5066 807 5121 sine
825 5065 918 5136 quali·

82 5165 129 5216 tate
142 5179 172 5216 es
185 5162 290 5228 bonus,
305 5161 366 5214 sine
382 5158 540 5230 quantitate
556 5172 687 5226 magnus,
701 5155 761 5209 sine
773 5154 828 5208 situ
843 5169 917 5223 pra-

82 5264 144 5321 uos,
174 5251 235 5306 sine
256 5248 396 5304 effusione
425 5248 526 5302 formas
552 5244 660 5315 ubique
681 5243 823 5298 diffusus:
846 5243 920 5295 Deus

109 5411 187 5536 dm
211 5409 305 5463 bnon
329 5421 409 5478 paro
424 5419 531 5459 nomen
555 5401 651 5457 Alvari
674 5401 808 5455 scribitur
822 5400 852 5455 in
867 5399 921 5454 hoo

81 5495 108 5536 co
126 5497 178 5536 roe.

970 4804 1158 4860 substantiam
1174 4804 1280 4875 ubique
1301 4819 1340 4858 es.
1363 4804 1415 4868 Qui
1430 4821 1543 4859 sursum
1561 4807 1710 4862 residendo
1733 4809 1817 4879 segis,

970 4893 1103 4949 deorsum
1124 4892 1296 4947 continendo
1317 4892 1391 4957 ades,
1420 4898 1498 4947 extra
1526 4894 1694 4960 circumdas,
1720 4896 1820 4949 infra⁰

971 4986 999 5035 et
1021 4981 1119 5035 omma
1144 4986 1320 5052 penctrans:
1350 4983 1423 5036 Deus
1448 4983 1498 5053 qui
1521 4984 1596 5038 mnla
1623 4983 1719 5037 omnia
1746 4983 1818 5049 odis,

971 5084 1062 5140 eaque
1077 5070 1187 5123 occulto
1203 5070 1330 5137 consilio,
1349 5071 1449 5142 utique
1464 5071 1552 5141 justo,
1567 5071 1739 5142 plerumque
1753 5086 1818 5140 per-

972 5158 1082 5213 mittis:
1099 5159 1172 5212 Deris
1192 5159 1240 5228 qui
1260 5159 1334 5212 sicut
1356 5161 1473 5227 malum,
1491 5160 1567 5230 quod
1584 5159 1655 5212 nihil
1678 5163 1730 5227 est,
1747 5158 1819 5224 odis,

973 5246 1145 5313 iubenum,
1165 5247 1241 5317 quod
1263 5247 1370 5318 aliqnid
1395 5253 1447 5313 esf,
1469 5262 1557 5302 auras.
1579 5247 1632 5310 Qui
1658 5263 1714 5300 uon
1740 5252 1823 5300 natu-

1011 5403 1099 5469 bills,
1116 5406 1291 5473 corporalem.

1012 5475 1116 5540 ‘lucsco
1130 5491 1183 5544 pro
1199 5477 1273 5529 lutra
1289 5475 1454 5544 frequenter
1469 5473 1544 5544 apud
1559 5477 1679 5527 veteres.
