3930 6098
58 270 93 326 29
596 273 643 330 ult
664 272 999 332 ennunstlnsrlottlt
1020 274 1090 332 bltl.
1110 304 1144 316 —
1163 272 1229 331 ills.
1250 276 1271 330 l.
1653 280 1656 284 '
1781 280 1816 336 30

56 402 186 474 improbi
205 403 419 470 convalescant:
444 417 495 458 cur
519 401 627 476 iniquis
652 405 697 459 vel
716 404 840 460 maxime
854 421 905 477 po·
924 406 947 462 tt
964 405 1081 477 placuit,
1095 421 1161 477 quse
1177 405 1309 462 brevitati
1335 408 1481 464 sufficient
1506 414 1534 466 et
1548 410 1676 466 divinam
1689 412 1812 485 gretiam

57 491 212 547 testatibus
232 491 367 547 universa
384 491 594 547 succumbunt?
609 493 720 548 Possim
735 493 853 563 quidem
868 510 912 550 ra·
963 495 1176 562 commendent,
1189 498 1217 551 ot
1232 495 1493 566 predestinationis
1507 498 1733 556 consiliumnon
1751 501 1811 556 abs-

59 579 240 636 tionabiliter
259 583 288 634 et
310 579 378 634 satis
402 583 565 634 constanter
588 580 692 650 dicere,
718 581 819 636 Nescio
837 598 845 636 :
862 597 910 637 se-
963 582 1097 639 cundant.
1111 584 1193 649 Quod
1207 582 1278 639 fides
1293 584 1402 641 donum
1419 586 1468 641 Dei
1490 587 1537 653 sit,
1549 591 1578 642 et
1592 588 1688 644 nullus
1711 593 1811 660 pereat

59 674 172 724 cretum
201 668 281 724 enim
307 668 460 724 consilinm
480 668 641 725 Divinitatis
660 670 773 741 ignoro.
800 670 911 726 Sufficit
963 672 1244 741 predestinatorum,
1261 673 1362 729 beatus
1376 677 1552 744 Augustinus
1581 676 1611 732 in
1635 678 1813 749 expositione

59 759 133 813 mihi
148 758 186 812 ad
199 773 293 812 canses
307 757 394 830 huJus
409 758 611 829 probationem
627 758 694 813 dicti
709 759 832 815 coelestis
846 776 910 814 ora·
965 761 1113 831 Evangelii
1126 762 1243 818 loannis
1259 763 1453 831 (lbactnxxn)
1464 764 1502 819 ita
1516 765 1685 821 confirmat:
1707 765 1815 840 [acre-

59 846 169 902 cnlnm.
186 845 291 900 Densa
313 861 355 914 se,
380 849 413 899 nt
430 845 534 902 libellis
549 847 746 917 superioribus
774 847 911 918 probavi·
965 849 1054 917 denti,
1069 850 1173 922 inquit,
1190 850 1220 905 in
1236 866 1302 906 eum
1317 851 1366 922 qni
1382 851 1521 923 justificat
1535 852 1668 925 impium,
1686 853 1809 926 depute-

60 951 136 1000 mus,
148 933 248 989 omnia
263 932 332 989 dicit
347 933 445 1004 aspici,
469 934 568 990 omnia
592 935 664 1007 regi,
680 935 780 990 omnia
798 935 910 1007 judica·
964 938 1176 1010 tnrlidesejus
1195 938 1392 1010 adjustitiam
1418 940 1509 1011 (Rom.
1538 957 1576 1009 vv,
1600 941 1664 1012 5)·‘
1702 944 1733 997 ln
1758 944 1813 1000 hoe

59 1023 95 1078 ri.
116 1023 148 1078 Si
172 1023 246 1076 scire
273 1022 314 1076 vis
341 1022 412 1094 quid
438 1023 596 1077 tenendum
623 1023 659 1078 sit
683 1024 770 1078 habes
800 1025 911 1078 litteras
964 1040 1050 1096 opere
1060 1025 1197 1080 iaciamus
1213 1041 1300 1096 opere
1319 1026 1433 1094 Christi,
1450 1027 1519 1099 quia
1535 1034 1563 1082 et
1588 1028 1683 1098 ipsum
1698 1031 1812 1086 credero

60 1128 166 1167 sacras.
195 1109 322 1166 Perfecta
344 1110 418 1166 ratio
444 1115 487 1165 est
503 1110 558 1165 hoc
572 1115 669 1166 tenere
692 1112 771 1183 quod
796 1113 909 1184 legeris.
964 1113 995 1168 in
1008 1114 1130 1179 Christo,
1145 1130 1218 1186 opus
1233 1120 1275 1169 est
1299 1115 1417 1170 Christi.
1444 1117 1503 1170 lloc
1522 1120 1658 1188 operatur
1685 1117 1714 1171 in
1732 1118 1814 1173 nobis

59 1201 123 1266 era
136 1215 224 1255 cansa
239 1205 335 1254 antem
352 1200 425 1254 Deus
443 1200 506 1255 haec
520 1200 555 1254 de
570 1199 674 1271 quihus
690 1200 846 1274 loquimur,
871 1201 912 1257 ita
964 1218 1024 1256 non
1040 1203 1139 1274 utique
1154 1202 1215 1258 sins
1233 1202 1325 1258 nobis.
1339 1204 1412 1260 dudi
1435 1220 1504 1275 ergo
1529 1205 1591 1276 jem
1608 1209 1637 1260 et
1659 1205 1811 1277 intellige:

59 1289 153 1351 iaciat,
170 1288 239 1342 nolo
263 1303 280 1342 a
302 1303 347 1342 me
363 1287 494 1359 requiras
511 1303 518 1343 ε
545 1290 631 1344 homo
649 1304 723 1357 sum,
740 1305 797 1344 non
822 1289 912 1345 intel·
966 1291 1045 1356 «Qui
1060 1292 1150 1347 credit
1162 1292 1192 1346 in
1204 1307 1259 1359 me,
1285 1308 1372 1363 opera
1387 1309 1452 1364 qnae
1467 1308 1521 1364 ego
1549 1294 1620 1349 facio
1637 1299 1665 1349 et
1688 1294 1749 1366 ipse
1768 1295 1814 1349 fa-

59 1379 132 1448 lig03
157 1380 269 1430 secreta
298 1376 348 1431 liei
374 1375 547 1448 investigere
574 1392 633 1431 non
658 1378 759 1442 audeo,
787 1382 816 1432 et
844 1378 909 1434 ideo
965 1379 1126 1453 cisthloon.
1143 1396 1200 1447 rrv,
1227 1379 1418 1451 inroratus
1440 1397 1494 1453 ego
1522 1381 1607 1452 facio,
1622 1381 1726 1437 deinde
1751 1381 1815 1452 ipse

59 1467 147 1520 etiam
163 1468 304 1519 attentare
325 1465 469 1520 formido:
486 1466 553 1537 quia
569 1481 602 1520 ex
625 1466 679 1520 hoc
702 1466 798 1537 ipsum
820 1483 912 1539 genus
965 1468 1281 1541 faciet;quiaieciont
1310 1469 1404 1524 faciat.
1427 1469 1495 1534 Quae
1523 1485 1621 1540 opera,
1638 1469 1693 1524 nisi
1714 1475 1747 1525 ut
1780 1485 1814 1524 ex

60 1555 143 1628 quasi
158 1555 308 1626 sacrilegae
327 1554 496 1610 temeritatis
525 1560 578 1622 est,
595 1555 619 1609 si
633 1555 698 1627 plus
726 1556 799 1610 scire
813 1556 912 1628 cupies
966 1557 1054 1628 impio
1065 1556 1158 1628 justus
1178 1556 1246 1611 llat‘l
1263 1559 1297 1613 llt
1312 1558 1419 1628 majora
1443 1558 1539 1612 borum
1552 1559 1646 1624 societ.
1673 1557 1813 1624 Quorum,
1841 1582 1845 1593 ι

60 1640 483 1714 quamsinaris.Snfllciattibi
498 1641 577 1713 quod
593 1643 694 1698 Densa
710 1643 911 1715 scagiacdis·
965 1643 1319 1716 obsecrolltunqnidnem
1335 1644 1465 1698 omnium
1481 1659 1602 1714 opernm
1621 1643 1724 1700 Christi
1753 1659 1814 1698 ma·

61 1730 180 1803 pensari
194 1734 299 1786 cuncte
321 1735 451 1786 testatur.
468 1730 541 1795 Quid
560 1746 607 1786 me
635 1730 805 1803 interrogas,
823 1747 911 1803 quare
964 1732 1136 1805 j0ralaciet,
1153 1731 1282 1803 quicum
1299 1732 1446 1787 timoreet
1465 1737 1590 1786 tremore
1616 1748 1696 1786 suam
1725 1732 1815 1803 ipsius

61 1821 134 1874 alter
146 1819 185 1873 sit
202 1819 303 1889 maior,
319 1819 391 1873 alter
413 1818 522 1885 minor;
538 1818 610 1872 alter
635 1818 733 1885 miser,
750 1821 823 1875 alter
848 1821 914 1876 bea·
967 1822 1087 1875 salutem
1103 1824 1253 1892 operatnr3
1269 1821 1344 1890 qood
1364 1819 1466 1891 utique
1478 1821 1508 1873 in
1520 1820 1580 1889 illo,
1606 1820 1729 1874 sednon
1753 1819 1814 1873 sine

61 1913 123 1974 tus;
137 1907 212 1962 alter
232 1906 325 1972 tortis,
341 1908 413 1961 alter
428 1905 579 1962 infirmus?
599 1907 660 1973 Qua
680 1923 765 1963 cansa
795 1909 912 1981 quidem
967 1910 1018 1965 illo
1035 1908 1162 1965 Christus
1176 1907 1328 1980 operaturi
1343 1909 1455 1978 (Philip.
1471 1924 1501 1974 u,
1521 1907 1575 1979 lt.)
1587 1909 1708 1963 Prorsus
1722 1908 1814 1979 maius

61 1997 122 2051 haec
137 1995 309 2051 lleusfaciat
323 2011 382 2049 non
394 1995 536 2068 intelligo,
549 1996 598 2051 sed
609 1997 645 2052 ad
660 1997 856 2068 plenissimam
867 2014 914 2053 ra·
967 1998 1021 2054 hoo
1031 2014 1091 2053 esse
1107 1996 1237 2064 dixerim,
1255 2013 1342 2068 quam
1358 2001 1401 2051 est
1419 1997 1522 2051 coelum
1537 2002 1566 2051 et
1580 1999 1666 2064 terre,
1691 2000 1719 2050 et
1738 2010 1816 2068 que·

61 2085 171 2139 tionem
187 2083 303 2139 abunde
326 2084 432 2139 sufficit
445 2084 520 2155 quod
537 2101 554 2139 a
572 2085 631 2140 Deo
645 2085 691 2157 agi
715 2087 769 2141 ista
793 2088 914 2142 demon·
968 2102 1082 2158 cunque
1101 2089 1258 2141 cernuntur
1273 2084 1303 2139 in
1318 2084 1389 2139 coelo
1412 2090 1441 2140 et
1455 2084 1485 2139 in
1505 2089 1590 2139 terra.
1613 2085 1721 2140 Coelum
1737 2083 1814 2139 enim

62 2179 132 2228 stro.
148 2173 230 2228 Sicut
245 2171 324 2227 enirn
342 2174 407 2242 plus
422 2178 465 2227 est
484 2173 558 2228 Dens
574 2190 662 2247 qnam
679 2175 774 2230 omnis
787 2176 915 2231 humana
969 2181 997 2231 et
1016 2181 1092 2230 terra
1111 2174 1290 2231 transibunt:
1312 2172 1583 2244 predestinatorum
1595 2177 1702 2235 aulem,
1724 2171 1754 2226 id
1773 2175 1817 2228 est

62 2260 145 2326 ratio,
160 2259 202 2313 sic
216 2259 282 2330 plus
297 2259 369 2314 mihi
391 2259 475 2315 debet
486 2275 547 2314 esse
575 2276 664 2332 quarn
690 2262 773 2328 ratio,
792 2262 869 2334 quod
897 2278 915 2317 a
969 2281 1069 2321 eorum
1084 2279 1157 2337 qnos
1172 2261 1295 2335 praescit,
1325 2263 1401 2316 salus
1429 2266 1456 2316 et
1476 2259 1644 2332 justificatio
1662 2274 1815 2330 permane·

62 2349 121 2404 Deo
135 2348 184 2419 agi
199 2352 300 2402 cuncta
320 2364 470 2419 cognosco.
490 2348 565 2403 Nihil
580 2364 648 2419 ergo
675 2349 818 2405 inhaere
843 2367 915 2423 opus
969 2354 1051 2409 hunt.
1064 2354 1096 2408 In
1125 2352 1181 2407 illis
1203 2355 1419 2422 tantumopera
1446 2349 1506 2417 llei,
1522 2349 1553 2404 iu
1576 2348 1621 2404 his
1654 2351 1750 2403 autem
1773 2350 1818 2402 est

63 2440 105 2493 eat
120 2452 231 2491 novum
247 2435 356 2507 aliquid
372 2436 483 2503 andire,
499 2435 567 2491 satis
581 2436 618 2490 sit
632 2452 685 2507 pro
701 2437 843 2493 universis
869 2454 915 2493 re·
969 2443 1056 2497 etiam
1066 2441 1161 2512 imago
1176 2438 1329 2512 llei.]ltem
1338 2438 1416 2510 qnod
1432 2453 1518 2509 opera
1533 2443 1696 2492 sanctornm
1709 2437 1816 2491 donum

63 2524 195 2580 tionibus
209 2528 310 2579 auctor
322 2525 406 2580 Deus.
430 2525 485 2579 Nec
499 2525 566 2580 licet
576 2530 608 2580 ut
627 2526 662 2581 de
674 2526 718 2580 his
735 2542 799 2597 qnae
816 2526 914 2582 divino
970 2531 1021 2586 Dei
1035 2531 1082 2598 sit,
1098 2529 1138 2585 sic
1156 2529 1233 2584 idem
1244 2528 1344 2583 doctor
1359 2527 1390 2582 iu
1400 2527 1501 2581 eodem
1517 2526 1590 2581 libro
1606 2528 1708 2591 (tract.
1725 2526 1817 2591 cxxxi)

64 2618 194 2685 aguntur
205 2612 326 2667 arbitrio
342 2611 419 2667 aliod
436 2612 513 2668 dicas
524 2614 646 2684 justum,
661 2615 738 2669 aliud
759 2615 919 2686 injustum:
970 2618 1130 2674 confirmat·
1141 2616 1271 2672 :sesicut
1283 2616 1393 2685 palmes
1408 2630 1467 2669 non
1481 2620 1577 2686 potest
1602 2615 1676 2670 ferre
1691 2614 1818 2669 fructum

65 2702 134 2774 quia
148 2700 325 2773 quidquido
344 2702 403 2757 Deo
418 2700 466 2773 ogi
479 2701 559 2756 vides
570 2692 916 2772 etqueconvinceris,·n²e·
970 2702 1246 2778 i''se'me'tipbb‘,‘niei
1256 2703 1394 2758 manserit
1414 2702 1443 2756 in
1460 2702 1517 2758 vite
1530 2718 1537 2758 ε
1552 2702 1591 2757 sic
1605 2718 1658 2757 nec
1676 2718 1737 2772 vos,
1761 2700 1819 2756 nisi

66 2805 147 2844 cesse
164 2789 281 2860 estplns
294 2805 382 2861 quam
391 2789 504 2860 justum
515 2805 576 2844 esse
589 2789 713 2844 fatearis.
731 2791 787 2844 Neo
798 2806 866 2862 ergo
881 2792 917 2846 ds
971 2796 1002 2851 in
1028 2810 1075 2850 me
1103 2776 1266 2849 manseritis
1290 2793 1385 2859 (doun.
1407 2806 1452 2857 xv,
1482 2791 1522 2862 4).
1544 2813 1557 2842 >s
1587 2792 1688 2862 Magna
1718 2791 1818 2863 gratiae

66 2877 263 2948 gubernaculo
278 2877 327 2932 liei
338 2877 539 2949 atqueJ'ndicio
549 2877 761 2948 expeditissime
771 2895 811 2933 ac
819 2879 916 2934 hstis·
971 2879 1193 2947 consmeudctio,
1204 2878 1305 2934 lretres
1324 2877 1380 2933 mei
1397 2878 1505 2932 :corda
1522 2879 1638 2934 instruit
1652 2879 1818 2947 humilium,

66 2967 140 3021 sime
155 2966 213 3021 dici
231 2970 353 3036 possunt
366 2980 373 3020 :
386 2981 480 3037 neque
497 2965 574 3020 enim
593 2968 813 3023 necessetate:
825 2969 920 3039 argu&
936 2972 957 3029 C
970 2952 1025 3024 orit
1035 2955 1165 3024 abstenir
1173 2968 1373 3039 superborum.
1387 2966 1457 3020 Ecce
1472 2967 1517 3022 cui
1529 2967 1552 3022 si
1567 2968 1674 3023 audent
1699 2983 1819 3039 respon·

68 3053 486 3125 mentisameprobetnrquod
497 3054 698 3126 hocipsoquia
709 3071 725 3110 a
736 3056 916 3123 lleodicitur,
972 3057 1067 3122 deant,
1083 3055 1161 3128 qni«
1178 3047 1344 3126 ignorantes
1371 3055 1421 3110 liei
1440 3054 1593 3126 justitiam,
1617 3060 1645 3111 et
1664 3071 1745 3110 suam
1766 3071 1819 3109 vo-

67 3142 281 3214 comprobatur.
312 3142 411 3214 ltaque
437 3158 502 3198 cum
531 3142 654 3214 legimus
680 3143 789 3200 dictum
818 3162 835 3199 a
860 3146 917 3199 lleo
972 3146 1062 3200 lentae
1084 3142 1268 3208 constituere,
1294 3135 1493 3213 justitiae‘llei
1520 3158 1580 3196 non
1605 3147 1671 3195 sunt
1697 3142 1820 3212 subjecti

66 3232 135 3302 quia
149 3231 270 3302 aspiciat
286 3231 397 3302 jugiter
410 3247 526 3286 omnem
546 3236 664 3296 terrem,
688 3233 743 3287 hoc
757 3232 820 3305 ipso
849 3249 916 3304 pro·
973 3233 1058 3304 (Rom.
1071 3247 1099 3299 x,
1111 3231 1148 3303 3).
1164 3251 1178 3280 v
1195 3232 1264 3285 Ecce
1279 3230 1326 3284 cni
1341 3229 1533 3300 respondeant
1554 3228 1609 3283 sibi
1623 3230 1778 3300 placentes,
1792 3232 1821 3283 et

66 3321 170 3375 bamus
200 3319 276 3390 qnod
306 3320 416 3390 aspicit,
440 3319 507 3391 quia
535 3320 662 3390 aspicere
686 3336 716 3376 se
738 3320 816 3377 dicit.
846 3323 918 3378 Corn
972 3322 1095 3379 adbona
1113 3334 1200 3391 opera
1218 3318 1350 3373 facienda
1367 3319 1456 3373 llenm
1476 3317 1530 3371 sibi
1546 3317 1738 3371 necessarium
1762 3331 1819 3371 non

67 3409 192 3480 legimns
214 3407 292 3479 quod
311 3413 393 3478 regat
411 3412 512 3462 cuncto
527 3424 591 3479 qnos
612 3407 688 3476 fecit,
716 3410 846 3481 hocipso
865 3426 919 3481 ap·
972 3415 1117 3483 putantes.
1145 3409 1245 3462 Nonne
1277 3406 1345 3462 huic
1372 3408 1509 3461 resistunt
1540 3405 1653 3461 veritati
1687 3406 1821 3461 homiues
1931 3438 1936 3443 -

66 3498 228 3568 probamus
242 3497 318 3567 qnod
332 3497 416 3568 regit,
444 3496 513 3568 quia
527 3513 557 3552 se
572 3512 672 3569 regere
700 3502 830 3553 testatur.
846 3498 919 3554 Cum
972 3503 1069 3554 mente
1084 3495 1223 3567 corrupti,
1244 3500 1272 3550 et
1297 3495 1411 3568 reprobi
1425 3494 1500 3549 circe
1514 3494 1612 3561 tidem,
1627 3494 1678 3567 qni
1700 3509 1821 3565 respon·

68 3586 192 3657 legimus
212 3586 289 3656 qnod
313 3585 447 3657 praesenti
474 3585 580 3656 jndicio
600 3585 733 3641 universa
762 3586 917 3659 dispenset,
973 3587 1052 3654 dent,
1066 3589 1095 3640 et
1111 3585 1269 3656 loquuntur
1280 3583 1476 3657 iniquitatem,
1495 3582 1641 3639 dicentes:
1658 3586 1681 3638 a
1697 3584 1754 3638 ileu
1767 3583 1821 3638 ha·

67 3674 120 3729 hoc
137 3673 203 3744 ipso
219 3672 335 3728 evidens
354 3677 397 3728 eat
419 3673 495 3743 qnod
517 3673 637 3744 judicat,
653 3674 721 3745 quia
738 3690 768 3730 se
788 3675 918 3746 judicare
973 3674 1084 3742 bemus,
1100 3672 1179 3744 quod
1206 3671 1339 3727 homines
1362 3688 1504 3740 somnae
1527 3671 1609 3726 nobis
1632 3671 1702 3743 ipsis
1725 3676 1820 3726 antem

67 3762 231 3818 confirmat.
256 3761 319 3816 Alia
346 3761 423 3816 enim
440 3761 546 3830 omnia,
574 3761 603 3818 id
619 3767 662 3817 est
677 3763 805 3818 humana
832 3764 917 3834 dicta,
976 3763 1054 3834 quod
1068 3761 1141 3832 justi
1156 3777 1265 3816 sumus.
1287 3760 1359 3826 Quid
1375 3759 1488 3815 dicitis?
1503 3760 1571 3830 quid
1586 3775 1637 3815 vos
1652 3759 1728 3831 ipsos
1741 3759 1820 3814 deci·
1917 3808 1920 3815 .

68 3848 251 3922 argumentis
264 3865 297 3904 ac
308 3849 429 3905 testibus
443 3853 542 3920 egent:
561 3850 610 3905 Dei
624 3855 722 3906 autem
744 3867 838 3907 sermo
858 3852 919 3924 ipse
972 3849 1059 3923 pitis‘l
1073 3865 1130 3904 non
1146 3853 1299 3903 assertores
1313 3848 1363 3903 sed
1387 3847 1612 3919 praecipitatores
1627 3847 1710 3902 liberi
1742 3846 1821 3902 arbi·
1925 3904 1928 3911 ,

69 3939 122 3993 sibi
133 3938 218 3993 testis
227 3942 271 3993 est
282 3955 290 3992 :
301 3938 542 4009 qoianecesseest
552 3938 692 4010 quidquid
699 3939 920 4011 incorruptave·
974 3939 1031 4004 lcii,
1049 3954 1083 3992 er
1098 3938 1155 3992 alto
1172 3935 1315 4002 elationis,
1344 3951 1396 4007 per
1422 3934 1519 3988 inania
1533 3934 1767 4004 presumptionis
1790 3935 1822 3989 in

70 4030 138 4081 ritas
152 4027 292 4098 loquitur,
302 4027 502 4098 incorruptum
512 4027 755 4084 sittestimonium
767 4027 918 4102 veritatis]
973 4027 1116 4100 profunda
1129 4024 1345 4080 submersionis.
1361 4024 1469 4093 Nempe
1490 4038 1543 4076 vox
1560 4026 1652 4076 vestra
1675 4022 1821 4092 estquod

102 4115 200 4170 ltullis
228 4114 317 4186 igitur
344 4115 553 4171 catholicorum
587 4117 736 4172 doctorum
770 4117 921 4173 sententiis
974 4117 1062 4172 homo
1077 4130 1111 4169 ex
1131 4113 1284 4184 semetipso
1310 4112 1377 4168 lacit
1394 4110 1560 4182 justitiam.-
1581 4109 1636 4165 hoc
1661 4114 1705 4165 eat
1732 4110 1820 4164 altum
1926 4160 1930 4179 ·.

72 4203 219 4257 credimus
243 4204 435 4274 approbatum
456 4206 608 4273 mundum,
635 4211 665 4261 et
693 4206 826 4261 universa
854 4223 920 4279 quea
975 4204 1109 4260 elationis
1134 4205 1248 4269 vestrm:
1274 4202 1323 4257 sed
1351 4201 1455 4255 veritas
1469 4199 1659 4255 contradicit:
1678 4221 1692 4249 (ι
1711 4199 1821 4254 Pulmes
1924 4250 1936 4281 .·

73 4295 200 4361 agontur
226 4291 258 4345 in
286 4292 404 4358 mundo,
433 4292 530 4348 divina
554 4293 766 4364 dispensatione
793 4294 867 4365 regi,
893 4299 921 4349 et
977 4295 1142 4363 nonpotest
1160 4291 1235 4345 serre
1254 4289 1377 4345 trucium
1395 4289 1590 4360 asemetipso,
1606 4288 1661 4343 nisi
1685 4288 1823 4343 manserit

71 4378 248 4447 judiciorum
273 4380 335 4451 ejus
364 4385 471 4437 stalera
509 4381 646 4452 appendi,
674 4382 831 4437 secundom
871 4398 922 4437 vo·
975 4380 1242 4449 invitationem,
1269 4377 1306 4448 4).
1324 4396 1337 4429 v
1354 4378 1395 4431 lte
1414 4377 1702 4449 nuncperabrupta,
1720 4380 1822 4431 etnon
1929 4364 1946 4435 ,'·

72 4468 192 4523 luntatis
212 4469 274 4538 ejus
293 4469 445 4525 consilium
469 4469 619 4525 moderari.
641 4470 719 4534 Quod
749 4470 774 4525 si
795 4470 835 4526 ita
867 4477 919 4541 est,
974 4469 1112 4525 hahentes
1128 4468 1176 4523 ubi
1186 4466 1327 4539 ligamini,
1345 4470 1465 4521 ventosa
1478 4466 1650 4536 loquacitate
1660 4465 1819 4537 jactamini.
1929 4538 1935 4545 .

72 4555 129 4610 imo
144 4556 216 4627 quia
229 4555 271 4610 ita
287 4560 339 4617 est,
359 4557 424 4628 quis
437 4573 544 4630 negare
563 4562 699 4629 potestat
712 4559 870 4616 electorum
893 4563 922 4615 et
976 4559 1040 4612 llaec
1053 4562 1120 4611 sunt
1134 4556 1232 4610 inania
1246 4553 1480 4626 presumptionis
1496 4558 1607 4622 vestrae,
1623 4553 1672 4608 sed
1689 4554 1757 4626 quid
1773 4570 1822 4608 vos

73 4645 263 4714 reproborum
278 4644 399 4701 flnema
419 4647 475 4701 [leo
492 4647 580 4710 nosci,
600 4652 629 4702 et
644 4648 721 4717 quod
745 4647 780 4703 de
800 4649 922 4720 singulis
975 4650 1112 4717 sequatur
1129 4644 1232 4711 videte,
1247 4647 1276 4698 et
1290 4643 1314 4697 si
1332 4646 1374 4698 est
1389 4641 1418 4696 in
1433 4641 1513 4697 vohis
1529 4642 1605 4697 ullus
1620 4657 1729 4712 sensns,
1754 4643 1822 4698 hor·
1924 4602 1948 4703 ‚⁸

74 4749 171 4788 eornm
186 4734 334 4804 agendum
354 4733 398 4801 sit,
416 4734 585 4806 divinojam
600 4736 731 4790 examine
744 4736 921 4791 determina·
976 4739 1044 4789 rete.
1074 4731 1129 4798 Qui
1152 4731 1230 4786 enim
1260 4747 1276 4785 a
1301 4729 1456 4801 semetipso
1476 4745 1506 4785 se
1532 4729 1657 4785 fructum
1677 4730 1824 4786 existimat
1926 4732 1937 4819 [⁸

73 4827 131 4876 tum
148 4822 270 4876 haberi?
281 4823 358 4878 Sicut
370 4822 448 4877 enim
463 4823 543 4877 novit
556 4839 645 4894 opera
669 4824 860 4895 singolorum,
892 4824 922 4880 id
974 4823 1059 4890 terre,
1073 4821 1104 4875 in
1120 4820 1176 4874 vite
1196 4834 1254 4873 non
1269 4823 1325 4885 est;
1342 4817 1392 4889 qul
1407 4817 1503 4872 invite
1521 4833 1578 4871 nou
1597 4821 1648 4886 est,
1660 4816 1690 4872 in
1710 4817 1822 4872 Christo
1924 4822 1938 4889 ij

74 4917 114 4965 est
125 4911 286 4964 electorum
297 4914 327 4965 et
344 4909 545 4981 reproborum,
563 4910 603 4964 sic
618 4926 732 4982 quoqne
749 4927 802 4966 nec
820 4926 920 4966 nume.
975 4926 1035 4966 non
1049 4914 1104 4976 est;
1120 4907 1213 4979 quiin
1229 4906 1339 4962 Christo
1353 4921 1413 4960 non
1428 4910 1480 4972 est,
1494 4905 1672 4960 Christianus
1687 4921 1744 4959 non
1769 4907 1819 4957 est.

73 5014 256 5054 cumeorum
276 4999 401 5070 ignorat.
417 4998 599 5070 Quapropter
624 4998 650 5053 is
667 4998 719 5071 qui
741 4999 921 5071 singulorum
976 5001 1116 5056 ltaecsnnt
1130 4996 1273 5070 protunda
1287 4994 1491 5050 submersionis
1502 4993 1716 5049 vestratium
1736 4996 1822 5062 etque

74 5095 152 5144 actus
191 5088 330 5156 intuetur,
367 5087 418 5158 qoi
451 5086 540 5142 finem
569 5086 670 5156 aspicit
709 5087 920 5155 universorum,
975 5088 1062 5144 eham
1078 5085 1257 5141 considerate
1273 5083 1344 5156 quid
1371 5083 1464 5139 adhuc
1481 5081 1589 5138 Veritas
1616 5081 1762 5151 adjungat,
1793 5082 1823 5134 et
1925 5098 1932 5163 ,·

75 5178 123 5247 qui
147 5177 231 5232 novit
259 5175 330 5248 qnid
354 5176 476 5248 singulis
504 5175 655 5245 retribuat,
681 5176 740 5248 jam
778 5176 855 5246 apud
891 5190 921 5231 se
976 5177 1067 5232 dicat:
1085 5197 1100 5226 «ι
1117 5177 1174 5246 ligo
1194 5190 1269 5238 avim,
1294 5172 1398 5245 inquit,
1426 5171 1501 5237 vitis,
1528 5187 1577 5224 vos
1601 5165 1750 5237 palmites;
1770 5167 1821 5241 qni

73 5264 313 5337 praedestinatum
334 5265 422 5320 hehet
453 5264 524 5337 quid
548 5280 583 5320 ex
614 5264 654 5320 eis
687 5265 724 5320 eit
752 5269 867 5320 acturus
894 5266 923 5320 et
975 5262 1337 5333 manetinme,etegoin
1361 5276 1406 5328 eo,
1418 5260 1464 5316 hic
1475 5259 1529 5313 lert
1540 5257 1664 5310 fructum
1675 5257 1818 5315 multum:

75 5355 168 5426 quiin
190 5354 250 5409 line
270 5353 363 5424 gloria
379 5353 462 5424 regni
477 5354 631 5422 donentur,
646 5354 689 5408 vel
704 5353 754 5427 qui
769 5369 922 5425 poenarum
976 5353 1045 5425 qnia
1063 5352 1124 5406 sine
1146 5367 1193 5406 ure
1213 5349 1287 5405 nihil
1310 5347 1430 5419 potestis
1444 5346 1537 5400 facere
1556 5342 1649 5413 (tota,
1675 5343 1713 5414 5).
1739 5366 1753 5396 »
1782 5346 1822 5403 Ne

74 5443 215 5516 supplicio
230 5441 381 5498 ierientur.
400 5443 435 5498 Ut
445 5441 610 5498 antemhaec
625 5442 823 5499 manifestiora
838 5443 920 5513 flent,
975 5441 1263 5514 quisquamputarot,
1279 5438 1384 5493 saltem
1402 5446 1521 5505 parvum
1541 5430 1668 5504 aliquem
1697 5433 1822 5491 lrnctnm

75 5532 114 5587 de.
131 5529 390 5602 predestinatione
416 5534 579 5587 sanctorum
614 5532 746 5604 quedam
781 5531 923 5604 subjicere
976 5547 1060 5603 posse
1084 5546 1101 5586 a
1123 5528 1277 5599 semetipso
1304 5522 1453 5597 palmitem
1475 5517 1562 5590 terre,
1583 5535 1649 5578 cnm
1679 5522 1821 5585 dixisset:
1916 5544 1923 5579 ·.
