3930 6098
643 275 899 332 wauurtruttrt
918 272 1134 334 recurrens
1153 274 1311 333 hortem

316 414 412 483 Affra.
437 415 471 468 Et
495 417 584 468 sancti
608 414 734 470 cessioni
756 416 883 483 episcopi.
911 413 988 469 ute

316 501 451 557 dedicatio
466 505 567 557 sanctu
579 503 683 556 homa.

248 680 354 736 Christi
381 684 478 735 sancta
504 697 571 736 caro
597 681 752 736 aetheream
779 680 858 737 dedit
883 686 949 736 aute

792 768 926 841 [figuram
941 787 947 824 :

245 855 353 910 Proesul
370 860 398 910 et
412 855 457 911 his
479 855 574 913 Sixlus
587 857 686 913 Rome
719 863 884 931 martyrque
907 873 950 912 ce

231 1033 330 1090 tuxia
352 1036 381 1086 et
404 1032 605 1100 Felicissimae,
629 945 949 1107 1311111111οὲῑῖἱῖἙῖ

245 1207 305 1278 [llis
324 1224 440 1281 quoque
462 1216 641 1282 consurgunt
661 1211 793 1268 autumni
817 1122 950 1280 igme

849 1297 947 1369 [laeta]

282 1405 316 1456 et
327 1405 419 1458 rotule
434 1410 521 1460 siracti
535 1406 668 1460 Androsii
677 1409 817 1475 martyris.
845 1452 853 1472 ,

211 1494 226 1544 7
246 1489 383 1560 Septenas
403 1492 511 1563 pariter
533 1494 659 1549 Donatus
678 1501 705 1548 et
725 1494 792 1548 Afra
816 1492 946 1547 bearunt.

280 1596 314 1652 lu
339 1598 446 1661 Tuscia,
478 1602 589 1654 ciuitate
611 1599 720 1662 Arcem,
744 1601 837 1655 notate
860 1599 949 1654 sancti

316 1689 416 1742 Donati
443 1693 571 1760 episcopi.
593 1691 629 1744 Et
651 1691 743 1745 notate
768 1690 857 1745 suncti
879 1689 989 1765 Tou-B
1016 1689 1017 1692 ’

319 1778 394 1829 itini.

210 1879 409 1936 8AEthereum
434 1881 510 1937 senis
534 1887 669 1954 penetrat
697 1881 831 1955 Cyriacus
862 1882 951 1937 houn-

865 1969 948 2041 [rem.

282 2076 318 2128 lit
331 2079 361 2143 iro
375 2077 532 2133 Nicomedia
545 2079 638 2132 nutele
650 2080 816 2138 sanctornm,
832 2075 947 2134 iuliani,

318 2165 429 2220 Naeuii.

211 2270 226 2320 e
245 2267 393 2323 Romanus
414 2269 511 2341 quiuis
528 2275 644 2344 martyr,
662 2270 801 2342 milesque
815 2266 948 2337 refulget.

281 2373 313 2426 ln
323 2373 435 2443 ij‘unio
448 2381 536 2431 sorceti
554 2379 707 2432 Laurentii.
723 2377 813 2431 ltoeree
826 2378 856 2428 in
872 2375 949 2427 cimi-

317 2468 393 2527 terio,
423 2466 554 2537 depositio
581 2469 669 2522 suncti
695 2467 801 2520 11111111
823 2463 949 2533 episcopi.

318 2554 353 2606 lit
367 2558 455 2608 coacti
469 2555 584 2610 Martini
595 2556 745 2609 brivensis.

195 2659 229 2712 ltl
247 2656 360 2723 Quartis
375 2658 510 2714 Laurenti
532 2659 636 2715 merito
651 2658 825 2731 splendescis
840 2665 949 2730 optma,

245 2744 344 2815 lgnem
367 2747 416 2819 qui
431 2764 532 2819 passus
545 2753 683 2803 tortorem
699 2747 789 2803 vincis
803 2746 948 2818 iniquum,

281 2853 317 2906 Et
343 2856 372 2907 in
399 2857 445 2909 uio
469 2855 564 2926 Appia
583 2857 743 2911 Felicissimi
764 2859 789 2910 et
809 2855 948 2910 leonorii.

193 2942 222 2993 11
245 2939 345 2995 Tarnis
368 2940 478 3014 llosque
504 2944 646 3016 decusque
672 2942 753 3014 pium
774 2940 848 3012 petis
874 2944 950 2995 astra

804 3027 948 3102 [Tyburti;
969 3009 990 3066 C

246 3118 300 3173 llas
324 3123 352 3174 et
376 3119 513 3176 Gauricus
533 3119 679 3176 confessor
700 3118 830 3190 possidet
847 3117 950 3186 almus,

247 3204 379 3262 Rusticus
404 3222 435 3261 uc
461 3217 474 3243 ¹
501 3208 613 3263 Firmus
642 3209 784 3262 Veronam
811 3204 950 3278 sanguiue

313 3310 318 3319 ·
806 3293 948 3365 [lustrant.

195 3381 227 3434 11
247 3379 372 3453 hlartyrii
385 3384 511 3454 palmam
528 3383 620 3457 pridie
636 3384 715 3455 capis
738 3386 829 3455 Euple
846 3398 949 3455 percu·

246 3557 431 3629 Andreloque
464 3574 533 3613 suus
561 3561 574 3602 1
608 3560 714 3631 gaudet
741 3564 810 3615 tunc
842 3471 951 3630 Eraerntlyr

247 3731 342 3789 Edidit
365 3733 442 3790 hunc
471 3735 603 3808 Smyrna,
626 3735 760 3792 Rhodani
783 3648 951 3792 sedffilffiltlzssa'

814 3823 948 3896 [serrant.

279 3932 369 3986 ltomae
384 3933 476 3986 notate
495 3933 650 3988 sanctorum
664 3932 788 3988 Grisoreti
801 3934 827 3985 et
849 3933 948 3988 Dama.

196 4018 228 4071 13
248 4016 345 4071 ldibus
384 4017 570 4091 Hippolytum
604 4020 739 4074 comitem
781 4018 951 4075 laurentius

247 4194 299 4249 Pro
313 4193 425 4249 Christo
440 4194 524 4265 parili
537 4195 638 4266 recipit
653 4195 809 4250 certamine
822 4107 951 4268 powg?

246 4282 384 4353 Reginam
408 4284 527 4352 meritis,
541 4284 645 4341 virtute
666 4286 781 4358 fideque
800 4286 947 4344 colendam
966 4304 989 4359 p

246 4370 342 4425 Tellus
357 4376 420 4427 tum
432 4388 572 4428 venerans
583 4374 791 4446 Radegundam
806 4376 949 4448 Aquitana

764 4463 947 4535 [frequentat.

194 4547 227 4602 ll
246 4547 315 4612 Qum
334 4547 444 4603 decima
467 4555 495 4605 et
517 4566 595 4606 noua
616 4556 659 4607 est
682 4552 863 4623 Septembres
884 4556 949 4605 aute

795 4639 949 4711 [Kalendas

247 4723 398 4781 Eusebium
410 4726 509 4781 Romae
524 4727 616 4782 saucit
627 4727 809 4799 celebratque
824 4727 948 4783 beamm.

283 4834 316 4888 ln
329 4832 438 4901 Amce,
455 4835 549 4888 nutele
558 4837 647 4889 suncti
661 4835 789 4890 Demetri.

197 4925 227 4977 15
247 4921 351 4976 Octava
364 4927 394 4975 et
410 4920 521 4976 decima
536 4921 639 4976 muudi
652 4921 702 4978 lux
723 4919 835 4992 flosque
850 4920 947 4988 llaria,

245 5010 381 5080 Augalico
396 5009 530 5064 comitata
544 5011 633 5066 choro
647 5010 720 5080 petit
733 5010 841 5067 cethura
855 5009 949 5082 Virgo.

196 5104 228 5156 te
247 5099 401 5171 Septeuam
444 5099 606 5170 denamque
643 5104 722 5154 tenes
759 5097 878 5153 Aruulle
910 5115 952 5153 sa-

829 5187 950 5258 [cardos.

1181 416 1213 469 la
1240 415 1423 477 Atecondriu,
1448 416 1540 470 nutele
1565 419 1724 470 sanctorum
1744 425 1749 467 t

1218 506 1243 556 et
1256 503 1383 571 Aquarii.

104 598 167 650 hies
203 596 219 649 t
248 591 345 647 ldihus
368 592 477 648 octonis
502 597 623 647 mortem
638 608 757 665 passura
778 608 949 664 crucemque
1003 590 1067 643 bier
1087 591 1117 643 17
1147 589 1268 661 llertyre
1286 590 1428 646 sedecima
1441 590 1558 662 effulget
1581 591 1735 646 llammete

1181 697 1217 751 Et
1229 700 1325 751 octove
1339 697 1367 752 S.
1383 697 1527 752 Laurentii
1540 699 1684 766 llurtpris.

1095 784 1127 837 l8
1146 782 1286 853 Agapitus
1298 784 1429 854 quintam
1443 784 1582 839 decimam
1593 783 1749 839 certamine

1145 871 1280 941 (Erigone
1294 871 1341 926 hic
1356 871 1462 927 l‘hoebu
1476 872 1566 926 sociat
1577 889 1628 927 sua
1641 872 1735 927 sidere

1096 959 1265 1031 utmagnus
1301 963 1329 1014 et
1356 959 1483 1014 Andreas
1511 967 1614 1031 quarta
1639 960 1749 1032 denaqu

1712 1047 1749 1119 [rr

1144 1131 1257 1203 Septem
1274 1134 1432 1204 nonaginta
1452 1138 1481 1188 et
1502 1134 1655 1206 quingenti
1678 1135 1749 1191 comi

1144 1219 1222 1285 Quos
1244 1221 1352 1292 pariter
1380 1222 1494 1278 suncti:
1519 1223 1603 1277 simul
1627 1223 1679 1278 hos
1701 1223 1746 1279 bis

1666 1312 1749 1383 [sequ

1180 1410 1216 1462 ut
1235 1413 1323 1463 sorceti
1340 1411 1434 1478 Magni
1452 1413 1593 1478 martyris.
1617 1411 1749 1479 Appmiti

1217 1502 1265 1553 ctae
1296 1502 1393 1552 crucis.
1428 1499 1463 1552 Et
1494 1500 1586 1552 notate
1616 1498 1749 1568 Alpinius

1215 1587 1340 1654 sessoris.

1093 1685 1127 1738 20
1146 1684 1179 1739 Et
1200 1689 1313 1740 ternam
1335 1684 1462 1740 denum⁶
1490 1684 1643 1740 Filibertus
1664 1685 1749 1739 sance

1145 1861 1238 1916 Tertia
1253 1867 1319 1933 post
1331 1862 1435 1919 denam
1448 1863 1581 1921 Samuele
1591 1862 1720 1929 excellet,
1735 1772 1749 1916 a¹

1146 1949 1237 2015 Quem
1248 1951 1370 2006 Domino
1382 1950 1463 2005 cuuis
1475 1950 1597 2023 genitrix
1608 1950 1712 2005 devota
1720 1965 1749 2005 sa

1183 2058 1216 2111 ln
1237 2057 1420 2119 Alecandrio,
1445 2059 1538 2113 notate
1556 2060 1644 2111 suncti
1663 2059 1749 2111 uioso

1217 2148 1247 2198 ire
1270 2146 1399 2200 Toronico
1423 2150 1521 2208 cestro,
1540 2149 1629 2199 suncti
1650 2146 1749 2199 lloaim

1217 2235 1340 2300 sessoris.

1093 2323 1123 2375 11
1148 2321 1277 2392 llurtyris
1311 2320 1379 2376 binc
1415 2320 1546 2376 duodena
1577 2319 1683 2376 Privati
1710 2335 1749 2375 sat

1730 2407 1749 2480 [r

1181 2507 1214 2561 lo
1246 2507 1369 2561 Lucania
1396 2510 1538 2576 provincio
1574 2507 1667 2561 octale
1695 2521 1749 2560 sorr

1221 2594 1370 2660 Valentini,
1385 2595 1490 2659 Leonti,

1093 2689 1129 2743 11
1149 2688 1333 2745 Undecimum
1360 2690 1457 2746 Roma
1485 2690 1652 2745 Timotheus
1677 2704 1749 2762 passi

1147 2866 1346 2937 Eduntumque
1361 2882 1445 2921 suum
1470 2867 1595 2922 celebrat
1614 2866 1695 2937 plebs
1709 2776 1749 2964 SE

1148 3042 1328 3113 llaterquem
1338 3042 1449 3099 Christo
1465 3043 1572 3113 pariter
1584 2953 1749 3097 morituri:

1093 3129 1248 3185 ithacius
1282 3134 1310 3183 et
1338 3130 1510 3184 Ptolomeus
1537 3129 1640 3184 denam
1669 3129 1749 3184 virtu¹

1146 3305 1293 3362 Ornuntur
1314 3305 1433 3360 Rhemis
1459 3305 1635 3374 Timotheus,
1665 3216 1749 3377 Apgl

1093 3483 1129 3538 11
1148 3481 1376 3538 bartholomeus
1400 3498 1506 3537 nouam
1533 3486 1655 3538 exornat
1685 3481 1749 3538 reth

1729 3569 1749 3642 [¹

1147 3657 1300 3728 Indiaque
1315 3657 1430 3713 doctore
1445 3657 1494 3713 llei
1507 3657 1639 3728 coguovit
1654 3657 1749 3713 honor

1148 3745 1274 3800 Herculis
1296 3750 1324 3800 et
1340 3745 1440 3801 Bacchi
1452 3733 1562 3800 insanis
1581 3748 1627 3800 vix
1644 3750 1728 3802 eruta

1145 3835 1227 3888 Nunc
1239 3833 1321 3887 illum
1334 3832 1411 3887 fama
1421 3839 1464 3888 est
1477 3835 1556 3888 raria
1565 3850 1618 3905 pro
1629 3839 1706 3890 sorte
1717 3851 1749 3890 se

1146 3921 1266 3976 AEoliam
1281 3921 1413 3993 Liparen,
1425 3922 1579 3978 Beneventi
1589 3923 1749 3995 ettemplat

1144 4009 1215 4064 Tum
1244 4026 1360 4082 quoque
1390 4011 1509 4066 Genesin
1535 4012 1700 4083 resplendet
1729 4029 1749 4067 n

1732 4100 1749 4171 [t

1145 4186 1319 4241 Arrdoeuum
1339 4190 1460 4258 tumque
1485 4185 1566 4256 pium
1581 4184 1749 4258 liothomag

1181 4377 1216 4430 lit
1244 4380 1334 4430 soracti
1357 4375 1474 4432 Genesii.
1492 4378 1528 4430 Et
1550 4378 1638 4430 suncti
1656 4376 1749 4445 Appio

1215 4465 1245 4518 sb
1267 4467 1327 4519 teri.

1092 4555 1126 4607 25
1145 4480 1329 4609 Οοίενονὴίοο
1337 4551 1436 4606 Arelas
1448 4551 1572 4606 celebrat
1582 4554 1619 4608 te,
1629 4552 1727 4604 sanem
1740 4551 1749 4604 t

1180 4651 1213 4705 ln
1228 4650 1342 4719 Spania,
1364 4651 1456 4705 notate
1473 4653 1628 4704 sanctorum
1646 4650 1722 4702 iusti
1745 4672 1749 4700 t

1218 4741 1296 4791 toris.

1093 4829 1128 4882 16
1147 4826 1279 4897 ldartyrio
1308 4829 1458 4896 septenam
1489 4824 1617 4879 lrenaeus
1643 4827 1672 4878 et
1704 4822 1749 4879 Ab

1737 4929 1749 4966 ο

1184 5012 1282 5072 donec,
1305 5014 1334 5064 ire
1354 5011 1509 5072 coemeterio,
1530 5009 1621 5063 aetate
1634 4911 1749 5064 sanctifi

1218 5100 1287 5155 sillae
1299 5102 1325 5152 et
1340 5100 1464 5152 lluuimi.
1481 5097 1606 5163 Quintini
1616 5100 1749 5164 martyris

1095 5195 1129 5246 17
1150 5191 1222 5247 ltule
1236 5196 1301 5245 tuus
1311 5191 1440 5246 recolens
1453 5189 1579 5244 ostendit
1587 5193 1667 5244 sexta
1678 5187 1750 5245 triur

139 5335 294 5388 *Rusticus
325 5349 367 5389 ac.
395 5333 476 5388 lluue
494 5346 609 5387 rersum
635 5330 798 5388 addidimus
812 5349 827 5388 e
854 5332 953 5390 codice
1007 5335 1102 5392 codice
1117 5333 1218 5405 Regio,
1240 5338 1269 5388 et
1283 5332 1354 5404 quin
1370 5331 1541 5387 recentiores
1555 5331 1622 5396 siut,
1637 5328 1749 5388 handu

106 5401 196 5470 Bigot.

139 5475 153 5517 b
167 5473 344 5540 Andretoque
362 5489 439 5529 suus.
456 5475 538 5530 llunc
552 5473 638 5529 etiam
651 5488 766 5529 versum
779 5489 812 5528 ae
826 5489 953 5547 sequeu-

1007 5407 1106 5463 duhito
1123 5421 1129 5458 :
1146 5420 1214 5459 sane
1224 5404 1459 5458 wandalbertum
1476 5417 1534 5457 nun
1550 5402 1676 5473 sapiunt.

1042 5479 1103 5532 ⁸Et
1126 5480 1232 5530 temam
1257 5475 1362 5530 denum.
1385 5474 1435 5531 llic
1450 5489 1557 5531 versus.
1573 5472 1623 5544 qui
1641 5472 1672 5526 iu
1687 5469 1749 5528 surr

106 5544 163 5598 tem
189 5545 221 5598 a.
246 5545 276 5597 P.
303 5546 427 5599 Murteae
441 5545 590 5615 exscripsit
612 5545 739 5601 acodice
762 5545 855 5616 Bigot.
878 5547 954 5601 Uter·
1008 5551 1109 5614 exstat,
1126 5546 1283 5617 exscriptus
1295 5550 1338 5600 est
1353 5560 1369 5600 e
1382 5543 1477 5600 codice
1492 5543 1593 5614 Regio.

107 5627 163 5683 que
189 5628 254 5668 cum
279 5612 310 5668 iu
335 5614 419 5670 editis
439 5630 497 5671 uon
523 5620 625 5687 exstat,
640 5621 702 5674 tum
725 5616 812 5672 etiam
836 5616 954 5672 abesto
