3930 6098
47 263 105 318 43³
831 261 1025 320 EPISTOLAE.
1755 259 1809 317 4³4

79 402 132 455 tu.
156 399 240 465 Quod
262 415 328 453 vero
341 400 499 453 tirrencum
522 399 624 454 asseris
639 397 826 468 Evangelium
849 398 902 453 sub
922 403 941 456 Α
958 397 1033 452 viros
1049 413 1106 452 non
1126 413 1262 451 sensuum
1284 397 1403 452 veritate
1423 398 1558 469 gaudere,
1583 398 1633 452 sed
1655 396 1808 452 verborum

50 489 173 543 metrica
187 488 298 543 misisse
310 488 384 558 lege,
405 488 471 542 audi
495 488 549 542 boc
571 488 602 541 in
627 487 742 542 laudem
771 502 838 541 eum
859 488 900 542 fe·
957 485 1213 556 compositionibus
1228 486 1385 552 deservire;
1407 502 1500 558 neque
1523 485 1805 556 persimplicitatem

49 578 124 632 cisse
139 577 255 644 Christi,
275 582 309 632 ut
331 576 472 649 quidquid
494 592 528 631 ex
552 576 605 631 hoc
628 576 720 631 inesse
745 576 799 630 sibi
820 576 902 630 dole·
956 590 1071 629 currere
1087 575 1199 640 Christi,
1223 575 1272 629 sed
1295 590 1345 644 per
1363 580 1454 629 artem
1472 575 1618 632 liberalem
1644 574 1757 630 Donati.
1776 577 1807 633 ut

48 668 100 722 bat
122 667 282 733 sordidum,
310 683 364 737 per
386 666 501 720 laudem
526 666 577 720 Dei
598 667 753 735 pulchrum
769 665 903 720 redderet
957 662 1169 734 planctuncio
1191 661 1377 731 responsione
1402 677 1460 715 non
1488 679 1577 717 unum
1592 669 1704 717 tantum
1728 663 1805 718 diem

50 761 140 827 atque
162 757 315 810 excultum,
345 755 379 809 Et
403 754 472 827 quia
495 770 528 809 eo
558 759 626 809 tunc
652 759 780 823 tempore
809 754 902 824 magis
941 752 1101 813 desudem,
1131 751 1181 806 sed
1207 752 1294 805 tutius
1321 766 1393 804 meae
1417 756 1530 821 tempus
1560 751 1670 806 aritae.
1701 751 1805 809 Sensus

48 844 183 917 quisquis
207 844 337 899 versibus
372 859 491 914 operam
519 842 615 908 dabat,
644 848 764 912 propter
794 841 902 912 eloquii
956 841 1034 894 enim
1063 841 1197 906 hominis,
1227 856 1313 911 quem
1350 841 1428 894 Pluto
1459 839 1488 893 in
1517 840 1645 906 cerebro,
1676 840 1804 896 Christus

48 939 242 1001 venustatem,
256 939 286 988 et
298 948 349 1003 per
363 932 540 987 occasionem
558 931 792 998 dissertitudinis,
809 931 901 1001 genti·
957 929 1229 983 monstratincorde
1243 928 1305 983 baec
1316 929 1414 983 omnia
1424 928 1581 995 adinvenit,
1596 935 1625 982 et
1637 945 1694 983 non
1709 929 1757 982 ille
1767 928 1802 984 ob

47 1022 123 1076 lium
138 1021 279 1077 serviebat
294 1021 395 1087 errori,
409 1020 479 1076 dum
496 1021 624 1091 legerent
638 1019 900 1090 VirgiliiAEneidos,
957 1018 1088 1072 eadem-h
1113 1016 1247 1071 inuentus
1272 1017 1335 1071 luit.
1367 1017 1446 1072 Unde
1475 1016 1584 1088 liquide
1608 1020 1729 1084 constat,
1755 1018 1805 1087 qui

48 1110 548 1175 etllerentDidonemexstinctam,
566 1109 900 1180 ferroqucextremose·
956 1123 1072 1181 sensum
1101 1106 1256 1160 columen*
1284 1107 1369 1176 gerit,
1393 1121 1542 1176 uunquam
1568 1105 1686 1159 aliunde
1703 1105 1802 1159 suffra·

48 1204 158 1265 cirtam,
175 1196 901 1269 relspretaminjuriamlormae,ctraptiGauirue-
956 1195 1121 1266 giornartis
1148 1194 1305 1265 inquirere,
1337 1211 1424 1266 qrrem
1453 1195 1483 1247 in
1510 1211 1539 1247 se
1563 1193 1674 1266 sibique
1698 1194 1804 1248 iterum

48 1288 92 1342 dis
108 1288 382 1355 honores,tallacem
394 1291 501 1341 donum
513 1286 902 1351 ldinervae,etdolum.luno·
956 1284 1088 1356 praevidit
1114 1299 1183 1337 esse.
1206 1285 1256 1337 llle
1282 1283 1360 1338 enim
1386 1283 1489 1338 Donati
1513 1288 1623 1354 quaerat
1651 1282 1802 1352 auxilium,

46 1374 902 1448 nisiniquae3nehiserroribus,sordibusve,inquinarentur
955 1371 1255 1428 cuidchilitasiuticit
1274 1373 1406 1443 gradum.
1438 1372 1526 1426 Nubis
1553 1377 1650 1426 tamen
1678 1387 1802 1443 quorum

47 1465 216 1531 Christiani,
230 1464 474 1535 praevisum⁸est,
490 1463 650 1518 utmetrice
667 1462 805 1516 miracula
819 1479 901 1516 cane·
954 1461 1216 1531 Christus,quiest
1237 1462 1378 1532 sapientia
1400 1478 1478 1526 vera,
1502 1459 1629 1527 instruit,
1659 1461 1744 1529 fovet,
1773 1466 1802 1514 et

45 1558 115 1606 rent
123 1552 225 1607 Christi
237 1569 244 1607 ε
256 1552 394 1607 utinlecti
406 1553 522 1607 metrica
533 1552 693 1618 dulcedine,
706 1552 789 1604 simut
804 1557 833 1605 et
843 1567 900 1605 raon
956 1551 1050 1606 erudit
1059 1551 1251 1616 intellectum;
1270 1551 1382 1620 utquid
1399 1566 1450 1620 per
1465 1549 1618 1620 gentilium
1632 1549 1801 1619 vagabimus

46 1638 210 1703 mendacio,
227 1639 275 1692 sed
295 1639 413 1692 veritate
438 1639 562 1709 propriis
590 1638 775 1706 inhaererent,
801 1637 899 1691 melli·
955 1639 1086 1704 delubra,
1100 1654 1165 1692 cum
1182 1641 1293 1693 constet
1308 1644 1404 1692 nostra
1418 1638 1508 1692 totius
1520 1638 1715 1692 doctrinarum
1734 1639 1802 1692 fon-

48 1728 143 1782 tluum
163 1727 281 1782 libando
294 1743 437 1798 saporem,
454 1727 635 1781 ethnicorum
650 1731 818 1796 respuerent
838 1743 899 1780 sor·
920 1704 1030 1782 Btibus
1045 1728 1140 1797 opleta
1153 1726 1259 1781 vitalia.
1283 1728 1362 1782 Unde
1385 1726 1475 1781 sancti
1502 1731 1531 1780 et
1558 1725 1706 1796 apostolici
1737 1726 1802 1793 riri,

47 1817 159 1881 didam,
180 1816 456 1887 spurcissimumque
482 1816 623 1878 loetoreui,
641 1815 798 1869 secundum
825 1815 900 1885 quod
953 1816 1006 1871 etsi
1035 1832 1087 1886 per
1102 1816 1234 1886 peritiam
1264 1816 1365 1871 bonati
1395 1815 1446 1868 visi
1475 1821 1541 1868 sunt
1566 1814 1657 1884 loqui,
1682 1830 1741 1868 non
1767 1814 1802 1868 ab

46 1905 181 1961 Sedulius
209 1905 239 1959 in
263 1905 430 1976 praelatione
459 1905 555 1975 operis
570 1905 713 1960 Pascbalis
737 1904 899 1961 Calcidonio
955 1905 1058 1960 eodem
1077 1904 1209 1959 credendi
1225 1910 1292 1958 sunt
1312 1905 1399 1958 luisse
1414 1903 1556 1971 instructi,
1575 1904 1624 1958 sed
1653 1902 1687 1958 ab
1704 1902 1803 1973 coqui

49 1994 189 2066 prosatice
214 1995 263 2047 ait.
288 1994 370 2059 Quod
386 1994 448 2064 ipsa
468 1999 518 2048 tua
534 1993 683 2064 sagacitas,
709 1993 733 2047 si
755 1992 899 2057 maluerit,
954 1994 1008 2048 boc
1023 1994 1119 2063 ipsum
1135 1998 1221 2048 tenue
1238 1993 1332 2047 eidem
1346 1992 1488 2064 congessit
1511 1991 1621 2062 gentili.
1638 1993 1699 2046 Non
1722 1991 1801 2046 enim

50 2083 175 2137 iuvenire
197 2081 311 2137 valebit.
953 2083 1086 2152 apostoli,
1122 2087 1172 2136 aut
1200 2083 1361 2152 propheta,
1396 2081 1478 2152 quasi
1506 2097 1538 2135 ex
1576 2097 1662 2152 opere
1695 2081 1803 2150 regulis

85 2170 377 2236 Ouodautemnobis
399 2177 525 2225 vaterem
545 2170 711 2225 haereticum
733 2169 898 2240 Origenem,
954 2172 1150 2226 deservierunt
1179 2171 1323 2237 humanis,
1358 2171 1407 2225 sed
1439 2170 1563 2224 columi!
1594 2185 1679 2223 sensu
1709 2168 1802 2240 quali·

55 2260 229 2330 praecipuum
246 2260 393 2314 doctorem
409 2259 517 2326 dicens,
533 2259 564 2313 in
577 2259 776 2313 testimonium
794 2260 899 2331 produ·
955 2267 998 2315 ter
1020 2260 1190 2331 proterenda
1212 2266 1305 2314 esseut
1329 2259 1528 2314 instrumentis
1547 2258 1741 2329 previdebant
1764 2256 1803 2312 di-

57 2351 99 2415 us,
122 2364 211 2420 quem
236 2349 400 2404 aPatribus
427 2349 596 2402 damnatum
621 2348 682 2418 ipse
704 2365 762 2402 uon
786 2349 898 2402 nescis:
956 2349 1039 2405 vinis.

58 2440 121 2492 scias
134 2438 256 2508 meejus
283 2455 342 2492 non
361 2438 463 2493 terreri
488 2437 572 2491 dictis
592 2440 614 2498 b,
645 2437 731 2491 etiam
759 2437 782 2491 si
802 2443 900 2490 contra
991 2441 1033 2493 ll.
1050 2438 1129 2503 Quod
1145 2453 1210 2492 vero
1225 2442 1280 2491 tres
1303 2452 1407 2508 pueros
1422 2435 1491 2490 dicis
1508 2436 1725 2506 grammaticam
1749 2436 1799 2490 do·

61 2543 97 2581 ne
124 2528 293 2595 existerent,
322 2526 442 2596 potiora.
475 2528 538 2597 lpse
568 2527 645 2580 eninr
674 2531 717 2580 est
744 2525 794 2596 qui
817 2525 898 2590 dixit,
954 2526 1055 2591 coisse,
1079 2527 1170 2580 miror
1195 2531 1222 2580 te
1248 2526 1420 2595 prudentem
1447 2526 1594 2579 bominem
1616 2529 1674 2578 tam
1703 2523 1803 2579 leviter

10 2653 12 2657 -
61 2621 102 2669 lrs
117 2616 228 2687 magica
244 2615 315 2669 mihi
331 2631 389 2668 non
404 2615 516 2669 ridetur
532 2614 653 2684 alicujus
670 2614 710 2668 rei
739 2613 898 2667 subsisteu-
954 2615 1094 2686 opinasse,
1125 2621 1156 2668 ut
1179 2614 1359 2670 Chaldaicam
1385 2614 1565 2684 disciplinam
1586 2612 1801 2684 grammaticam

64 2705 90 2757 tis
106 2706 275 2759 vocabulum
289 2704 338 2765 sed
354 2704 415 2769 etsi,
432 2703 477 2769 sit,
500 2720 557 2758 non
578 2708 621 2758 est
635 2704 729 2773 operis
751 2702 830 2767 mali,
848 2717 900 2756 nec
953 2720 1074 2772 asseres,
1100 2719 1165 2756 cum
1203 2703 1391 2772 grammatica
1416 2703 1506 2757 Graeci
1536 2704 1655 2769 dicatur,
1686 2707 1714 2756 et
1741 2701 1802 2772 ipso

66 2793 128 2863 qaod
142 2793 245 2848 baberi
259 2792 349 2863 possit
364 2793 550 2863 contemptui.
579 2794 651 2847 Puto
672 2792 808 2845 levirum
831 2785 898 2862 pru'·
954 2793 1070 2847 nominc
1085 2791 1156 2845 facie
1171 2795 1254 2844 tenus
1271 2790 1340 2859 quid
1362 2790 1399 2844 sit
1419 2793 1546 2860 apertius
1561 2791 1723 2860 indagetur.
1747 2790 1801 2844 Ve-

68 2881 251 2937 ientissimum
272 2882 332 2935 haec
346 2882 380 2934 ab
399 2881 501 2935 eudem
517 2881 591 2936 dicto
608 2896 666 2934 non
692 2880 824 2951 probare,
856 2879 898 2933 rel
954 2896 1019 2934 rum
1042 2881 1110 2951 quia
1136 2878 1261 2932 editione
1278 2879 1440 2948 Symmachi
1460 2895 1513 2948 pro
1535 2879 1655 2933 Hebraea
1673 2895 1702 2931 es
1721 2895 1800 2944 usus,

68 2974 150 3024 cetera
163 2985 228 3040 qua
244 2968 274 3022 in
291 2967 372 3022 libris
390 2967 561 3023 Periarchon
577 2968 695 3039 digessit
711 2983 770 3021 non
798 2966 898 3021 dubito
917 2973 1039 3056 eatque
1055 2968 1136 3039 quasi
1157 2968 1263 3037 ignotis
1288 2967 1317 3019 in
1342 2967 1427 3021 aliam
1444 2967 1563 3019 alterius
1583 2967 1644 3020 loco
1665 2965 1800 3020 inducere

69 3061 86 3108 te
105 3057 255 3111 fortissime
283 3056 418 3110 refutare.
443 3056 538 3125 ldagos
562 3072 629 3109 vero
652 3055 715 3109 illos
729 3056 811 3109 valde
831 3072 896 3124 pro·
953 3074 983 3111 es
997 3057 1085 3122 visus,
1102 3056 1163 3125 regi
1181 3055 1444 3109 Nabuchodonosor
1454 3055 1567 3124 profani
1574 3053 1735 3125 jussionem
1749 3071 1800 3107 uo-

71 3144 155 3212 phetiae
170 3155 181 3179 ‘
195 3149 356 3199 commotos
378 3144 465 3198 luisse
480 3144 672 3197 certissimum
688 3149 739 3197 est.
759 3143 812 3198 Sed
829 3160 898 3212 pro·
952 3146 996 3200 bis
1011 3147 1041 3200 in
1055 3144 1214 3199 doctrinam
1229 3145 1366 3209 scrutans,
1379 3148 1406 3197 et
1417 3144 1493 3214 quod
1508 3143 1555 3196 ille
1570 3143 1667 3212 pueris
1682 3143 1800 3213 captivis

71 3233 177 3300 phetiaa
203 3235 262 3288 Deo
276 3233 319 3288 illi
337 3232 487 3303 inspirata,
514 3249 570 3285 non
587 3233 622 3286 ab
646 3238 707 3286 arte
728 3233 830 3286 hortati
853 3232 897 3285 in·
952 3235 1027 3295 fecit,
1046 3233 1127 3287 nobis
1142 3232 1238 3286 liberis
1249 3232 1504 3298 faceremandans;
1518 3233 1586 3285 audi
1599 3231 1667 3302 quid
1677 3231 1801 3285 indenu-

71 3328 143 3376 senta.
168 3321 364 3376 Debeselehcl
394 3317 418 3387 ι’,
436 3335 540 3390 nempe
568 3319 627 3373 tilio
653 3320 733 3385 Hirri,
761 3320 801 3373 lili
829 3321 897 3387 llor,
951 3320 1645 3391 sterHieronymussanctissimussentiat:Nota,
1663 3318 1799 3390 ait,quod

72 3409 107 3476 qui
132 3411 259 3481 repletus
283 3408 392 3464 exstitit
419 3408 516 3463 divino
545 3408 651 3479 Spiritu
682 3409 786 3476 (Euod.
810 3409 897 3479 xxxi),
952 3414 1026 3467 Deus
1038 3410 1150 3465 dederit
1165 3409 1269 3463 sanctis
1286 3408 1381 3479 pneris
1402 3409 1549 3463 scientiam
1569 3414 1598 3461 et
1619 3407 1799 3477 disciplinam

72 3497 122 3563 quid
135 3497 233 3568 cupias
254 3497 397 3551 allirmare
413 3513 470 3550 non
485 3495 625 3566 intelligo.
651 3496 787 3568 Nunquid
808 3496 866 3551 dixi
882 3513 898 3549 a
952 3500 1130 3553 saeculariam
1145 3499 1305 3553 litterarum
1317 3499 1431 3566 inJomni
1443 3499 1526 3563 libro,
1536 3515 1588 3569 pro
1600 3514 1657 3568 quo
1671 3497 1799 3569 Symma-

73 3583 112 3640 lleo
133 3585 304 3657 sapientiam
324 3585 396 3639 nulli
419 3586 570 3640 bominum
593 3586 701 3653 datam,
726 3591 776 3638 aut
794 3582 897 3653 negavi
952 3589 1021 3642 chus
1036 3589 1239 3659 interpretatus
1252 3591 1294 3641 est
1310 3593 1399 3641 artem
1412 3587 1637 3657 grururnatieam,
1655 3592 1687 3640 nt
1701 3592 1800 3641 cuncta

71 3688 163 3729 runem
181 3674 329 3729 scientiam
346 3692 362 3727 a
378 3675 541 3728 coelestibus
564 3675 654 3728 abso
669 3679 806 3727 creatura
838 3688 897 3725 suae
952 3692 1016 3748 que
1031 3677 1166 3747 legebant
1176 3677 1381 3746 intelligerent,
1398 3683 1426 3729 et
1438 3677 1541 3746 spiritu
1550 3676 1597 3730 hei
1606 3676 1640 3730 de
1652 3676 1799 3731 Chaldae-

71 3758 184 3829 lituum,
200 3767 233 3814 ut
248 3760 344 3830 hujus
366 3766 394 3813 ct
409 3761 488 3814 Eliab
504 3761 595 3814 lilium
612 3760 769 3814 Bacisamal
784 3764 805 3826 ⁸,
825 3758 897 3812 mihi
953 3782 1016 3820 rum
1033 3764 1151 3819 seientia
1164 3765 1337 3835 judicarent.
1354 3765 1389 3818 Et
1403 3765 1544 3835 siquidem
1559 3780 1608 3817 rex
1620 3761 1736 3834 gentitis
1751 3780 1799 3818 eos

70 3862 163 3905 tumes
190 3850 293 3921 gesta?
315 3849 375 3902 lm0
403 3849 492 3903 libere
511 3848 672 3919 profiteor:
695 3849 776 3904 Omne
802 3848 896 3902 datum
951 3870 1036 3908 causa
1051 3853 1220 3907 eruditionis
1238 3853 1273 3907 ad
1293 3854 1487 3907 scholasticam
1508 3852 1668 3906 doctrinam
1695 3853 1797 3922 posuit,

10 3994 12 3997 .
70 3935 155 4006 buum,
184 3944 211 3993 02
228 3952 305 3992 omne
328 3937 427 3992 dmm
444 3939 593 4007 personum
607 3937 788 3992 desursum
816 3938 897 3991 Patre
951 3943 999 3998 sed
1037 3944 1109 3996 Deus
1137 3941 1194 3997 illis
1223 3942 1256 3995 ad
1295 3942 1504 3995 convincendos
1542 3941 1684 4012 sapientes
1718 3941 1799 3996 Chal·

10 4091 13 4098 ,
69 4023 330 4097 tubantessettae.
348 4044 367 4091 ¹,
385 4026 429 4095 ¹7)
447 4042 453 4079 :
470 4025 824 4096 eth⁰011³fflq¹1⁰d011¹1m
843 4025 898 4079 fuit
950 4032 1078 4086 doeorum
1091 4030 1280 4100 multiplicem
1297 4030 1466 4101 sapientiam
1485 4029 1572 4085 dedit.
1596 4029 1798 4084 Animadverte
1841 4014 1845 4021 ¹

10 4166 14 4175 .
70 4115 217 4182 perlectum,
233 4114 341 4186 quiain
356 4114 466 4168 bonore
479 4113 633 4168 sanctuarii
648 4114 698 4168 liei
712 4114 819 4168 exstitit
829 4129 895 4167 con·
951 4119 1019 4190 quia
1035 4120 1107 4174 Deus
1119 4119 1196 4172 dedit
1211 4120 1250 4172 eis
1265 4118 1484 4188 intelligentiam
1501 4123 1529 4172 et
1544 4117 1703 4182 scientiam,
1718 4122 1751 4172 ut
1763 4118 1798 4172 de

70 4208 202 4258 sacratum¹
220 4203 355 4274 Nunquid
373 4208 463 4256 artem
482 4203 583 4257 Donati
597 4203 706 4257 donum
725 4202 832 4274 peteris
847 4202 882 4256 fir
950 4208 1152 4264 Chaldaeorum
1176 4207 1294 4260 scientia
1317 4208 1393 4276 ipsos
1422 4207 1559 4260 refutaret
1585 4205 1741 4261 Chaldaeos.
1766 4207 1798 4259 Et

10 4346 13 4351 ,
71 4303 128 4346 uara
149 4291 331 4363 perlectum?
351 4292 404 4346 Sed
421 4296 451 4346 ut
474 4293 652 4346 consentiam
666 4290 813 4346 sententiae
830 4297 895 4356 tuae,
916 4295 1109 4351 Dnetandum
1123 4295 1199 4365 quod
1216 4311 1272 4348 non
1288 4297 1322 4349 ab
1338 4295 1387 4349 illa
1406 4295 1556 4366 disciplina
1572 4294 1616 4347 vel
1631 4294 1665 4348 ab
1690 4293 1797 4349 eisdem

12 4418 16 4423 -
71 4376 98 4431 lu
113 4382 179 4451 qnia
200 4381 311 4436 donum
337 4381 374 4434 sit
397 4381 566 4450 perlectum,
583 4381 741 4452 datumque
766 4382 802 4435 sit
824 4379 896 4450 opti·
950 4383 1151 4456 deceptoribus
1166 4389 1233 4437 sunt
1248 4383 1334 4445 docti,
1351 4384 1431 4438 seda
1455 4384 1509 4437 lieo
1529 4383 1649 4453 decuplo
1672 4386 1738 4437 sunt
1752 4383 1797 4436 in-

10 4521 15 4529 .
72 4480 141 4523 mum.
157 4469 294 4541 Nunquid
313 4468 369 4522 dixi
384 4469 414 4522 in
430 4469 563 4523 omnibus
575 4475 603 4523 et
619 4470 646 4522 in
670 4469 767 4523 oninia
780 4469 896 4538 penitus
949 4472 1083 4526 lustrati:
1109 4477 1140 4526 ut
1155 4471 1298 4541 intelligas
1317 4487 1372 4524 non
1390 4475 1450 4525 arte
1470 4488 1519 4524 eos
1538 4472 1591 4526 hoc
1613 4471 1699 4525 luisse
1719 4486 1798 4525 asse-

10 4599 17 4632 ,
73 4558 226 4624 reprobum?
248 4557 384 4629 Nunquid
409 4563 549 4612 nonsont
576 4558 739 4612 haecverba
762 4556 896 4627 Epistola
949 4568 1041 4630 cotos,
1056 4561 1105 4616 sed
1126 4561 1174 4615 Dei
1190 4577 1320 4628 munere,
1348 4561 1382 4614 ad
1402 4560 1479 4631 quod
1503 4561 1695 4614 necessarium
1725 4565 1796 4627 erat,

10 4688 16 4721 3
73 4655 143 4700 ute:
163 4647 305 4701 «Sanctus
330 4653 357 4701 et
373 4646 542 4718 apostolicos
569 4647 717 4700 virosnon
743 4647 895 4701 verborum
950 4649 1113 4720 inspiratos.
1137 4649 1239 4702 llicunt
1261 4654 1416 4715 autem,ut
1443 4649 1483 4704 ait
1511 4649 1707 4719 Hieronymus,
1740 4665 1797 4703 non

74 4735 306 4804 conpositionibus
338 4735 493 4803 deservire,
525 4736 572 4790 sed
609 4751 746 4790 sensuum
779 4734 897 4789 veritate
951 4743 984 4793 ut
1016 4743 1184 4808 sequantur,
1214 4737 1261 4791 sed
1290 4743 1322 4792 ut
1345 4737 1486 4808 judicent,
1511 4743 1597 4810 atque
1617 4739 1794 4792 convincant.

10 4867 20 4885 ,
76 4824 192 4890 taedere,
217 4840 312 4895 neque
344 4840 396 4895 per
416 4829 507 4878 artem
533 4824 681 4879 liberalem
710 4825 821 4892 Donati,
848 4825 897 4879 sod
950 4827 1098 4892 Quomodo
1114 4826 1258 4894 quispiam
1274 4826 1410 4880 adversus
1434 4827 1650 4882 mathematicos
1674 4826 1797 4879 scribere

76 4919 109 4972 per
124 4912 333 4983 simplicitatem
350 4929 465 4967 currere
480 4912 594 4967 Christi.
613 4935 624 4962 ι
641 4912 670 4968 Si
689 4913 743 4968 boc
753 4914 896 4983 displicet,
951 4914 1100 4986 imperitos
1125 4916 1342 4969 mathematicos
1364 4916 1435 4970 risui
1459 4920 1556 4988 pateat
1571 4917 1594 4983 ¹¹,
1612 4920 1640 4969 et
1661 4915 1797 4967 adversus

77 4998 95 5046 tl
112 5000 221 5055 refutari
249 5001 342 5072 magis
373 5018 459 5074 quam
483 5002 565 5072 sequi
593 5003 696 5072 placet,
725 5002 897 5056 contrariam
950 5003 1139 5074 philosophos
1155 5003 1304 5072 disputans
1326 5005 1439 5074 ignoret
1453 5006 1587 5075 dogmata
1611 5000 1795 5075 philosopho-

77 5089 221 5144 sententiam
243 5089 359 5145 forma‘
373 5094 406 5144 ut
430 5089 518 5155 dicos,
535 5095 648 5144 sanctos
675 5094 704 5144 et
726 5091 897 5161 apostolicos
951 5108 1026 5147 rum.
1045 5093 1079 5146 Et
1100 5108 1165 5169 nos,
1187 5093 1444 5154 Reverendissime,
1459 5093 1674 5163 grammaticam
1691 5090 1731 5143 sic
1751 5088 1796 5142 di-

99 5246 148 5300 ⁸l.
161 5251 312 5318 prouisum.
987 5250 996 5285 ¹
1014 5251 1072 5314 lis,
1092 5253 1218 5318 sormam.

98 5317 177 5382 llis,
194 5322 294 5375 terrem
307 5318 390 5374 dictu.
987 5335 1002 5376 a
1020 5323 1081 5379 lis..
1104 5325 1241 5392 temporis.

10 5433 16 5441 .
98 5388 196 5466 ‘lugia
223 5389 356 5461 superins
392 5394 500 5459 notata,
535 5392 650 5447 Botcum
681 5393 825 5461 prophetia
860 5392 899 5445 le·
987 5393 1079 5458 hus,
1095 5393 1128 5447 ab
1144 5393 1259 5448 eosdem.

71 5459 189 5526 gendum,
987 5463 1011 5512 ¹1
1047 5463 1386 5529 hls.‚colomeu...cotome.

94 5529 150 5585 dh.
167 5531 207 5585 Dc
219 5530 367 5586 Beselehel.
989 5533 1066 5588 l‘Sic
1087 5535 1158 5590 forte
1189 5536 1375 5606 corrigendus
1404 5537 1446 5587 est
1472 5533 1569 5588 locus:
1597 5533 1747 5599 Quomodo
1774 5536 1797 5592 si

93 5600 254 5672 ‘Vulgataz
268 5601 462 5672 Ooticbfitium
482 5603 666 5658 achisamech.
950 5606 1095 5676 ,quispiam
1125 5607 1255 5661 aduersus
1283 5606 1485 5660 mathematicos
1510 5605 1633 5660 scribens
1652 5610 1799 5678 imperitus
