3930 6098
147 350 182 405 95
723 339 905 399 uernum
924 339 1153 399 CORDDOENSIS
1172 338 1329 398 nunaunt
1867 340 1901 393 aa

148 479 241 536 Verbo
253 482 370 536 anctore
384 476 558 546 tenduntur;
575 473 785 549 completisque
801 490 905 532 novom
916 479 1033 534 men-A
1052 475 1085 531 ln
1100 474 1221 531 homilia
1235 477 1278 541 26,
1294 474 1364 531 dum
1378 474 1555 547 propositam
1571 472 1696 530 solveret
1710 474 1899 546 questionem

148 567 227 624 sibus
241 573 342 624 venter
356 566 501 623 coelestem
515 565 663 622 bominem
676 564 750 620 ludit
766 580 773 620 :
789 568 889 621 natum
901 564 996 620 Domi·
1048 564 1245 638 quodcorpus
1268 563 1451 620 Dominicum
1482 562 1706 631 etverumiuit,
1738 568 1767 619 et
1791 564 1897 619 clausis

149 673 219 712 num
247 656 374 728 publicat
399 655 546 727 angelicus
561 670 666 710 sermo.
685 671 699 707 r
731 653 869 726 Diligenti
884 653 994 710 descri-
1044 653 1142 724 januis
1156 653 1191 708 ad
1207 652 1364 716 discipulos
1379 651 1522 722 introivit,
1537 652 1588 707 tali
1603 652 1656 707 sub
1672 652 1802 724 exempto
1818 668 1897 708 com-

148 745 245 817 ptione
260 759 346 817 quam
362 743 529 799 brevissime
543 747 711 816 prosecutus
725 747 778 811 est,
804 746 833 797 et
851 741 993 813 principia
1047 741 1190 813 probavit.
1209 761 1220 791 ι
1238 741 1311 796 illud
1340 741 1418 796 enim
1444 757 1549 812 corpus
1575 740 1689 796 Domini
1716 741 1845 797 introivit
1862 742 1897 797 ad

147 837 309 906 conceptus,
321 839 350 888 et
363 832 609 889 constructionem
624 831 788 900 soliditatis,
804 836 833 886 et
850 846 994 903 augmen·
1047 829 1201 903 discipulos
1216 829 1314 902 januis
1329 829 1443 899 clausis,
1460 829 1538 902 quod
1554 829 1686 886 videlicet
1701 830 1737 885 ad
1751 830 1896 886 humanos

146 927 208 976 tum
223 920 359 993 corporis.
388 910 527 977 tlensium
543 935 657 993 quoque
685 919 812 992 spatium
839 936 897 991 quo
916 919 993 974 intra
1048 920 1145 975 oculos
1161 934 1213 990 per
1235 918 1413 974 nativitatem
1440 934 1522 974 suom
1551 918 1647 973 clauso
1673 917 1741 974 exiit
1768 924 1893 974 utero.»

145 1015 254 1066 secreta
264 1009 371 1066 ventris
384 1009 525 1065 infantilis
542 1008 650 1065 coaluit
665 1023 822 1077 successus,
843 1007 909 1063 inde
924 1022 993 1077 pro·
1048 1007 1159 1064 Dicitur
1170 1008 1249 1080 quod
1268 1004 1514 1080 quemadmodum
1540 1007 1679 1063 Dominus
1701 1008 1784 1063 lesus
1811 1006 1895 1064 Chri·

144 1115 259 1172 gressus
272 1100 303 1154 in
316 1114 409 1166 auras,
426 1102 454 1154 et
471 1098 501 1154 in
513 1098 693 1153 nativitatem
708 1096 760 1152 Dei
775 1095 906 1168 angelica
921 1112 990 1151 con·
1047 1099 1107 1151 stus
1121 1102 1187 1169 post
1195 1095 1410 1152 resurrectionis
1423 1096 1547 1168 gloriam
1561 1097 1764 1168 cumcorporis
1777 1097 1895 1152 veritate

144 1187 286 1243 clamatio.
303 1187 371 1242 Vide
387 1187 513 1259 protecto
527 1186 665 1259 quoniam
678 1189 707 1241 et
735 1190 906 1257 conceptum
920 1183 990 1239 dici·
1046 1184 1235 1241 diversorium
1258 1185 1476 1256 discipulorum,
1507 1201 1566 1240 uon
1592 1200 1645 1257 per
1669 1185 1822 1257 parietem,
1842 1200 1896 1241 uec

144 1280 202 1342 tur,
217 1281 247 1331 et
265 1280 441 1346 concretum,
467 1280 495 1330 et
509 1274 616 1339 lusum,
631 1274 660 1330 id
672 1279 780 1331 estnon
799 1290 850 1346 per
862 1272 991 1345 peregri·
1045 1288 1097 1346 per
1112 1272 1231 1345 postica,
1246 1274 1294 1329 sed
1310 1289 1361 1345 pcr
1372 1274 1502 1345 januam,
1519 1290 1580 1329 non
1606 1279 1704 1330 tamen
1728 1279 1894 1341 reseratam,

145 1380 211 1419 nam
223 1365 415 1437 irruptionem
431 1380 589 1436 egressum,
607 1364 657 1420 sed
673 1380 724 1437 per
736 1363 912 1419 vestibulum
927 1379 992 1419 ven·
1044 1361 1257 1434 ingressusest,
1284 1362 1325 1417 ita
1347 1363 1382 1418 de
1415 1362 1516 1418 matris
1545 1362 1608 1418 alvo
1632 1363 1799 1435 procedens,
1836 1379 1896 1419 uon

144 1453 197 1508 tris
210 1453 359 1527 virginalis
378 1453 484 1510 tirsum.
1045 1451 1172 1522 aliunde,
1187 1450 1237 1507 sed
1245 1467 1298 1524 per
1314 1452 1436 1520 vulvam,
1448 1451 1575 1507 clausam
1589 1456 1697 1522 lamen,
1714 1452 1808 1508 crivit.
1822 1452 1897 1508 Dicis

180 1543 251 1598 Item
278 1543 309 1598 in
336 1542 392 1599 alio
423 1558 555 1598 sermone
575 1558 661 1615 super
689 1541 789 1597 eadem
818 1539 989 1596 nativitate:
1044 1539 1118 1596 forte
1132 1539 1236 1596 clausis
1249 1540 1284 1595 ad
1296 1540 1452 1612 discipulos
1460 1541 1558 1611 januis
1574 1540 1729 1596 Dominum
1744 1540 1893 1613 lintroisse,

144 1632 261 1687 «Natus
276 1647 345 1704 ergo
366 1632 505 1687 Dominus
521 1636 619 1688 noster
639 1648 673 1687 ex
687 1646 773 1686 carne
795 1630 924 1702 quidem,
940 1631 990 1686 sed
1045 1634 1212 1684 nontamen
1232 1644 1284 1700 per
1299 1628 1393 1683 locum
1411 1629 1580 1701 januarum,
1606 1629 1655 1684 sed
1670 1645 1722 1701 per
1737 1645 1896 1701 quamcun-

141 1735 202 1777 non
218 1736 251 1776 er
261 1721 445 1793 corruptione
459 1721 568 1777 carnali
584 1724 687 1776 :natus
702 1723 733 1775 ut
748 1720 846 1788 homo,
862 1719 912 1775 sed
931 1735 990 1775 non
1044 1733 1100 1790 que
1116 1723 1281 1790 penetrasse
1295 1723 1417 1790 partem.
1435 1717 1532 1773 Primo
1546 1716 1615 1791 quid
1636 1719 1671 1774 ad
1687 1718 1818 1774 divinum
1839 1719 1895 1774 mi·

142 1809 255 1880 genitus
272 1815 303 1864 ut
317 1809 415 1865 homo.
430 1811 483 1878 qlta
511 1810 635 1880 suscepit
661 1824 788 1869 carnem,
806 1814 839 1864 ut
865 1784 1025 1865 servaretB
1045 1807 1175 1863 raculunr
1198 1809 1307 1879 spectat
1329 1806 1433 1862 clausis
1460 1807 1540 1862 ostiis
1563 1806 1681 1863 aliunde
1707 1806 1896 1878 ingressum?

142 1897 299 1968 majestatis
322 1898 482 1966 honorem,
510 1902 539 1953 et
570 1897 609 1953 sic
645 1897 808 1970 segregavit
834 1897 991 1968 puritatem
1044 1897 1102 1952 Aut
1117 1895 1319 1968 quiddignum
1336 1895 1520 1968 evangelista
1543 1895 1807 1965 commendatione,
1827 1898 1895 1953 indo

141 1985 298 2043 nativitatis
310 2002 369 2042 suae
394 2002 410 2041 a
434 1986 595 2043 colluvione
623 1986 813 2042 concretionis
844 1985 990 2041 humanae.
1045 1983 1178 2040 introisse
1191 1984 1415 2052 Dominatorem,
1429 1999 1481 2056 per
1492 1984 1569 2056 quod
1577 1984 1713 2057 quislibet
1732 1984 1897 2056 ingressum

141 2075 256 2145 Peragit
269 2075 386 2147 quidam
399 2075 430 2130 in
445 2080 508 2131 ortu
524 2093 575 2130 suo
593 2077 710 2147 plenam
729 2074 856 2131 hominis
871 2074 992 2145 dispen-
1045 2073 1099 2129 sibi
1119 2077 1232 2146 poterat
1256 2073 1383 2145 reperire
1407 2072 1594 2129 mortalium?
1609 2076 1668 2128 aut
1696 2074 1895 2146 omnipotenti

142 2162 293 2228 sationem,
310 2162 359 2217 sed
375 2163 426 2218 Dei
440 2167 537 2219 umen
552 2179 612 2219 non
625 2162 751 2218 deseruit
778 2152 959 2234 dignitatem.
978 2183 989 2211 ι
1045 2162 1148 2218 sinihil
1159 2161 1677 2236 esseclausumquirctadintroitum,
1688 2178 1806 2221 curuon
1817 2163 1895 2219 idem

142 2251 227 2306 Vides
242 2267 258 2305 a
271 2250 354 2306 docto
370 2250 430 2306 viro
460 2256 489 2307 et
516 2251 696 2307 divinitatem
724 2250 788 2307 Filii
810 2250 871 2319 Dei,
888 2254 916 2306 et
933 2250 988 2306 ho·
1045 2267 1132 2323 super
1138 2253 1295 2323 januarum
1316 2251 1397 2307 aditu
1412 2251 1596 2322 suscipiatur,
1615 2255 1649 2307 nt
1660 2256 1689 2307 el
1709 2251 1765 2308 illis
1779 2252 1895 2323 clausis,

143 2353 237 2392 manre
252 2337 407 2395 nativitatis
422 2339 555 2396 ordinem
571 2339 727 2411 designavi.
745 2338 815 2396 Dicit
829 2338 907 2394 enim
924 2355 990 2394 curn
1046 2345 1173 2396 attamen
1187 2357 1238 2396 suo
1252 2340 1388 2396 adventui
1399 2339 1533 2396 reseratis
1546 2340 1582 2395 ad
1598 2340 1754 2412 discipulos
1769 2341 1894 2397 loratin-

144 2431 400 2497 natumsrxcarne,
423 2428 531 2484 scilicet
545 2429 581 2484 de
601 2428 738 2484 membris
754 2433 784 2484 et
810 2429 991 2484 humanitate
1045 2430 1185 2502 gressus?
1200 2429 1254 2485 Sed
1269 2429 1338 2502 quid
1351 2429 1539 2502 respondebis
1558 2429 1593 2484 de
1607 2430 1749 2501 sepulcro,
1765 2430 1895 2501 quando·

144 2515 273 2588 virginis,
288 2517 351 2588 lege
366 2517 484 2589 quidem
511 2517 616 2586 carnis,
638 2517 686 2572 sed
701 2522 807 2590 prester
831 2517 991 2589 corruptio·
1045 2518 1228 2591 quidemnon
1238 2519 1330 2574 solum
1341 2519 1558 2584 clauso,verum
1569 2517 1657 2573 etiam
1671 2518 1890 2589 obsignatoillo,

143 2618 211 2660 nem
237 2606 345 2672 carnis;
375 2611 465 2678 utque
493 2606 673 2661 manifestius
690 2606 767 2678 {quid
791 2606 896 2661 dicitur
921 2606 991 2676 lani-
1044 2623 1149 2680 corpus
1159 2607 1318 2664 redivivum
1333 2606 1463 2679 reposuit
1477 2606 1643 2662 subaurast
1659 2609 1703 2661 An
1716 2607 1792 2662 dicos
1814 2607 1894 2679 quod

143 2693 313 2759 madvertas,
332 2694 391 2750 ait:
409 2717 420 2745 ι
439 2696 528 2751 Natus
545 2700 577 2751 ut
590 2696 689 2763 homo,
715 2695 846 2751 sednon
874 2694 991 2764 genitus
1045 2700 1134 2753 tanlae
1155 2697 1320 2753 subtilitatis
1347 2712 1452 2769 corpus
1477 2696 1549 2751 illud
1578 2695 1738 2750 substiterit
1760 2697 1837 2763 lesu,
1864 2699 1896 2750 ut

143 2787 175 2837 ut
196 2781 294 2839 bomo.
313 2783 428 2852 &Cerno
440 2799 528 2855 quam
552 2784 720 2856 plenissime
738 2785 893 2840 nativitatis
909 2785 990 2841 Chri·
1043 2786 1159 2842 tenuius
1172 2786 1275 2849 ventis,
1296 2785 1397 2841 exilius
1413 2801 1478 2840 aere
1492 2784 1661 2857 nequiverit
1674 2784 1779 2840 tumuli
1799 2784 1894 2857 parie-

143 2870 180 2926 eti
207 2871 377 2945 mysterium
405 2873 543 2927 reseravit
558 2888 566 2928 s
581 2873 628 2928 att
650 2889 776 2947 namque
792 2890 799 2930 :
817 2893 832 2927 s
847 2874 936 2930 Natus
959 2878 991 2929 ut
1044 2874 1121 2929 tibus
1135 2874 1281 2929 coerceri?
1295 2873 1348 2929 Scd
1373 2888 1539 2944 quanquam
1555 2872 1592 2927 sit
1605 2872 1730 2944 impium
1755 2873 1810 2927 ista
1825 2888 1895 2927 sen-

142 2957 242 3026 homo,
258 2959 307 3015 sed
324 2976 381 3015 non
400 2961 516 3033 genitus
540 2965 572 3016 nt
592 2961 690 3017 bomo.
710 2961 811 3028 »Quid
825 2966 877 3031 est,
906 2966 991 3018 natus
1043 2962 1099 3017 tire
1114 2961 1149 3017 de
1168 2961 1320 3018 salvatoris
1334 2976 1463 3033 corpore,
1485 2977 1551 3016 cum
1565 2966 1631 3033 post
1653 2961 1895 3017 resurrectionem

143 3047 288 3103 uthomo.
307 3048 1149 3139 Quiapervolvam,perquamnascituromnisCdixerit
1179 3050 1214 3105 ad
1243 3050 1466 3129 disciputus«
1493 3050 1609 3121 Palpate
1620 3055 1649 3105 et
1676 3050 1771 3105 videte
1804 3050 1891 3122 spiri·

142 3134 240 3204 homo,
255 3136 290 3192 de
303 3137 422 3210 virginis
437 3143 518 3194 utero
536 3154 667 3211 egressus
682 3144 731 3196 ost.
746 3142 779 3196 Et
787 3140 856 3212 quid
871 3146 913 3196 est
933 3157 992 3197 non
1047 3145 1093 3194 tus
1108 3155 1223 3194 carnem
1239 3144 1268 3194 et
1282 3154 1346 3193 ossa
1360 3155 1419 3194 non
1443 3137 1541 3205 habet,
1557 3138 1632 3193 sicut
1655 3154 1701 3193 me
1723 3139 1828 3194 videtis
1843 3139 1894 3194 ba·

143 3224 259 3297 genitus
269 3229 300 3280 ut
314 3225 423 3283 bomo?
438 3227 581 3294 Quoniam
595 3244 654 3284 nun
669 3228 704 3284 de
723 3229 832 3285 semine
862 3228 926 3298 viri,
941 3231 991 3286 sed
1045 3229 1114 3285 bere
1131 3244 1138 3282 ε
1159 3250 1169 3277 ι
1187 3232 1216 3282 ct
1230 3232 1334 3282 nutura
1349 3243 1408 3282 non
1420 3227 1528 3299 patitur
1541 3231 1572 3281 ut
1587 3230 1615 3281 et
1629 3226 1738 3282 ossium
1753 3230 1782 3282 et
1796 3227 1892 3283 carnis

143 3311 178 3368 de
191 3311 301 3384 Spiritu
311 3318 409 3370 sancto
430 3319 473 3370 est
490 3315 666 3372 incarnatus.
698 3318 752 3372 Fac
780 3321 813 3372 ut
834 3332 891 3371 non
905 3315 993 3371 faverit
1047 3316 1189 3373 soliditate
1204 3316 1340 3372 duratum
1360 3315 1552 3383 sitcrassum;
1577 3319 1607 3370 et
1620 3316 1788 3371 subtilitatis
1810 3316 1894 3372 exili·

143 3416 275 3473 egressus
290 3418 342 3474 per
364 3403 469 3459 ostium
493 3404 610 3473 ventris,
626 3420 685 3459 nou
713 3405 768 3460 orit
795 3420 895 3460 verum
915 3404 991 3476 quod
1046 3409 1104 3461 tate
1120 3405 1273 3460 deductum
1286 3404 1324 3459 sit
1340 3408 1447 3459 tenue:
1464 3420 1517 3458 nec
1536 3404 1674 3459 catholica
1696 3404 1767 3459 fides
1783 3410 1894 3460 naturas

143 3493 228 3545 natus
240 3488 328 3546 luerit
338 3495 372 3547 ut
385 3491 494 3547 borno:
511 3493 560 3548 sed
574 3496 659 3547 natus
673 3497 716 3547 ost
731 3498 763 3548 ut
782 3493 879 3563 homo,
904 3492 993 3564 igitur
1046 3495 1174 3566 corporis
1188 3499 1238 3548 ant
1249 3494 1380 3566 qualitati
1395 3494 1513 3549 ascribit
1535 3494 1612 3565 quod
1639 3494 1769 3550 clausum
1792 3495 1895 3551 exierit

143 3593 195 3649 per
208 3578 316 3635 renuis
327 3579 444 3649 ostium,
456 3580 486 3635 id
500 3588 542 3636 est
558 3581 682 3647 vulvam,
699 3585 849 3636 natusest.
1046 3584 1220 3655 sepulcrum,
1245 3583 1321 3654 quod
1350 3582 1488 3638 obseratis
1511 3582 1620 3638 loribus
1643 3585 1838 3655 penetraverit
1857 3585 1894 3639 ad

178 3666 312 3733 Hilarius,
329 3667 373 3722 vir
392 3667 530 3723 virtutum
554 3668 684 3723 omniurn
697 3672 784 3741 atque
807 3673 991 3724 ornamento·
1045 3671 1210 3742 discipulos,
1227 3671 1276 3727 sed
1298 3670 1459 3726 Divinitatis
1474 3672 1612 3742 potentiae
1633 3677 1661 3727 et
1674 3673 1894 3728 resurrectionis

142 3755 420 3822 rum,etsicutvita
443 3755 485 3812 ita
504 3757 590 3812 etiam
624 3755 790 3828 eloquentia
813 3757 947 3828 insignis,
960 3757 990 3812 in
1046 3761 1156 3832 gloriae.
1184 3759 1396 3832 Alioquinnon
1425 3759 1480 3815 erit
1498 3761 1559 3831 jam
1587 3760 1759 3816 miraculum
1775 3760 1894 3817 Deitatis

142 3840 216 3899 libro
230 3844 308 3900 Fidei
322 3845 447 3901 secundo
465 3845 509 3917 (de
533 3845 670 3903 Triaitote
683 3845 731 3902 lib.
745 3862 775 3914 rr,
806 3847 858 3902 sub
877 3847 965 3918 ared.)
982 3862 989 3902 :
1045 3849 1250 3905 commendans
1266 3849 1387 3921 insigne,
1405 3849 1483 3920 quod
1495 3853 1606 3904 naluroe
1621 3849 1732 3905 ratione
1747 3849 1895 3905 tenebitur

146 3931 437 4007 sUnusunigenilus
457 3936 531 3990 Deus
557 3935 587 3990 in
607 3934 769 4008 corpusculi
791 3934 913 3990 humani
936 3936 991 3991 lor·
1045 3937 1202 4009 astrictum.
1235 3939 1369 3992 Attamen
1402 3937 1586 3992 concedimus
1605 3937 1727 4009 et,ista‚
1756 3937 1895 4009 :quamvis

143 4036 221 4075 mam
234 4027 339 4077 sanctae
367 4022 493 4096 Virginis
521 4027 602 4078 utero
629 4024 753 4079 insertus
777 4024 922 4079 accrescit.
937 4023 991 4090 Oui
1044 4026 1145 4097 impia,
1162 4026 1291 4098 quamvis
1306 4030 1406 4080 contra
1419 4024 1517 4081 tidem.
1536 4025 1673 4097 Nunquid
1686 4043 1745 4081 non
1762 4026 1840 4081 idem
1857 4027 1892 4082 do

143 4109 242 4163 omnia
254 4109 393 4178 continet,
411 4114 439 4166 et
461 4111 537 4165 intra
552 4127 638 4183 quem
654 4116 681 4166 et
696 4128 748 4182 per
776 4128 861 4183 quem
889 4116 991 4167 cuncta
1041 4114 1332 4187 januisconliteberis
1355 4113 1577 4177 clausis‘lVelis,
1596 4115 1681 4183 nolis,
1701 4116 1766 4183 {boc
1789 4116 1894 4187 laqueo

143 4196 345 4252 suntbumani
369 4204 468 4269 partus
483 4199 547 4270 lege
570 4199 724 4271 profertur.
740 4221 754 4250 s
779 4202 867 4257 Docet
880 4216 946 4256 eum
963 4205 992 4256 et
1044 4203 1212 4275 illigaberis.
1240 4204 1315 4273 Ergo
1330 4202 1418 4258 exivit
1439 4203 1536 4258 clauso
1565 4204 1707 4274 sepulcro,
1737 4204 1892 4275 etingres·

143 4284 270 4354 corporis
285 4284 415 4340 habitum
437 4301 471 4342 ex
497 4287 612 4358 Virgine
627 4294 655 4342 et
670 4287 748 4344 intra
776 4288 921 4361 Virginem
945 4288 990 4344 in·
1045 4308 1093 4346 sus
1106 4292 1215 4347 loribus
1227 4291 1374 4348 obseratis.
1387 4293 1577 4348 Tantumdem
1593 4293 1682 4363 igitur
1692 4293 1759 4348 licet
1772 4292 1892 4361 invitus,

144 4370 251 4443 duisse,
268 4373 355 4442 etlde
379 4390 461 4430 more
487 4375 645 4432 nativitatis
672 4377 815 4446 humanm,
843 4377 989 4450 virginalis
1004 4383 1027 4439 D
1044 4380 1112 4437 licet
1124 4382 1276 4449 resultans,
1299 4381 1432 4436 concedis
1459 4380 1593 4452 virginali
1616 4382 1716 4447 vulve,
1742 4396 1795 4436 aec
1809 4381 1893 4438 inor-

143 4459 235 4515 rulvoe
250 4466 415 4533 penetrasse
429 4469 545 4520 secreta.
562 4465 752 4523 Commutatis
766 4466 910 4539 siquidem
926 4483 990 4522 ver·
1044 4469 1128 4538 mior,
1145 4486 1198 4525 neo
1210 4469 1398 4525 inhumanior
1410 4470 1527 4541 superni
1539 4469 1667 4525 numinis
1676 4470 1772 4541 proles
1783 4471 1894 4526 exstitit

142 4548 371 4624 bieidemquod
406 4553 490 4609 Pater
515 4555 695 4626 Augustinus
713 4559 912 4627 protestatur:
941 4556 990 4613 ille
1043 4558 1118 4614 circa
1133 4563 1271 4614 materne
1285 4560 1410 4614 claustra
1429 4558 1534 4624 vulvae,
1549 4563 1583 4614 ut
1608 4563 1637 4614 et
1662 4560 1788 4613 clausam
1803 4560 1894 4615 relin-

144 4653 269 4710 namque
284 4639 362 4710 quod
374 4647 458 4695 natus
474 4641 511 4696 sit
532 4646 566 4697 ut
578 4642 665 4698 bomo
690 4642 876 4710 testificatum
892 4648 921 4698 at
935 4642 990 4699 iste
1044 4653 1156 4721 queret,
1173 4653 1202 4704 et
1213 4664 1267 4720 per
1280 4664 1345 4704 eam
1365 4647 1510 4716 transiret,
1526 4647 1771 4720 quemadmodum
1788 4650 1894 4703 tumuli

143 4724 222 4796 quod
236 4725 356 4783 humani
370 4732 469 4799 partus
483 4729 547 4801 lege
558 4731 689 4802 prolatus
702 4736 754 4801 est,
766 4730 902 4786 intonuit.
917 4731 991 4798 Qua·
1044 4736 1088 4792 sui
1101 4736 1193 4808 signa,
1209 4742 1238 4792 et
1258 4736 1467 4808 discipulorum
1482 4738 1586 4793 domita
1607 4738 1712 4791 ostium
1727 4737 1772 4792 vel
1793 4737 1893 4805 exivit,

142 4815 228 4868 tenus
243 4818 364 4887 uterque
376 4817 446 4873 dum
463 4817 617 4874 Salvatoris
635 4835 804 4891 processum
821 4819 857 4874 de
873 4819 990 4892 Virgine
1043 4827 1088 4882 vel
1104 4825 1243 4893 introivit,
1259 4841 1311 4880 nec
1325 4827 1499 4883 transeundo
1518 4826 1660 4898 patefecit.

142 4915 270 4957 consona
283 4901 437 4975 Scripturis
452 4905 539 4960 sacris
556 4922 623 4961 voce
643 4906 825 4978 profitentur,
842 4913 871 4963 et
887 4908 990 4964 veritas
1080 4913 1165 4982 Beda,
1189 4914 1336 4986 presbyter
1349 4915 1534 4986 Angelorum,
1550 4914 1654 4970 Christi
1662 4913 1825 4969 membrum
1835 4930 1895 4970 noa

142 4989 291 5059 doceatur,
305 4996 334 5047 et
347 4991 458 5048 falsitas
470 4994 637 5050 subruatur.
1043 5000 1210 5073 reprobum,
1224 5001 1260 5056 de
1273 5001 1326 5056 bac
1340 5003 1501 5073 quaestione
1522 5017 1582 5056 non
1606 5001 1776 5057 dissimilem
1807 5019 1894 5075 supe-

461 5118 574 5174 CAPUT
597 5118 669 5176 vm
1043 5089 1167 5146 rioribus
1181 5089 1291 5162 profert
1315 5090 1488 5146 sententiam
1515 5090 1545 5146 in
1571 5091 1784 5146 Commentario
1810 5092 1894 5147 Luca

1044 5175 1223 5248 (incepit),
1253 5177 1323 5232 drvm
1347 5178 1382 5233 de
1411 5177 1564 5234 salvatoris
1593 5177 1741 5234 nativitate
1768 5183 1796 5233 et
1809 5189 1892 5250 partu

1043 5264 1162 5337 virginis
1175 5265 1355 5338 loqueretur,
1381 5266 1421 5321 sic
1436 5266 1476 5322 ait
1492 5286 1498 5322 :
1516 5287 1527 5317 ι
1553 5267 1635 5332 Quod
1660 5271 1756 5322 sutem
1788 5269 1893 5324 Filium

178 5344 214 5398 Ut
228 5350 324 5401 nartem
341 5348 437 5403 nullus
449 5347 611 5404 adversario
622 5349 702 5405 locus
722 5351 903 5423 relinquatur
919 5368 990 5407 cou—
1044 5370 1128 5409 suum
1141 5353 1367 5425 primogenitum
1382 5354 1468 5411 llario
1479 5356 1622 5427 peperisse
1637 5354 1817 5418 describitur,
1834 5373 1893 5411 non

143 5430 330 5500 tradiclionis,
358 5436 491 5507 procedat
519 5437 550 5492 in
574 5438 703 5495 medium
731 5439 895 5512 Gregorius,
926 5456 988 5512 spe-
1039 5444 1121 5515 juxta
1138 5442 1299 5499 Helvidium
1313 5442 1396 5498 nobis
1411 5444 1609 5516 accipiendum
1620 5449 1673 5513 est,
1689 5444 1760 5499 elios
1776 5461 1893 5517 quoque

142 5516 240 5573 culum
255 5522 423 5592 sanctitatis,
438 5524 587 5598 eloquium
600 5527 735 5598 lacteum,
752 5528 852 5600 regula
863 5543 989 5596 morum,
1044 5528 1119 5586 lilios
1133 5544 1197 5585 eam
1224 5544 1400 5601 procreasse,
1417 5531 1500 5604 quasi
1527 5535 1652 5604 nequeat
1675 5530 1894 5606 primogenitus

143 5611 173 5663 et
187 5607 329 5665 Dominici
344 5616 444 5684 partus
458 5615 623 5689 genituram
635 5615 731 5674 serbis
745 5617 991 5675 doceatveritatis
1044 5617 1111 5687 dici,
1125 5617 1182 5675 nisi
1201 5617 1252 5691 qui
1277 5616 1383 5676 babeat
1402 5619 1515 5689 iratres,
1533 5619 1607 5677 sicut
1629 5636 1688 5676 non
1712 5620 1894 5694 unigenitus,

248 5223 312 5279 ltem
322 5237 357 5278 eor
372 5223 503 5293 Gregorio
514 5239 592 5295 popo
604 5228 629 5281 et
638 5225 787 5282 ueaoobitt
799 5225 882 5283 Dedo.
