3930 6098
108 263 161 316 ιιι
232 220 235 225 ’
749 251 902 310 neniam
923 251 1050 309 venen.
1071 250 1228 308 incursu.
1810 255 1854 310 ne

108 399 285 470 oportuerat,
308 392 465 449 seeundum
483 390 663 462 Apostolum,
688 389 884 445 testimouium
904 389 953 442 ha·
973 374 1127 458 Aqu'nere
1140 387 1299 458 procuratis
1314 386 1418 443 obnixe
1432 387 1606 460 flagitemus,
1631 392 1662 444 st
1676 388 1709 444 iu
1721 389 1851 446 charitate

108 486 176 542 bere
193 485 284 541 abhis
297 482 383 537 etiam
402 479 452 553 qui
477 479 547 535 foris
578 487 652 540 sient,
675 480 834 544 hortamur,
859 477 955 533 lideli·
1010 476 1121 533 sinoera
1136 477 1340 548 compatiendo
1352 493 1513 549 precamur.
1538 479 1639 534 Valere
1659 482 1784 534 vestram
1806 494 1850 550 pa-

109 579 209 646 terque
224 572 413 644 suggerimus,
427 575 458 624 ut
469 573 517 624 aut
532 569 582 623 uui
596 568 730 640 episeopo
739 584 793 638 pro
808 567 953 634 omnibus,
1008 565 1174 620 ternitutem
1190 566 1261 620 vetis
1274 566 1406 621 omuibus
1421 567 1610 637 postulamus,
1628 571 1657 622 et
1680 571 1713 621 ut
1733 571 1848 623 nostram

11 726 14 731 ¹
108 667 158 716 aut
174 660 304 732 pluribus
320 657 501 729 procunetis,
517 655 678 711 satisfacere
689 672 742 726 pro
757 660 887 725 tempore
899 671 955 708 non
1009 654 1179 726 petitionem
1195 655 1347 710 elilcaciter
1368 654 1528 727 suscipiatis
1547 671 1680 722 oramus;
1702 659 1791 726 utque
1804 672 1845 710 uo·

107 748 266 821 gravemini
295 747 397 803 vestris
425 745 554 817 apicibus
581 745 668 800 sacris
695 761 702 798 ι
726 743 870 815 simulque
898 758 955 814 quo
1010 749 1097 798 stram
1118 743 1340 798 unanimitatem
1365 760 1398 797 ex
1422 742 1507 798 vestri
1525 759 1610 798 causa
1637 744 1675 799 ad
1697 743 1843 816 aliquantu·

106 837 218 908 regiam
238 835 436 907 diguatiouem
449 832 529 887 vobis
544 831 759 903 acceptabilem,
780 830 855 885 sieut
878 831 955 883 vebis
1009 831 1066 886 lam
1095 831 1166 903 quin
1195 832 1293 902 potius
1322 831 1357 887 ad
1390 832 1545 903 integram,
1575 831 1736 903 perducere
1769 838 1840 886 certe·

74 954 80 964 ·
107 925 223 981 alumni
238 929 331 978 vestro
346 922 461 993 expedit
484 921 576 993 gregi,
599 919 811 990 satisfaciendo,
837 919 954 974 bumili-
1009 920 1045 974 tis
1061 920 1201 991 laetitiam,
1227 920 1350 992 supplici
1372 920 1565 992 postulatione
1593 935 1757 987 monemus,
1779 926 1840 991 pater

107 1018 208 1086 terque
223 1013 312 1085 ipsius
327 1010 480 1066 hilaritatis
493 1009 675 1065 clementiam
702 1007 885 1080 impetrando
910 1023 955 1062 ae·
1011 1007 1184 1065 beatissime.

524 1332 1075 1448 flnnNUNTIATIO
1120 1335 1444 1445 HERARDI

756 1540 993 1588 ARCHIEPISCOPI
1015 1542 1212 1592 tunonensis

456 1666 547 1745 Regis
563 1663 684 1738 (Caroli
698 1663 798 1743 Calue)
812 1683 849 1724 uc
862 1662 973 1744 synodi
982 1663 1215 1741 (Suessionernis
1230 1662 1288 1743 ιιι),
1297 1663 1390 1742 jussu
1403 1661 1500 1740 sactu,

148 1801 195 1862 Ne
211 1801 327 1862 mirum
343 1799 385 1860 sit
399 1799 485 1877 quod
502 1808 599 1860 eausa
610 1801 680 1877 Jam
696 1803 768 1859 ante
783 1798 915 1858 delinita
936 1797 1051 1858 iterum
1067 1797 1098 1858 in
1114 1797 1173 1858 hac
1189 1798 1313 1878 synode
1328 1802 1519 1859 retractetur
1535 1817 1542 1859 ε
1560 1804 1592 1859 el
1606 1818 1664 1860 eur
1678 1799 1806 1878 reginam

346 1897 479 1941 uxorem
494 1896 586 1940 suam
602 1897 656 1938 rex
672 1884 736 1939 tam
752 1897 824 1938 sere
839 1896 924 1939 nunc
939 1878 1069 1938 taudem
1085 1878 1124 1938 ab
1139 1877 1300 1957 episeopis
1315 1877 1461 1940 benedici
1475 1879 1627 1957 postulet.

142 2129 302 2185 Asvcloritas
317 2143 406 2195 sacra,
430 2131 458 2181 et
484 2128 601 2197 specula
620 2126 783 2192 ministerii,
808 2127 885 2181 uude
908 2142 954 2181 ve·
972 2127 1088 2196 Csuper
1103 2132 1204 2182 terrem
1217 2127 1250 2181 de
1274 2130 1347 2183 omni
1367 2144 1406 2195 re,
1420 2131 1467 2197 fiet
1493 2129 1549 2183 iltis
1575 2129 1687 2199 (liattle.
1711 2128 1834 2195 resistit

106 2218 418 2273 bisvestramsalutem
435 2217 578 2270 muntiare
599 2216 748 2284 debemus,
765 2215 876 2279 iratres,
902 2232 956 2270 nos
1009 2215 1077 2287 quia
1103 2217 1176 2269 Deus
1200 2232 1277 2287 saepe
1300 2233 1380 2270 suam
1410 2223 1499 2271 mutel
1522 2219 1707 2285 sententiam,
1728 2233 1834 2272 necessr-

106 2310 301 2370 eemmoneut,
320 2310 349 2358 ut
362 2320 477 2374 scrisper
499 2304 589 2358 simus
613 2305 706 2374 parati
730 2303 765 2358 ad
786 2304 954 2358 satisfactio·
1009 2304 1084 2358 rium
1101 2305 1224 2360 vidimus
1239 2311 1271 2360 ul
1284 2305 1319 2360 de
1335 2306 1434 2359 multis
1459 2321 1549 2360 uuum
1579 2305 1772 2361 testimonium
1792 2322 1834 2360 ue

106 2413 172 2452 uem
195 2397 274 2451 omni
298 2396 426 2466 poscenti
445 2411 498 2449 uos
522 2395 664 2450 rationem
680 2395 714 2449 de
729 2411 762 2449 eu
778 2412 842 2466 quie
859 2396 887 2449 in
903 2411 954 2450 no·
1008 2392 1052 2447 bis
1065 2393 1199 2447 omnibns
1216 2393 1449 2465 amplectendum
1473 2395 1611 2460 dieamus,
1630 2394 1671 2449 ait
1694 2394 1833 2449 Dominus:

106 2487 150 2541 bis
171 2492 213 2540 est
228 2501 277 2556 spe
294 2488 323 2539 et
336 2485 393 2540 tide
405 2486 428 2548 tl
445 2487 516 2538 Petr.
531 2488 585 2552 ιιι),
614 2483 712 2538 utilia
734 2500 799 2554 qum
829 2485 953 2555 agimus,
1007 2482 1039 2536 Si
1052 2481 1147 2537 dinero
1166 2486 1250 2552 impie
1267 2498 1273 2536 :
1291 2485 1376 2537 liorte
1401 2486 1534 2551 morinis,
1555 2489 1581 2538 et
1602 2483 1651 2538 nn
1672 2487 1771 2553 impius
1790 2496 1834 2536 cen

107 2590 164 2645 qua
193 2573 353 2627 intentione
380 2573 481 2626 aalide
500 2588 630 2643 agamus,
647 2577 675 2625 et
697 2588 754 2643 qua
779 2587 828 2643 spe
844 2572 955 2626 nobisa
1005 2573 1195 2636 uersnssuerit
1213 2587 1230 2624 a
1251 2574 1361 2625 uinsnu
1385 2587 1484 2641 praue,
1508 2579 1534 2626 et
1555 2574 1651 2634 feeerit
1672 2572 1799 2640 judiciuin
1816 2575 1834 2623 et

107 2663 164 2718 ileo
177 2661 356 2716 remunerari
375 2661 525 2715 credamus
546 2676 581 2714 ea
607 2675 672 2730 quae
694 2665 768 2714 recta
794 2659 954 2715 intentione
1001 2657 1153 2728 justitium,
1167 2663 1225 2714 uita
1239 2663 1310 2714 uiuet
1324 2665 1412 2714 einen
1426 2663 1576 2729 morietur3
1591 2675 1681 2715 omnes
1696 2663 1834 2729 iniquitates

14 2775 21 2794 ·
107 2749 512 2822 agimus,ministeriouostro
538 2748 708 2815 commissis,
732 2749 791 2802 sive
815 2748 952 2819 simplici·
1005 2746 1064 2817 ejus
1079 2763 1147 2818 quas
1172 2750 1238 2816 feeit
1264 2751 1294 2802 in
1310 2749 1441 2804 obliuione
1465 2754 1545 2804 erunt
1567 2765 1659 2804 coram
1681 2765 1723 2804 me
1744 2747 1832 2815 (liant.

106 2844 160 2906 ter,
178 2840 304 2892 siveuon
322 2836 491 2907 simpliciter
505 2835 710 2907 quarentibus,
726 2836 770 2889 vel
795 2851 853 2890 nou
873 2853 952 2907 quae-
1005 2843 1093 2894 xvvn.l
1110 2837 1181 2892 Nam
1196 2844 1225 2890 et
1250 2843 1316 2907 post
1341 2838 1411 2908 legis
1430 2838 1568 2892 duritiam
1591 2853 1678 2910 quam
1702 2838 1776 2892 dedit
1795 2850 1833 2906 per

106 2927 236 2982 rentibus
261 2925 440 2989 intimemus,
469 2926 511 2978 ne'
535 2930 585 2979 aut
608 2923 752 2995 simplices
789 2924 952 2995 suspitione
1005 2926 1121 2994 angelos
1135 2925 1164 2978 in
1179 2941 1265 2979 manu
1283 2926 1381 2996 lloysi,
1407 2925 1487 2980 dedit
1508 2927 1654 2996 Evangelii
1667 2927 1782 2997 gratiam
1794 2937 1833 2994 per

106 3017 222 3071 sinistre
237 3015 390 3070 inactibus
412 3013 517 3068 uestris
531 3014 689 3080 offendant,
714 3017 764 3066 aut
781 3013 889 3084 impuri
913 3014 953 3067 lu·
1006 3015 1147 3083 apostolos
1167 3018 1195 3068 et
1219 3030 1319 3068 eorum
1344 3030 1519 3067 successeras
1540 3014 1673 3068 omuibus
1697 3012 1832 3085 praeuion·
1875 3048 1877 3055 ·

106 3120 171 3160 eum
201 3103 371 3159 detrahendi
398 3119 450 3157 uos
477 3102 656 3156 invenientes
680 3102 859 3172 delinquant.
894 3103 953 3157 Hoc
1005 3101 1164 3165 damonia
1189 3104 1428 3168 utsanctusLeo‚
1450 3103 1615 3172 apostolicus
1639 3103 1715 3157 sedis
1733 3115 1830 3172 magnus
1875 3144 1877 3163 ,

106 3195 183 3249 euim
206 3194 417 3264 speculatorum
440 3191 567 3246 etlieium
587 3195 640 3259 est,
671 3206 728 3261 quo
759 3192 873 3245 nomine
900 3208 952 3245 nos
1005 3195 1133 3254 ornatus,
1158 3189 1228 3243 dicit
1250 3190 1355 3258 (Epist.
1381 3190 1418 3243 ud
1447 3192 1588 3245 Rusticum
1614 3189 1827 3249 Narbonensem:
1873 3202 1877 3251 l

105 3282 231 3354 episcopi
246 3296 305 3335 non
330 3280 432 3335 nierito
456 3279 504 3335 sed
528 3278 619 3350 gratia
644 3278 830 3334 nominamur
857 3280 952 3334 alto-
1005 3277 1121 3330 »Sicut
1148 3283 1215 3331 surrt
1236 3278 1367 3348 quadarn
1396 3293 1462 3348 quae
1486 3278 1566 3333 uvvlla
1594 3285 1715 3349 possunt
1739 3278 1828 3333 radone
1874 3260 1877 3361 j

105 3372 197 3436 mino,
226 3376 258 3424 ut
287 3369 469 3422 imminentia
499 3367 709 3438 prospieientes
735 3367 873 3437 pericula,
907 3366 952 3420 his
980 3365 1142 3431 ²converti‚
1159 3366 1533 3437 itamultasuul,quaeaut
1556 3384 1608 3436 pre
1625 3368 1828 3423 considerandus
1874 3370 1877 3417 l

106 3474 231 3531 quorum
271 3459 393 3511 salutem
422 3472 573 3525 suscepere
601 3455 736 3509 tuendam
767 3455 950 3510 annuntient.
971 3426 1265 3525 Cautumautpro
1282 3456 1449 3509 necessitate
1466 3472 1562 3510 rerum
1587 3462 1720 3528 oporteat
1741 3463 1827 3523 tenpe-

107 3540 297 3616 Quapropter,
337 3545 448 3609 irutres,
484 3543 676 3615 quorumdam
717 3543 951 3615 cogitationibus,
1005 3543 1828 3615 rari:sietumeu,utqnodsequendumiueritincentum,

107 3634 299 3704 quorumdam
311 3647 379 3686 vere
395 3632 490 3687 verbis
504 3632 667 3686 satisfacere
682 3632 791 3687 bonrum
806 3633 951 3701 duximus,
1006 3635 1220 3705 necpreeeeptis
1235 3635 1405 3705 evangelicis
1434 3635 1620 3701 contrarium,
1650 3652 1703 3690 nec
1733 3631 1830 3690 decretis

106 3722 156 3793 qui
171 3722 296 3792 cogitant
314 3720 398 3787 iovte,
416 3737 448 3774 ae
463 3720 573 3786 dicunt,
591 3721 729 3791 quoniam
753 3726 837 3775 antea
854 3721 883 3775 iu
899 3721 952 3774 hoe
1006 3726 1171 3776 sanctorum
1196 3722 1359 3776 inveniatur
1374 3723 1562 3777 adversum.»
1586 3723 1668 3788 Quod
1689 3730 1719 3778 et
1743 3724 1770 3776 iu
1793 3721 1831 3775 lae

105 3810 360 3864 eodensloeoante
385 3810 497 3880 aliquot
516 3825 607 3863 arruns
629 3809 745 3880 quidam
763 3815 903 3874 nestrum,
924 3814 953 3862 et
1006 3811 1319 3877 caususumussecuti,
1347 3811 1421 3865 sicut
1444 3811 1474 3866 in
1502 3812 1607 3866 sanetis
1637 3810 1831 3866 auetoritatibus

104 3898 296 3972 quorumdam
309 3903 472 3952 nostrerum
494 3897 666 3963 decessores,
695 3896 836 3967 synodum
858 3898 951 3950 teuui-
1006 3899 1178 3966 invenimus,
1196 3900 1246 3969 qui
1269 3900 1297 3952 in
1315 3901 1424 3969 psalmo
1445 3900 1574 3953 cauimus
1593 3916 1600 3954 :
1618 3899 1796 3955 Misericordia
1812 3898 1831 3948 et

106 4003 180 4054 mus,
196 3993 225 4042 et
243 3987 375 4042 eamdem
400 4001 525 4052 canuam,
549 4001 635 4056 quam
663 3990 731 4039 tune
752 3985 952 4052 diffinivimus,
1004 3989 1106 4041 ueritus
1121 3988 1299 4042 otuiuuernnt
1319 3989 1382 4047 siti.
1400 3989 1513 4057 justitio
1531 3994 1557 4043 et
1572 4003 1632 4058 pua
1646 3991 1769 4044 osmluta
1782 3987 1831 4040 sunt

104 4092 181 4131 nune
206 4091 332 4147 quoque,
352 4075 434 4146 quasi
448 4090 507 4129 uon
528 4074 614 4128 inerit
635 4075 707 4128 bene
728 4074 861 4134 diffinita,
886 4089 952 4128 eum
1006 4075 1090 4145 (Pani.
1104 4078 1225 4146 uxxxvv),
1241 4081 1391 4147 elsemper
1404 4077 1752 4148 superexaltetjudicium
1772 4074 1831 4127 miss

104 4162 561 4232 etiametaSedeapostolieasit
583 4161 746 4231 terminata,
768 4162 951 4229 mutavimus,
1005 4164 1140 4230 ricordia,
1171 4165 1283 4219 dicente
1319 4167 1455 4235 Apostolo
1485 4182 1492 4220 :
1521 4165 1621 4220 Adnue
1645 4167 1830 4221 excedentium

104 4255 184 4308 eteb
200 4252 229 4306 id
251 4258 347 4306 nostra
372 4251 516 4306 sententia
536 4251 600 4305 vilis
623 4251 712 4322 possit
735 4250 845 4315 baberi,
869 4251 952 4322 quasi
1004 4253 1080 4306 uiam
1096 4252 1170 4307 vobis
1193 4252 1381 4308 demonstrabo
1402 4253 1427 4324 (l
1447 4253 1507 4309 Cer.
1536 4252 1595 4323 rvr),
1618 4253 1711 4309 idest
1732 4251 1827 4308 eluite

104 4342 140 4397 ab
164 4340 351 4396 mobilitatem
369 4339 504 4394 humanae
529 4339 630 4410 gratiae
651 4343 763 4393 nostras
793 4339 951 4393 sententias
1005 4346 1074 4405 tem,
1104 4356 1169 4412 quoe
1193 4341 1327 4397 omuibus
1354 4341 1498 4397 desiderat
1520 4341 1663 4407 misereri,
1690 4349 1718 4397 st
1745 4335 1827 4395 cuncis

104 4431 302 4497 immutemus,
317 4428 370 4491 vel,
388 4427 556 4482 utdicumus
575 4428 714 4498 apertius,
731 4427 949 4482 venumdemus.
1005 4431 1065 4483 vult
1079 4430 1109 4483 in
1124 4446 1278 4484 commune
1299 4432 1447 4500 prolicere.
1472 4429 1599 4485 Perfecta
1623 4431 1702 4485 euim
1724 4434 1782 4484 suut
1803 4437 1827 4477 u

104 4520 167 4574 Non
182 4519 223 4572 ita
237 4521 289 4583 est,
311 4516 424 4583 tratres,
447 4515 587 4587 quioniam
601 4515 632 4569 iu
648 4515 803 4586 episcopali
818 4515 950 4570 ministe-
1004 4534 1069 4589 quae
1085 4518 1118 4571 ad
1134 4513 1342 4572 correctionem
1358 4518 1509 4573 bominum
1524 4524 1552 4572 et
1574 4518 1609 4573 nd
1624 4534 1769 4573 censuram
1791 4513 1825 4566 dr

104 4608 148 4660 rie
163 4611 275 4661 nonest
290 4607 336 4659 Est
352 4611 380 4659 et
395 4605 470 4670 Nou,
494 4603 544 4658 sed
567 4619 681 4674 sempev
700 4605 755 4671 list,
784 4603 812 4657 id
832 4608 950 4657 astata-
1003 4606 1071 4660 bitae
1094 4607 1252 4661 severitatis
1277 4607 1432 4677 episcopati
1461 4608 1603 4661 sententia
1639 4607 1824 4678 proteruntur:

104 4697 200 4751 bilitas
213 4696 242 4749 iu
258 4695 306 4749 illo
317 4699 359 4749 est
376 4710 383 4748 :
398 4694 466 4765 quia
478 4693 509 4747 iu
522 4693 634 4748 Christe
657 4692 709 4746 boc
733 4708 844 4746 sacrum
861 4691 948 4746 mini·
970 4695 1052 4763 psed
1066 4695 1267 4749 excellentiora
1288 4701 1355 4749 suut
1370 4695 1475 4767 quibus
1490 4694 1653 4750 dilectionis
1674 4693 1824 4765 benignitate

104 4785 224 4840 sterium
238 4784 394 4839 radicatum
412 4787 465 4851 est,
481 4783 531 4853 qui
554 4797 702 4851 uunquam
723 4780 885 4847 consilium,
903 4780 952 4834 sed
1006 4782 1187 4837 subditorum
1201 4784 1295 4845 saluti,
1312 4790 1341 4838 et
1360 4784 1508 4838 communi
1530 4785 1721 4839 Ecclesiarum
1737 4774 1826 4838 utilitati

104 4889 181 4945 saepe
198 4877 290 4927 mutat
308 4871 492 4939 sententiam,
515 4875 574 4925 tam
596 4885 648 4940 per
668 4870 805 4940 seipsum,
824 4885 912 4940 quam
925 4873 953 4922 et
1006 4888 1038 4925 ac
1059 4870 1201 4925 consultui
1216 4873 1411 4943 providemus.
1436 4872 1514 4927 Unde
1531 4875 1716 4928 manentibus
1743 4865 1830 4926 statutis

104 4979 234 5036 persnas
248 4961 355 5028 ildeles,
376 4959 411 5013 de
431 4974 555 5030 quorum
578 4974 699 5012 numero
722 4975 773 5012 suu
801 4958 953 5014 clementia
1005 4959 1159 5029 prioribus,
1195 4975 1259 5030 quas
1288 4961 1447 5015 secumdum
1471 4961 1672 5015 alletoritatem
1704 4962 1833 5017 constituta

105 5068 158 5106 uos
183 5056 394 5121 computamur,
417 5047 523 5118 quibus
547 5047 671 5101 veridica
696 5062 764 5100 voce
784 5047 915 5116 promisit
943 5061 949 5100 :
1004 5053 1073 5101 sum
1093 5063 1145 5118 per
1169 5048 1287 5118 justitie
1301 5048 1492 5116 severitatem,
1518 5049 1628 5103 licitum
1644 5056 1689 5104 est
1708 5051 1787 5105 nobis
1798 5057 1837 5116 per
1875 5070 1877 5075 ·

107 5141 158 5195 Ubi
180 5144 244 5193 sunt
262 5139 316 5192 dno
338 5138 454 5192 veltres
476 5138 633 5203 conprepeti
654 5137 685 5188 in
703 5137 810 5189 nomine
835 5151 891 5189 meo
912 5135 953 5188 ibi
1004 5136 1117 5189 easdem
1129 5136 1376 5207 supereminentes
1385 5137 1579 5203 auctoritates,
1595 5154 1663 5208 quas
1683 5137 1842 5212 impendunt

104 5244 164 5284 snm
178 5227 426 5292 inmedioeernm3
442 5230 491 5280 et:
510 5226 541 5281 Si
561 5224 614 5278 duo
629 5239 664 5280 ee
681 5224 756 5278 uobis
771 5225 952 5278 censenserint
1004 5223 1242 5291 misericerdiam,
1267 5226 1422 5279 immutare
1448 5225 1578 5280 duriores
1604 5230 1767 5284 sententias
1791 5241 1843 5281 cer·

140 5370 347 5425 ⁸Annuntiutio
369 5366 495 5423 lierardi.
517 5364 599 5420 Prior
614 5381 680 5435 pars
701 5364 786 5434 leuius
812 5363 950 5420 orationis
1003 5366 1096 5421 trudis
1112 5367 1442 5437 regiuoeeorouatiouem
1454 5368 1484 5423 iu
1495 5368 1596 5424 eadem
1614 5373 1729 5441 syuodo
1744 5374 1849 5430 tecum.

106 5439 141 5521 ad
157 5439 278 5496 wulfadi
295 5440 495 5509 sociorumque
514 5452 628 5490 causam
646 5441 762 5516 spectat,
785 5437 865 5560 ochus
885 5450 950 5518 gra·
1002 5436 1059 5492 tac.
1078 5437 1154 5492 Sina.

107 5515 147 5567 tva
161 5512 285 5581 synodus
300 5511 393 5565 iuerat
407 5511 589 5580 congregata,
606 5513 747 5578 posterior
761 5505 796 5560 ad
842 5522 950 5561 eruun-
