3930 6098
110 240 145 290 as
202 242 213 251 ·
662 238 707 293 un
729 236 1064 296 eaeuusrmarroae
1084 241 1153 297 aar.
1169 242 1283 298 -ua
1307 245 1342 300 u.
1526 208 1532 213 ’
1831 250 1869 310 ea·

108 363 249 421 bonitatis
261 367 369 438 pietate
384 365 505 440 largiri]
522 366 633 423 Etenim
648 384 714 424 cum
737 374 847 425 constet
877 385 963 424 omne
978 373 1000 428 Α
1018 375 1112 427 terum
1133 388 1200 428 vero
1212 373 1332 445 justitias
1356 376 1507 432 severitate
1521 377 1552 432 iu
1576 393 1669 435 massa
1696 383 1866 453 perditionis

106 470 201 526 genus
215 457 377 511 laumunum
393 457 424 511 in
439 457 535 512 radice
549 473 609 511 sure
624 458 744 528 originis
765 457 853 512 irrisae
877 459 960 512 daru-
1016 460 1200 530 derelictum3
1227 462 1351 518 alterurn
1367 465 1426 519 Deo
1458 465 1592 522 dilectum
1618 469 1714 538 luisse,
1742 473 1864 531 alterum

107 549 210 599 nutum
237 544 311 600 sicut
339 561 440 600 omnes
462 546 498 600 ab
515 561 571 600 uno
589 554 708 616 parente
731 547 886 613 nascimur,
920 547 960 602 sio
1015 555 1148 606 autema
1177 551 1338 606 dilectionis
1370 553 1463 624 gratia
1490 558 1589 627 procul
1620 560 1779 628 repulsum.
1809 565 1865 618 blec

107 648 208 688 omnes
223 633 254 687 iu
269 649 329 687 uno
347 634 468 690 bomine
490 635 590 689 mortis
612 635 754 690 sententia
779 637 894 691 multati
908 653 960 691 su·
1014 639 1231 712 tameualiquid
1248 641 1399 708 anthane,
1416 647 1466 696 aut
1491 644 1572 698 illurn
1597 646 1700 717 egisse,
1727 649 1803 706 uude
1819 653 1864 707 vel

106 721 265 792 muszqui
281 738 347 776 vero
365 723 402 778 ab
417 740 450 777 ea
474 723 960 796 liberantur,diviuaepietatisbo·
1014 726 1062 781 ille
1077 728 1170 800 diligi,
1190 731 1234 784 vel
1266 729 1313 784 bic
1341 730 1408 786 odio
1432 730 1533 786 haberi
1561 735 1722 792 meruisset.
1752 737 1808 793 Sed
1832 739 1861 796 iu

105 810 195 864 nitate
210 810 386 878 liberantur,
402 812 453 883 qui
471 818 569 867 autem
593 813 629 867 ab
650 829 684 868 ea
702 829 761 868 uon
783 813 958 883 liberantur,
1015 822 1137 888 utroque
1150 817 1255 872 divinae
1275 818 1475 888 dispositionis
1487 820 1628 890 judicium
1642 823 1782 880 diversam
1799 843 1861 882 me·

103 897 134 951 in
147 913 183 952 ea
197 914 257 969 qua
272 899 402 953 damnati
426 907 495 955 suut
519 901 662 956 sententia
685 901 880 957 dimittuntur.
903 903 959 956 Nec
1013 904 1136 959 ritorum
1152 911 1259 961 sortem
1274 909 1415 975 exhibuit,
1432 914 1465 963 ut
1478 909 1565 964 laceb
1580 911 1713 966 videlicet
1733 913 1861 984 eligeret,

104 984 214 1040 babent
249 1003 307 1041 nou
344 987 457 1042 liberati
495 989 573 1060 quod
605 989 640 1043 de
671 989 864 1045 damnationis
898 1005 958 1043 sure
1014 993 1089 1047 Esau
1104 1010 1171 1047 vero
1187 995 1364 1066 reprobaret.
1381 996 1462 1060 Quod
1488 996 1523 1050 de
1551 998 1663 1053 duobus
1686 1002 1861 1071 geminisdi·

104 1089 191 1144 pveuu
205 1081 388 1147 querantur:
405 1076 544 1148 quoniam
570 1079 624 1132 boc
648 1079 690 1132 eis
713 1079 852 1148 redditur,
880 1080 957 1151 quod
1012 1080 1079 1135 vina
1095 1082 1262 1138 auctoritate
1278 1084 1416 1138 docemur
1430 1085 1519 1139 Deum
1535 1086 1645 1154 iecisse,
1665 1088 1727 1156 ,hac
1748 1106 1862 1162 quoque

102 1163 181 1234 juste
195 1171 356 1219 merentur.
377 1165 488 1220 Habent
514 1181 581 1222 vero
610 1166 723 1221 liberati
749 1166 825 1222 unde
853 1168 958 1239 gratius
1013 1169 1048 1224 de
1064 1170 1196 1225 universo
1211 1172 1325 1243 generis
1344 1171 1464 1228 humaui
1479 1190 1599 1246 corpore
1620 1176 1745 1232 divinam
1778 1195 1862 1250 egere

105 1252 234 1322 ereptori
247 1270 301 1308 suo
315 1253 439 1319 solvant,
465 1255 603 1326 quoniam
626 1256 729 1310 struitis
743 1262 771 1311 et
793 1256 845 1311 hos
872 1273 959 1328 poena
1012 1258 1229 1330 dispositionem
1245 1261 1378 1316 dubitare
1392 1278 1574 1334 nequequam
1601 1264 1748 1320 debemus.
1764 1268 1863 1338 Neque

105 1341 280 1411 contineret,
299 1341 322 1398 si
338 1342 445 1397 divium
467 1344 582 1414 pietatis
598 1344 710 1399 bouitas
726 1346 767 1400 eis
781 1362 840 1401 nou
861 1348 958 1402 subve
1012 1347 1090 1402 enim
1105 1348 1325 1419 dispensationis
1351 1367 1409 1407 suae
1434 1351 1682 1422 gubernationem,
1707 1371 1764 1425 qua
1781 1371 1863 1410 muu-

105 1430 205 1484 nisset.
227 1432 302 1501 Ergo
328 1431 376 1485 cui
399 1432 498 1500 gratita
522 1449 628 1487 munus
651 1433 842 1505 impertiatur,
868 1441 896 1489 et
912 1436 957 1490 cui
1012 1437 1081 1490 dum
1099 1438 1171 1508 regit
1186 1439 1361 1506 universum,
1377 1440 1452 1494 inira
1466 1441 1587 1496 duorum
1603 1439 1753 1496 homiuum
1769 1459 1862 1514 angu-

104 1534 165 1572 nou
179 1518 325 1574 tribuatur
341 1519 445 1575 dirime
464 1521 662 1593 dispositionis
677 1523 782 1593 judicio
812 1525 957 1595 pondera·
1011 1525 1259 1580 stiascoarctavit.
1285 1528 1389 1582 Verum
1411 1527 1441 1582 in
1463 1529 1560 1598 paucis
1587 1545 1639 1583 uos
1663 1530 1777 1585 erudire
1795 1535 1862 1601 {cve-

104 1613 160 1661 tur.
178 1607 362 1680 Quapropter
382 1616 503 1680 apparel
530 1612 654 1682 geminae
692 1613 956 1683 predestinationis
1012 1613 1089 1667 lestis
1108 1614 1262 1684 prudentia
1295 1616 1394 1681 voluit,
1423 1617 1492 1688 quid
1522 1618 1557 1672 de
1587 1618 1726 1673 universis
1755 1619 1863 1674 sentire

103 1711 165 1749 esse
179 1712 343 1764 censuram,
364 1698 500 1769 quoniam
525 1702 711 1755 altereorum
736 1701 807 1756 ordo
833 1705 885 1769 est,
907 1674 1161 1772 quinebemus.
1189 1703 1266 1758 Unde
1290 1705 1403 1758 coeleste
1431 1705 1577 1759 oraculum
1610 1707 1693 1760 matri
1721 1707 1751 1761 in
1781 1712 1862 1763 utero

103 1784 296 1855 pergratiam
314 1786 483 1855 liberantur,
499 1793 527 1843 et
541 1789 726 1843 alternorum
745 1789 795 1860 qui
809 1790 862 1844 sub
876 1790 957 1844 dam-
1011 1789 1138 1858 habenti,
1155 1796 1184 1845 et
1207 1807 1294 1862 super
1323 1792 1431 1848 eisdem
1459 1793 1585 1864 parvulis
1615 1795 1771 1849 sciscitanti
1800 1797 1858 1852 ait:

104 1871 310 1928 nationissuoe
329 1876 470 1930 sententia
484 1878 666 1932 deseruntur.
687 1877 824 1949 Sequitur
837 1885 955 1933 autem:
1014 1877 1110 1930 ·llure
1124 1882 1223 1947 gentes
1246 1877 1374 1932 inutero
1403 1883 1453 1933 tuo
1481 1879 1548 1944 siut,
1576 1885 1605 1934 et
1634 1880 1691 1934 duo
1706 1882 1807 1952 populi
1826 1898 1861 1936 er

104 1957 244 2032 [Quidam
259 1963 337 2017 enim
353 1964 526 2035 gratissimae
551 1966 756 2022 misericordiae
770 1967 834 2039 ejus
850 1984 957 2039 proere·
1012 1969 1092 2019 utero
1106 1981 1158 2018 suo
1180 1965 1366 2036 egredientur
1387 1967 1463 2033 (Gerr.
1480 1981 1547 2034 xxv,
1562 1970 1618 2034 23),
1636 1968 1691 2024 »id
1711 1975 1755 2023 est
1768 1969 1861 2041 ligura

104 2050 212 2104 utentis
227 2051 336 2107 auxilio
357 2053 514 2118 salvantur,
532 2054 623 2110 allecti
640 2072 646 2110 :
665 2075 679 2104 a
703 2072 771 2110 vasu
797 2056 957 2111 misericor·
1011 2053 1069 2108 sive
1084 2054 1236 2125 prophetia
1249 2054 1372 2108 duorum
1386 2055 1561 2125 populorum
1580 2072 1587 2110 ε
1607 2071 1700 2127 neque
1725 2056 1803 2111 enim
1817 2058 1861 2113 illi

103 2137 159 2191 diae
176 2156 183 2192 ε
202 2161 213 2188 ι
231 2140 349 2210 quidem
364 2157 430 2196 vero
448 2142 564 2212 reprobi
577 2143 614 2196 ad
629 2159 745 2214 poenam
759 2144 957 2215 predestinati
1011 2142 1068 2196 duo
1085 2143 1184 2214 populi
1201 2146 1334 2214 poterant
1349 2143 1497 2214 appellari,
1512 2143 1562 2198 sed
1576 2144 1713 2215 appellati
1727 2150 1795 2199 sunt
1809 2161 1861 2200 no·

103 2226 292 2298 damnantur,
322 2229 415 2284 ellecti
450 2249 464 2282 n
494 2247 561 2285 vasa
585 2231 645 2287 ira.
673 2230 698 2304 a]
726 2233 780 2298 Qui
809 2234 956 2287 salvantur
1011 2230 1189 2302 mine,quod
1206 2232 1345 2301 gerebant
1372 2231 1521 2302 mysterio;
1541 2231 1671 2287 videlicet
1693 2233 1762 2287 dicti
1788 2232 1862 2303 :sum

104 2316 474 2386 matiaedonosalvanture
495 2320 958 2391 quinutemasaluteremaneut
1011 2320 1067 2373 duo
1082 2319 1191 2390 populi,
1215 2319 1350 2390 quoniam
1374 2319 1462 2374 totius
1490 2319 1611 2374 humaui
1642 2321 1757 2392 generis
1781 2322 1861 2393 tigu-

105 2403 206 2472 alieni,
221 2422 279 2460 non
293 2407 371 2461 luere
386 2407 421 2462 de
440 2424 561 2463 numero
576 2409 611 2464 ad
628 2410 748 2464 salutem
764 2409 956 2480 praedestina·
1010 2424 1073 2462 ram
1088 2407 1236 2478 gerebant,
1253 2408 1283 2461 iu
1298 2407 1370 2462 duas
1383 2414 1474 2462 sortes
1489 2413 1627 2479 tauquam
1639 2409 1667 2463 in
1681 2410 1752 2464 duos
1765 2425 1860 2481 popu·

105 2499 212 2548 turum.
231 2494 275 2549 llli
298 2495 527 2567 deniquediriui
544 2496 673 2552 muneris
703 2497 871 2569 dignatione
891 2503 957 2552 sunt
1010 2496 1223 2565 los2distributi,
1252 2512 1338 2551 unam
1360 2497 1493 2552 videlicet
1522 2498 1691 2568 electorum,
1720 2515 1783 2570 quse
1808 2499 1861 2554 sub

102 2582 173 2636 iacti
190 2604 202 2632 ι
219 2599 285 2637 vasa
301 2584 524 2652 misericordiae3
543 2607 553 2633 ι
571 2586 618 2640 isti
634 2602 700 2640 vero
715 2587 957 2658 sententiajustae
1009 2585 1106 2651 lacob,
1127 2585 1247 2640 alteram
1269 2586 1458 2656 reproborum
1494 2602 1559 2657 quie
1584 2586 1637 2640 sub
1667 2587 1740 2641 Esau
1766 2587 1861 2658 specie

103 2670 300 2726 damnationis
314 2672 407 2727 eliecti
426 2690 513 2728 «vasa
529 2673 596 2729 irae:
613 2697 624 2723 ι
642 2674 757 2746 utrique
774 2675 871 2747 itaque
887 2692 957 2747 pree·
1009 2673 1196 2745 figurabatur.
1212 2673 1267 2738 Qui
1285 2672 1342 2727 duo
1356 2673 1457 2744 populi
1481 2673 1593 2728 duabus
1619 2690 1734 2746 quoque
1760 2675 1860 2730 civita·

104 2757 394 2831 destinati3quiaet
421 2761 472 2827 illi,
489 2762 538 2833 qui
558 2764 649 2817 salute
671 2761 752 2834 digai
781 2765 956 2833 alliciuntur,
1009 2762 1086 2817 tibus
1108 2778 1159 2833 per
1186 2767 1348 2816 sanctarum
1378 2762 1498 2833 paginas
1524 2763 1746 2835 seripturarum,
1778 2765 1860 2819 leru-

103 2862 138 2899 ex
154 2848 579 2921 praedestiuationisproposito
596 2872 609 2900 a
626 2868 691 2906 vasa
720 2852 954 2908 misericordiae»
1010 2851 1099 2905 salem
1128 2849 1260 2904 videlicet
1296 2865 1328 2904 ao
1366 2849 1502 2922 babylon,
1541 2849 1730 2921 significatur.
1770 2852 1862 2922 igitur

105 2935 200 2989 effecti
211 2942 291 3005 suut,
307 2942 336 2992 et
350 2938 408 3005 isti,
425 2939 474 3010 qui
488 2940 579 2994 salute
605 2940 767 2996 redduntur
781 2941 904 3014 indigui,
918 2943 954 2996 si·
969 2972 989 3030 c
1011 2937 1257 3011 quemadmodum
1280 2938 1404 2994 duorum
1430 2939 1611 3010 geminorum
1636 2938 1767 2995 videmus
1790 2940 1860 2994 elte-

105 3023 216 3078 militer
244 3040 278 3079 ex
301 3025 563 3097 predestinationis
591 3027 740 3100 proposito
766 3029 859 3085 eliecti
886 3035 953 3087 sunt
1010 3043 1075 3082 rum
1091 3026 1208 3098 quidem
1225 3028 1372 3084 electionis
1387 3027 1481 3098 gratia
1507 3028 1643 3082 dilectum
1670 3029 1795 3083 alterum
1810 3044 1859 3082 ve-

107 3130 202 3167 ‹vasa
215 3114 310 3169 irae.»
332 3115 480 3188 Siquidem
502 3116 575 3173 sicut
594 3118 746 3189 proposuit
769 3119 865 3174 divina
889 3135 955 3175 cen·
1009 3130 1043 3169 ro
1073 3115 1224 3169 severitate
1252 3115 1372 3186 justitiae
1400 3115 1466 3169 odio
1500 3114 1661 3169 habitum:
1700 3115 1741 3168 sie
1773 3115 1859 3171 uimi-

104 3218 272 3274 sura‚quos
287 3205 386 3275 gratie
408 3221 469 3260 snos
485 3205 561 3261 douo
581 3206 761 3278 justificaret,
777 3208 817 3262 sic
840 3223 955 3280 quoque
1010 3218 1075 3258 rum
1099 3202 1322 3272 intelligendam
1350 3206 1393 3256 est
1423 3201 1569 3255 electionis
1598 3202 1738 3272 populum
1767 3204 1860 3272 gratia

104 3292 256 3363 proposuit
269 3308 341 3364 quos
356 3294 391 3348 ab
403 3293 489 3366 hujus
498 3295 598 3366 gratim
610 3312 728 3351 munere
744 3311 850 3352 vacuos
865 3297 956 3352 relin-
1011 3292 1110 3348 diviua
1128 3292 1278 3354 salvatum,
1308 3289 1498 3362 reproborum
1522 3293 1619 3344 autem
1641 3288 1860 3345 multitudinem

105 3386 217 3452 queret.
235 3380 320 3451 Cujus
332 3383 591 3453 predestinationis
617 3385 765 3456 geminum
787 3386 888 3441 doctor
901 3387 956 3442 iste
1010 3381 1132 3437 coelestis
1143 3379 1265 3451 justitiae
1281 3379 1432 3434 severitate
1452 3379 1630 3445 damnatam,
1651 3382 1737 3449 atque
1761 3377 1791 3433 in
1815 3378 1860 3434 di·

102 3468 312 3523 commendans
332 3471 522 3543 propositum,
548 3471 583 3525 de
611 3472 768 3527 electorum
798 3472 889 3526 salute
915 3471 956 3525 sic
1010 3471 1083 3525 vinae
1111 3468 1306 3540 dispositionis
1331 3467 1441 3541 judicio
1468 3467 1620 3522 definitum
1649 3482 1736 3539 quem
1767 3467 1861 3538 gratia

101 3557 203 3611 intulit
220 3574 228 3611 :
248 3555 380 3630 [Quidem
397 3559 475 3613 enim
491 3559 653 3630 gratissimo
674 3559 880 3615 misericordie
895 3560 956 3630 ejus
1010 3561 1108 3626 salvet,
1123 3563 1174 3615 aut
1189 3573 1276 3632 quem
1288 3557 1402 3628 iustitia
1421 3556 1546 3612 damnet.
1568 3555 1641 3610 ilinc
1665 3572 1780 3629 quoque
1796 3556 1860 3612 bea·

100 3645 308 3717 praevenientis
322 3646 429 3702 auxilio
446 3647 603 3716 salvantur,
619 3647 713 3703 ellecti
727 3669 742 3698 «
762 3665 828 3703 rasa
842 3647 955 3703 miseri·
1010 3656 1055 3705 tus
1085 3649 1212 3705 isidorus
1238 3646 1347 3703 infert:
1381 3644 1470 3719 [Unde
1498 3659 1677 3715 consequeus
1701 3649 1744 3700 est
1773 3644 1860 3701 nullis

103 3735 221 3790 cordiae.
242 3757 256 3786 s
272 3736 343 3791 Ecce
370 3737 455 3791 unius
478 3737 742 3808 praedestinationis
763 3738 955 3809 propositum,
1011 3736 1252 3809 praevenientibus
1268 3734 1378 3790 meritis
1406 3732 1529 3788 conferri
1557 3733 1691 3804 gratiam,
1723 3733 1773 3789 sed
1800 3735 1860 3789 sola

104 3824 182 3894 quod
195 3825 404 3881 commendans
419 3828 573 3898 Apostolus
586 3828 646 3882 ait:
673 3827 778 3892 «Quos
802 3827 955 3899 praescivit,
1011 3826 1158 3881 vocatione
1174 3824 1281 3892 divina,
1319 3837 1414 3894 neque
1450 3837 1626 3893 quemquam
1664 3822 1767 3877 salvari
1800 3823 1859 3878 sive

104 3914 198 3969 boset
221 3914 440 3985 predestinavit
456 3918 543 3985 (Rom.
561 3933 620 3984 vm,
647 3918 702 3986 29).
726 3935 740 3967 a
769 3918 806 3971 At
833 3932 900 3970 vero
920 3916 956 3971 de
1011 3913 1152 3980 damnari,
1171 3911 1273 3966 nisiex
1298 3911 1444 3983 proposito
1468 3908 1699 3980 praedestinantis
1715 3910 1776 3971 liei,
1808 3911 1859 3983 qui

105 4002 299 4072 reproborum
321 4003 506 4058 damnatione
530 4004 628 4059 doctor
659 4005 782 4061 isidorus
808 4005 848 4060 ita
863 4004 954 4060 dicit:
1008 4004 1104 4075 justus
1116 4006 1159 4056 est
1173 4001 1202 4056 in
1217 3998 1386 4071 reprobatis,
1403 3996 1564 4052 misericors
1580 3996 1609 4051 in
1625 3997 1745 4051 electis:
1763 4019 1776 4044 «
1793 3998 1858 4051 uni-

107 4090 228 4155 Quidam
244 4107 313 4146 vero
328 4092 473 4164 reprobati
488 4094 523 4148 ad
536 4109 652 4165 poenam
668 4093 864 4164 praedestinati
878 4094 957 4148 dam·
1013 4106 1101 4146 versas
1125 4089 1178 4144 vire
1208 4086 1323 4143 Domini
1354 4084 1560 4151 misericordia,
1586 4088 1615 4140 et
1641 4084 1744 4138 veritas
1772 4086 1856 4152 (Psat.

110 4183 224 4247 uantur,
240 4179 335 4235 effecti
353 4200 367 4230 a
379 4196 443 4235 vass
461 4181 522 4249 irre,
534 4202 549 4231 a
564 4180 754 4236 nibilominus
767 4180 845 4236 aliud
861 4187 955 4236 osten·
1010 4196 1065 4248 xrv,
1082 4178 1134 4250 ld).
1149 4175 1160 4250 ]
1176 4198 1190 4228 a
1215 4177 1245 4233 si
1262 4175 1340 4231 enim
1363 4175 1450 4230 lacob
1469 4174 1644 4245 justificatur
1657 4172 1774 4245 quidem
1804 4178 1856 4243 est,

113 4266 178 4321 dens
207 4267 474 4340 praedestinationis
504 4269 698 4340 propositum.
733 4270 860 4324 Doctoris
886 4285 955 4340 ergo
970 4274 993 4330 D
1011 4266 1097 4323 nullis
1111 4271 1208 4321 tamen
1222 4262 1449 4337 praecedentibus
1472 4262 1589 4329 meritis,
1615 4262 1665 4317 sed
1687 4262 1747 4317 sola
1775 4278 1857 4318 voea-

115 4354 191 4411 istias
205 4357 393 4412 institutione
416 4357 615 4429 cognoscimus
634 4357 785 4413 manifeste
810 4357 957 4429 geminam
1012 4354 1090 4409 tione
1104 4354 1211 4423 divina,
1227 4367 1407 4424 consequens
1421 4354 1464 4406 est
1490 4355 1521 4406 ut
1535 4367 1636 4405 omnes
1663 4350 1746 4406 electi
1764 4351 1859 4435 'nullis

116 4445 406 4514 praedestinationem,
423 4447 608 4519 quametiam
624 4446 956 4517 subexemploduorum
1012 4443 1240 4515 precedentibus
1269 4441 1389 4509 meritis,
1419 4440 1467 4495 sed
1496 4439 1557 4494 sola
1585 4438 1736 4495 voeuuone
1762 4439 1860 4496 divina

118 4534 294 4602 geminorum
308 4535 481 4590 confirmans
500 4535 673 4592 subintulit:
696 4536 778 4601 Quod
792 4535 827 4591 de
840 4537 911 4590 Esau
928 4539 956 4591 et
1008 4532 1211 4604 justificentur,
1233 4536 1266 4586 ut
1280 4529 1358 4603 quod
1373 4529 1404 4584 in
1424 4544 1482 4583 uuo
1496 4527 1659 4600 accepimus
1672 4527 1791 4595 factum,
1805 4529 1860 4584 hoe

120 4623 195 4678 laceb
208 4625 335 4679 necdum
350 4624 424 4680 natis
439 4624 596 4697 colligitur,
628 4624 760 4698 quidum
780 4628 875 4680 essent
899 4640 958 4680 una
1011 4622 1044 4677 iu
1072 4620 1206 4676 universo
1235 4620 1390 4674 electorum
1419 4632 1539 4671 numero
1566 4631 1771 4687 cognoscamus
1800 4616 1857 4688 agi.

121 4715 297 4786 conceptione
312 4720 341 4768 et
355 4719 440 4786 partu
454 4716 532 4784 editi,
548 4715 670 4787 parique
685 4731 758 4770 nexu
775 4715 882 4786 pcccati
896 4714 958 4768 ori·
1014 4712 1145 4781 Dumque
1162 4708 1230 4765 dicit
1250 4722 1487 4781 unumquemque
1501 4705 1604 4761 salvari
1624 4706 1682 4761 sive
1698 4705 1858 4777 reprobari,

123 4802 213 4871 ginalis
228 4803 350 4871 astricti,
369 4805 492 4860 alterum
509 4809 605 4859 tamen
620 4820 720 4859 eornm
735 4804 768 4858 ad
798 4820 827 4858 se
845 4803 957 4858 miseri·
1013 4797 1082 4869 eligi
1098 4797 1142 4853 vel
1154 4795 1303 4868 reprobari
1316 4812 1351 4851 ex
1373 4795 1520 4868 proposito
1545 4793 1775 4866 praedestinantis
1797 4793 1858 4860 Dei,

122 4892 213 4947 cordiae
247 4891 354 4947 divinae
379 4893 559 4965 preveniens
585 4893 697 4949 bouitas
713 4892 838 4964 gratuita
866 4893 955 4964 gratia
1012 4889 1097 4945 docet
1120 4886 1271 4941 manifeste
1295 4885 1420 4956 gemina
1435 4882 1696 4956 predestinationis
1710 4895 1857 4937 moenum.

123 4981 205 5048 traxit,
222 4983 347 5036 alterum
362 4982 486 5053 quadam
501 4982 621 5054 justitie
645 4981 794 5039 severitate
824 4981 890 5037 odio
906 4982 955 5036 ba·
1013 4978 1112 5050 Neque
1138 4976 1216 5030 enim
1248 4974 1315 5028 uovi
1348 4973 1533 5044 conceptione
1560 4971 1681 5036 consilii,
1708 4975 1760 5025 aut
1782 4967 1858 5021 hune

125 5068 202 5125 bitum
217 5071 247 5125 in
268 5086 362 5126 massa
388 5071 556 5142 perditionis
583 5071 716 5128 relictum
732 5071 892 5138 damnavit;
918 5070 958 5125 sie
1013 5067 1113 5133 salvat,
1128 5064 1211 5119 illum
1226 5065 1354 5129 damnat,
1371 5067 1421 5117 aut
1434 5063 1510 5117 bunc
1532 5061 1624 5132 eligit,
1649 5060 1732 5114 illum
1756 5069 1858 5125 repro-v

126 5160 393 5230 etperpropbetam
417 5160 494 5215 idem
521 5161 660 5215 Dominus
686 5159 815 5231 loquitur
837 5159 955 5214 diceus:
1012 5155 1194 5212 bat:verum
1208 5153 1249 5207 ita
1272 5153 1308 5208 de
1323 5150 1445 5223 singulis
1466 5166 1519 5224 per
1532 5154 1696 5245 temporum
1711 5150 1858 5244 momenta

127 5247 227 5303 «tmob
239 5247 339 5315 dilexi,
358 5248 430 5303 lisau
450 5253 547 5305 autem
562 5249 629 5304 odio
650 5248 748 5304 babai.
773 5247 798 5321 a]
828 5247 959 5304 Ostendit
1013 5243 1152 5309 decrevit3
1170 5241 1281 5297 sicutiu
1289 5240 1458 5297 aeternitatis
1473 5255 1532 5294 suae
1550 5236 1744 5333 consilroaute
1759 5249 1859 5334 omnia

128 5331 208 5406 itaque
223 5336 325 5392 doctor
339 5337 496 5393 catholicus
510 5343 666 5410 utrumque
686 5338 804 5393 tratrem
818 5336 882 5409 pari
894 5338 957 5408 lege
1014 5341 1145 5404 tempore
1166 5327 1555 5403 predestinavit,sicutetds
1565 5340 1600 5379 eo
1610 5323 1834 5394 Scripturadrcrt
1849 5339 1857 5380 t

129 5425 246 5481 raaudi
270 5425 360 5482 simili
384 5426 546 5483 conditione
570 5427 678 5498 peceati
701 5426 786 5483 tuisse
801 5426 956 5494 devinctos,
1018 5448 1027 5476 ι
1044 5423 1099 5490 Oui
1109 5422 1178 5478 lecit
1187 5437 1252 5495 qure
1262 5421 1360 5477 futura
1371 5423 1438 5475 sunt
1453 5419 1518 5486 (lea.
1532 5430 1595 5512 rev,
1613 5416 1641 5468 ll
1659 5429 1710 5470 see.
1728 5413 1806 5485 LXX)
1822 5429 1856 5469 :a

131 5509 235 5570 alterum
247 5530 351 5571 eorum
363 5516 486 5572 ecclesus
501 5515 600 5588 matie
614 5531 735 5574 munere
748 5516 901 5586 salvatum,
911 5514 958 5570 al-
1012 5513 1042 5569 id
1057 5516 1101 5570 est
1113 5511 1212 5570 omnia
1226 5525 1292 5584 qua
1304 5506 1467 5566 diversitate
1481 5502 1641 5560 labentium
1663 5507 1859 5577 temperatus
