3930 6098
105 234 157 289 78³

701 226 816 285 lSONIS
834 226 1088 284 SANGALLENSIS
1108 226 1264 284 llONAClll
1805 227 1855 281 781

105 370 181 440 regis
193 367 450 440 archicapellanum
478 364 513 419 dc
533 364 587 419 hac
609 380 639 417 re
659 367 829 419 tractaturus
848 378 949 434 aggre·
968 364 1115 419 Abonore
1126 335 1648 418 sauctumvirumexeodemoratorio
1660 362 1745 434 jubet
1760 366 1854 417 trans·

105 456 192 512 ditur.
206 458 271 512 Post
286 456 389 510 amicae'
400 470 467 508 sero
480 453 659 507 salutationis
679 452 772 507 ostiola
797 468 863 506 cum
887 468 951 506 mu·

105 545 162 601 tuis
182 545 258 599 inter
281 559 311 598 se
336 542 487 613 colloquiis
514 541 578 596 ritus
603 541 728 611 rigorem
751 557 782 595 ac
815 540 953 595 miracula

105 634 140 688 ob
153 632 289 687 indicium
306 629 463 684 sanctitatis
479 629 540 699 ejus
558 629 724 700 frequenter
746 635 859 682 ostensa
876 644 952 682 com-

105 723 306 780 memorarent,
323 718 478 771 monachos
501 716 631 786 ejusdem
655 715 779 770 coeuobii
807 716 837 768 in
863 731 952 769 unum

103 807 256 862 convenire
271 805 442 877 praecipiunt
460 821 466 858 ε
483 803 627 875 simulque
647 819 712 858 cum
728 803 768 857 eis
784 802 952 869 residentes,

104 900 233 950 sanctum
259 893 408 964 corpusne
431 893 552 959 tumulto,
575 893 603 945 in
619 908 676 963 quo
690 897 808 946 eatenus
829 890 951 962 jacebat,

104 982 293 1038 auferendum
310 988 396 1052 atque
410 981 440 1034 in
458 981 548 1035 sancti
571 980 642 1035 Galli
668 981 786 1035 ecclesia
809 979 954 1033 collocan-

104 1073 173 1128 dum
186 1070 249 1142 pari
269 1075 334 1124 voto
355 1084 387 1123 ac
408 1069 555 1123 communi
581 1069 699 1123 consilio
725 1084 827 1122 omues
849 1066 953 1122 unani-

105 1160 190 1214 miter
203 1158 369 1214 decernunt.
384 1157 562 1212 Venerabilis
578 1157 663 1211 etiem
680 1157 765 1211 abbas
781 1157 952 1222 Grimaldus,

104 1247 297 1320 quorumdam
311 1246 423 1299 animos
438 1252 516 1300 metu
536 1262 568 1300 ac
582 1245 736 1300 formidine
751 1246 877 1299 sentiens
891 1261 953 1299 esse

104 1340 262 1407 permotos,
278 1334 467 1389 confidentior
477 1335 588 1389 caeteris
599 1334 726 1401 effectus,
743 1333 952 1388 infirmantium

105 1429 215 1480 mentes
241 1421 415 1478 consolando
439 1423 565 1489 roborat,
590 1427 619 1477 et
639 1428 764 1494 palernre
795 1421 954 1476 allectionis

105 1513 199 1568 studio
216 1511 421 1583 trepidantium
435 1512 520 1566 corda
536 1511 683 1576 informat,
707 1518 837 1566 astruens
853 1527 886 1565 er
910 1509 953 1565 di·

104 1603 178 1656 vinoe
200 1600 355 1655 voluntatis
379 1599 567 1671 dispositione
591 1600 755 1670 procedere,
787 1598 862 1670 quod
894 1603 952 1652 tum

1006 451 1075 507 ferri
1094 492 1101 507 .
1117 454 1194 508 Tunc
1208 469 1275 507 vero
1287 452 1380 507 omnis
1393 452 1441 506 illa
1451 452 1657 507 monachorum
1674 452 1855 522 congregatio

1007 540 1078 595 albis
1102 541 1238 594 continuo
1261 541 1385 594 restibus
1411 539 1521 607 induta,
1547 540 1622 595 dulci
1661 539 1857 594 modulatione

1007 628 1036 682 in
1053 629 1102 683 Dei
1118 629 1250 684 laudibus
1264 644 1486 700 proprumpens,
1497 629 1572 682 beati
1587 629 1640 682 riri
1655 644 1761 700 corpus
1778 629 1856 682 lata·

1006 717 1105 771 hunda
1119 718 1311 789 prosequitur.
1340 716 1442 787 Sicque
1458 730 1510 785 per
1530 731 1693 769 numerosus
1726 713 1856 768 multitu·

1007 806 1081 861 dinis
1094 808 1214 876 populos
1234 822 1306 877 quos
1320 821 1402 859 amor
1425 805 1618 859 translationis
1643 806 1706 876 eJ'us
1733 808 1856 858 attraxe-

1006 900 1060 961 rat,
1079 910 1183 964 magno
1198 910 1264 949 cum
1278 894 1389 948 honore
1406 893 1542 948 deductus
1562 893 1711 948 ecclesiam
1728 892 1759 947 S.
1786 891 1854 946 Galli

1007 983 1179 1053 ingreditur,
1196 999 1227 1036 ac
1238 982 1322 1050 juxta
1337 981 1399 1051 ejus
1413 981 1504 1034 altare
1528 980 1557 1034 in
1583 980 1682 1035 dextre
1708 985 1792 1050 parte
1811 979 1856 1032 de·

1007 1072 1132 1143 ponitur.
1155 1070 1309 1141 Episcopus
1338 1073 1435 1123 autem
1463 1068 1695 1123 animadvertens
1720 1067 1854 1138 trequen-

1007 1160 1076 1215 tiam
1089 1160 1273 1231 populorum,
1292 1160 1340 1229 qui
1357 1157 1476 1211 diversis
1487 1172 1520 1209 ex
1536 1155 1666 1226 partibus
1678 1154 1730 1208 illo
1758 1168 1855 1208 coure-

1008 1252 1119 1312 nerant,
1136 1247 1245 1318 aliquid
1264 1246 1299 1300 de
1315 1247 1464 1299 sanctitate
1480 1244 1542 1314 ejus
1562 1242 1635 1298 velle
1655 1242 1769 1309 aridire,
1795 1257 1854 1296 cum

1007 1342 1127 1407 propter
1159 1335 1275 1406 trigoris
1309 1333 1526 1404 subreptionem
1552 1331 1679 1386 {aricium
1706 1330 1855 1385 raucedine

1007 1424 1163 1496 impeditos
1186 1423 1246 1493 ipse
1262 1423 1295 1477 ad
1311 1438 1361 1476 eos
1377 1421 1454 1492 loqui
1470 1437 1527 1475 non
1546 1419 1689 1491 potuisset
1705 1418 1854 1490 quemdam

1008 1512 1286 1584 archipresbyterum
1311 1511 1461 1566 ambonem
1482 1519 1492 1545 t
1513 1509 1718 1575 conscendere,
1744 1522 1777 1562 ac
1799 1507 1853 1561 sice

1009 1601 1053 1655 sui
1069 1616 1230 1654 sermonem
1246 1601 1280 1654 ed
1292 1601 1431 1671 populum
1442 1599 1534 1654 iacere
1547 1599 1633 1670 jussit
1649 1614 1656 1652 ε
1671 1598 1713 1652 ita
1730 1596 1855 1651 uidelicet

107 1689 190 1745 multi
216 1689 251 1744 dc
276 1688 374 1743 eodem
405 1688 518 1742 tumulo
547 1688 637 1742 sancti
663 1689 717 1742 viri
754 1676 1200 1760 corpusculumssirtpresuyter
1211 1689 1272 1758 ipse
1288 1688 1382 1743 altiori
1396 1688 1547 1759 paululum
1567 1688 1629 1741 loco
1649 1685 1807 1742 consistens
1824 1700 1853 1738 ea

105 1778 301 1833 desiderarent
325 1776 446 1831 auterre.
470 1777 577 1831 Presul
597 1781 691 1831 autem
713 1778 868 1848 preclarus
891 1793 956 1831 cum
1009 1782 1121 1833 tautum
1136 1778 1286 1850 proferret,
1304 1794 1368 1849 quo¹
1389 1777 1442 1831 sibi
1464 1777 1615 1848 episeopus
1638 1775 1669 1830 in
1686 1773 1783 1830 ricino
1805 1789 1850 1844 po·

106 1867 306 1921 abbatemtam
326 1864 496 1920 fiducialiter
514 1867 543 1918 in
559 1865 603 1919 his
618 1865 703 1919 rebus
724 1882 823 1936 gerere
843 1864 956 1935 conspi-
1010 1867 1081 1922 situs
1104 1867 1224 1923 dicenda
1249 1867 1417 1921 insinuaret.
1440 1864 1602 1937 Aliquantis
1615 1879 1685 1934 ergo
1707 1863 1775 1917 ritae
1797 1863 1851 1933 ejus

105 1960 189 2022 ceret,
207 1956 373 2010 Hermetem
402 1952 464 2026 [ol.,
489 1951 675 2025 harmodum]
701 1955 839 2009 decanum
866 1962 958 2007 ¹²una
1010 1957 1148 2027 exemplis
1168 1972 1200 2009 ac
1215 1957 1367 2011 virtutibus
1392 1970 1487 2008 coram
1507 1953 1616 2025 populo
1639 1952 1767 2007 breviter
1788 1950 1851 2005 reci·

105 2045 291 2098 cumcaetcris
305 2042 441 2097 tratribus
459 2057 555 2096 secum
577 2042 731 2113 assumpsit
748 2057 754 2098 :
771 2047 800 2096 et
814 2042 849 2097 ad
865 2041 959 2113 sepul·
1010 2045 1086 2110 tatis,
1113 2044 1266 2098 missarum
1292 2043 1430 2097 solemnia
1455 2046 1644 2113 peraguntur,
1678 2040 1851 2112 populosque

105 2133 360 2205 c'rumtaccedens,
395 2130 521 2202 lapidem
555 2130 767 2202 superpositum
799 2145 956 2194 removere,
1010 2134 1186 2188 adsuacum
1206 2133 1311 2203 gaudio
1334 2131 1512 2200 revertitur;
1539 2128 1849 2201 episcoposvemipss

104 2222 257 2292 ipsumque
288 2219 497 2291 sarcophagum
522 2218 552 2272 in
578 2235 635 2290 quo
659 2220 811 2273 thesaurus
839 2217 958 2290 pretiosi
1010 2226 1092 2277 nocto
1106 2221 1208 2275 mansit
1226 2221 1255 2275 in
1280 2219 1465 2274 monasterio.
1490 2219 1568 2274 llane
1586 2224 1684 2274 autem
1701 2216 1849 2283 faemos-

105 2309 233 2380 corporis
246 2309 370 2380 jacebat,
394 2307 531 2380 praeoepit
547 2308 670 2378 aporire.
694 2307 756 2372 Orio
769 2307 842 2361 lacto
861 2322 955 2361 mem·
1010 2315 1068 2365 tres
1079 2310 1109 2364 in
1124 2325 1214 2364 riuum
1230 2309 1348 2380 colligit,
1363 2314 1450 2380 etque
1463 2308 1537 2362 inter
1553 2307 1608 2362 alia
1630 2321 1720 2361 sacres
1743 2305 1850 2360 institu-

104 2398 157 2453 bra
179 2397 326 2451 sanctitate
348 2399 435 2467 plena
458 2397 624 2468 inspiciens,
648 2397 804 2450 monachos
826 2395 956 2450 litaniam
1010 2399 1097 2453 tionis
1136 2399 1308 2453 documenta
1347 2398 1382 2452 de
1418 2397 1509 2451 sancti
1536 2396 1591 2450 siri
1625 2394 1740 2449 meritis
1766 2399 1850 2448 certus

107 2491 232 2553 cantare,
260 2485 450 2556 precibusque
489 2485 598 2539 devotis
636 2485 768 2539 hortatur
809 2485 952 2539 insistere.
1010 2489 1144 2555 existens,
1160 2487 1337 2541 confidenter
1357 2486 1497 2557 praecipit,
1517 2489 1548 2538 ut
1566 2484 1788 2556 superveniente
1810 2483 1849 2538 de·

107 2575 216 2630 Deinde
239 2573 414 2627 venerandas
439 2573 529 2627 sancti
555 2573 647 2627 Putris
669 2573 784 2627 exuvias
808 2570 957 2627 humiliter
1009 2577 1161 2648 positionis
1176 2576 1238 2647 ejus
1253 2576 1300 2629 die
1315 2574 1427 2645 vigilias
1437 2590 1469 2628 ac
1480 2574 1632 2628 missarum
1648 2573 1790 2628 solemnis
1803 2572 1848 2626 ho·

106 2664 286 2731 deosculans,
300 2677 365 2714 cum
381 2661 460 2715 omni
484 2660 696 2716 reverentiade
722 2661 834 2715 tomulo
864 2660 957 2716 suble·
1009 2665 1128 2719 norifice
1150 2663 1311 2735 perficiant,
1339 2663 1472 2734 diemque
1500 2662 1583 2716 illum
1615 2666 1675 2716 tam
1701 2661 1846 2732 ipslqoam

106 2753 192 2817 savit,
208 2751 279 2806 etin
295 2749 403 2815 lectica,
418 2767 482 2820 quae
498 2751 612 2804 illarum
635 2750 763 2821 receptui
786 2752 872 2821 paulo
889 2755 955 2805 unte
1010 2754 1105 2808 omnis
1116 2753 1226 2807 familia
1241 2751 1316 2806 infra
1331 2750 1537 2805 monasterium
1552 2749 1685 2804 instituta
1700 2749 1732 2804 iu
1747 2749 1844 2804 bonore

106 2843 256 2910 compacta
265 2839 369 2904 luerat,
385 2839 522 2908 reposuit.
540 2838 598 2893 Sub
613 2839 705 2910 capite
722 2844 819 2894 autem
835 2843 863 2893 et
882 2838 957 2893 circa
1012 2844 1039 2896 B.
1066 2841 1196 2897 othmari
1216 2841 1345 2896 feriando
1369 2855 1434 2894 cum
1458 2839 1565 2906 garrdio
1590 2838 1730 2909 spiritalis
1752 2837 1844 2892 letitie

106 2926 273 2998 pectusviri
300 2927 349 2980 lici
377 2926 507 2997 quadam
532 2926 616 2997 panis
644 2928 755 2994 rotulae,
780 2943 844 2998 quae
872 2926 972 2997 vulgo¹
1009 2930 1141 2985 festivum
1158 2931 1335 3001 possideant.
1354 2928 1550 2984 llisomnibus
1571 2927 1622 2992 ita,
1646 2925 1844 2988 utretulimos,

84 3015 453 3097 Ι0111111131)(1111111111,111
473 3015 673 3087 illaesaeutque
693 3016 728 3070 ab
753 3015 832 3069 omni
857 3032 954 3070 corru-
1009 3019 1140 3091 peractis,
1161 3020 1264 3089 praesul
1292 3018 1434 3088 benignus
1463 3017 1643 3072 emtionibus
1665 3016 1795 3080 fratrum,
1816 3027 1841 3066 ec

107 3106 207 3176 ptione
224 3109 366 3159 extranea
387 3105 422 3159 ab
444 3104 546 3159 eodem
567 3104 700 3175 episcopo
724 3103 954 3171 inveniebantur,
1008 3108 1207 3164 benedictione
1222 3106 1360 3173 munitus,
1378 3104 1582 3160 monesterium
1601 3103 1684 3159 laetus
1699 3103 1840 3175 egreditur.

107 3199 138 3248 ul
151 3193 181 3248 iu
209 3194 289 3248 nulla
305 3193 425 3248 omuino
443 3197 525 3263 parte
545 3193 669 3247 colorem
696 3193 740 3247 uel
764 3193 887 3264 speciem
912 3192 957 3247 sui

107 3283 279 3342 amittentes,
296 3280 498 3351 aspicientium
514 3281 604 3335 oculis
620 3280 695 3335 inira
717 3281 956 3353 spatium-ipsios
1352 3247 1464 3302 CAPUT
1483 3246 1517 3304 V·

107 3370 296 3426 hebdomadae
315 3369 482 3424 riderentur
501 3385 560 3423 esse
580 3369 801 3435 consecracio
825 3386 892 3425 sero
908 3388 955 3425 or·
1009 3357 1189 3412 Abbt'evl'alw
1208 3360 1357 3426 ‘mmmm
1378 3357 1407 3409 5²²
1429 3353 1527 3423 lm'b‘ss
1550 3356 1762 3408 mmmmm&
1779 3363 1838 3420 lm·

108 3458 175 3514 diue
192 3473 284 3529 quove
313 3458 490 3528 intempore
520 3474 553 3512 eo
577 3457 632 3511 loci
653 3459 846 3529 pervenerint,
873 3457 957 3512 nobis
1348 3424 1448 3479 M'm‘r
1466 3439 1519 3479 '⁶⁵'

107 3547 225 3620 quidem
241 3544 433 3616 incognitum,
449 3547 508 3600 Deo
520 3551 616 3600 autem
632 3546 765 3610 novimus
781 3561 841 3600 esse
859 3543 956 3600 mani·
1046 3550 1184 3615 Quovero
1199 3554 1364 3621 temporum
1392 3551 1478 3612 statu,
1505 3547 1550 3601 vel
1573 3545 1626 3600 sub
1649 3545 1755 3617 quibus
1773 3541 1839 3614 regui

107 3637 221 3692 testum.
239 3635 297 3690 lloc
320 3639 418 3689 tamen
439 3650 539 3689 omues
565 3651 617 3704 pro
645 3639 721 3688 certo
741 3633 857 3700 scimus,
878 3632 957 3705 quod
1011 3637 1190 3709 principibus
1204 3637 1265 3691 brec
1280 3636 1489 3707 gestaloerint,
1512 3635 1535 3689 si
1550 3634 1615 3706 quis
1630 3633 1678 3706 pie
1703 3631 1837 3707 querendo

108 3741 160 3797 per
180 3724 296 3795 triginta
322 3725 449 3794 quinque
472 3739 562 3777 anuos
587 3722 682 3776 nullus
705 3722 869 3776 mortalium
896 3723 957 3794 ejus
1009 3742 1180 3797 cognoscere
1202 3727 1287 3797 cupit,
1306 3725 1337 3778 in
1352 3725 1405 3779 hac
1422 3727 1526 3779 nosue
1542 3723 1762 3793 conscriptionis
1782 3718 1837 3775 serie

107 3815 270 3886 sepulcrum
282 3812 405 3882 aperuit,
424 3816 577 3883 antequam
590 3827 717 3884 praesens
733 3811 885 3883 episcopus
901 3811 956 3865 mi·
1009 3814 1091 3870 facile
1106 3814 1211 3886 poterit
1224 3814 1352 3868 iuvenire
1374 3813 1449 3885 quod
1461 3811 1585 3884 quierit.
1603 3812 1668 3882 lpsa
1689 3811 1766 3865 euim
1784 3814 1838 3862 teor·

71 3934 75 3942 .
107 3902 218 3957 nisterii
233 3901 277 3956 sui
288 3901 376 3955 frctus
391 3900 569 3967 auctoritate,
587 3899 715 3972 eiusdem
727 3899 957 3970 congregationis
1009 3919 1113 3976 porum
1128 3908 1234 3959 statuta
1248 3902 1302 3957 hoc
1326 3902 1355 3956 in
1369 3902 1430 3956 loco
1443 3901 1510 3956 ideo
1526 3899 1757 3971 conscripsimus,
1778 3900 1805 3950 ut
1816 3895 1837 3947 et

106 3989 243 4045 fratribus
257 3988 311 4043 hoc
327 3988 488 4043 faciendum
513 3987 648 4058 injunxit.
672 3988 749 4043 Idem
773 3992 869 4041 tamen
894 3986 956 4059 epi·
1009 3992 1167 4064 legentium
1192 3991 1279 4046 fidem
1305 3989 1478 4057 custodiant,
1505 3989 1644 4059 majorem
1665 3986 1740 4059 opud
1762 3986 1837 4056 poste·

108 4078 423 4150 scopusveneraliiliter
438 4093 484 4129 eas
499 4091 648 4130 assumens
672 4092 752 4130 sacro
778 4075 890 4147 corpori
906 4093 955 4147 ap·
1009 4097 1056 4136 ros
1085 4080 1213 4152 vigorem
1242 4079 1287 4134 sui
1320 4079 1505 4134 adnotatione
1541 4076 1655 4148 scriptis
1693 4072 1833 4129 cxlribeaut.

108 4168 214 4238 posuit,
230 4166 384 4237 ipsumque
404 4181 508 4235 corpus
528 4180 592 4219 curn
609 4180 723 4218 summa
737 4165 848 4219 cautela
871 4166 957 4219 obvo-
1010 4168 1102 4239 lgitur
1121 4166 1221 4221 beatos
1248 4166 1412 4233 Othmarus,
1438 4163 1540 4235 primis
1565 4163 1743 4233 temporibus
1764 4152 1835 4215 carol

108 4257 200 4310 lutum
215 4254 245 4308 in
261 4255 359 4307 lectica
385 4252 517 4323 superius
537 4253 612 4307 dicta
636 4251 794 4307 honorilice
812 4268 956 4307 commen·
973 4255 1100 4340 Dpatris
1114 4253 1295 4310 carlomanni
1309 4259 1336 4307 et
1351 4252 1465 4325 Pippini
1481 4268 1497 4306 a
1522 4252 1698 4305 Waltramuo
1717 4245 1797 4303 nobili
1811 4255 1834 4295 so

109 4343 194 4399 davil·
1010 4348 1127 4415 potente
1143 4343 1203 4398 viro
1216 4343 1252 4397 sd
1268 4342 1395 4414 ejusdem
1408 4341 1502 4397 Caroli
1512 4339 1698 4412 presentiam
1709 4337 1832 4394 adductus,

1010 4433 1142 4488 cellulam
1162 4432 1190 4487 S.
1206 4431 1276 4486 Galli
1297 4429 1512 4501 gubernandam
1529 4429 1563 4484 ab
1578 4429 1628 4483 illo
1639 4428 1769 4499 suscepit,
1781 4422 1833 4494 eju

1010 4537 1066 4594 que
1081 4520 1273 4593 possessiones
1294 4535 1346 4591 per
1369 4519 1460 4573 molta
1485 4532 1625 4571 annorum
1650 4515 1740 4588 spatia
1759 4514 1784 4567 in
1801 4505 1832 4561 di·

1009 4610 1096 4664 versis
1110 4609 1195 4664 rebus
1210 4608 1346 4663 nobiliter
1358 4607 1573 4678 augmentando
1597 4604 1733 4661 dilatarit.
1754 4598 1831 4658 netur·
1884 4630 1887 4639 ·

1009 4702 1053 4751 cto
1069 4700 1164 4751 autem
1180 4696 1292 4762 Carolo,
1307 4710 1365 4749 non
1384 4699 1450 4764 post
1465 4695 1568 4748 multos
1591 4709 1684 4747 annos
1707 4691 1776 4746 fliius
1787 4685 1830 4754 ejus

444 4483 557 4538 CAPUT
573 4484 617 4538 lv.

107 4593 185 4648 Bruti
206 4589 333 4647 Otbmori
357 4589 522 4715 transtatilqb
537 4596 580 4716 eta
583 4592 743 4656 festivitatis
765 4589 824 4661 ejus
848 4591 955 4646 indicto

453 4676 481 4716 oe
523 4677 556 4714 ro
580 4676 605 4715 o.

142 4785 209 4862 Post
222 4783 284 4840 hacc
298 4782 386 4854 igitur
401 4783 474 4837 facto
486 4782 637 4837 intervallo
657 4783 738 4854 quasi
754 4784 833 4838 horae
857 4784 953 4854 unius,

106 4874 211 4947 presul
222 4874 341 4928 deuotus
354 4873 472 4928 hortatu
490 4871 627 4927 Grimaldi
648 4872 758 4927 abbatis
769 4872 867 4928 debito
889 4889 954 4935 cum

107 5013 265 5067 monachus
289 5012 452 5085 proabbatis
472 5012 558 5082 gessit
575 5013 712 5081 officium,
725 5029 869 5069 successor
885 5030 954 5086 pos·

105 5090 152 5138 tea
167 5085 266 5139 lactus.
280 5083 546 5208 hegoullatbertom,
562 5100 624 5165 cap.
641 5087 657 5140 8
670 5091 698 5139 et
713 5101 792 5167 seqq.

141 5158 306 5226 ‘lsposteu
344 5155 483 5208 rumoaldo
503 5156 599 5210 abbati
625 5162 768 5216 successit,
792 5171 867 5210 anno
890 5157 953 5223 872,

4 5273 15 5287 .
106 5227 254 5283 laudatum
264 5226 339 5295 apud
353 5224 518 5280 [lutbertum
534 5227 705 5282 monachum
715 5227 744 5281 iu
755 5227 955 5282 librodeCasi·

108 5299 162 5351 bus
174 5298 302 5369 ejusdem
319 5297 486 5351 monasterii
499 5312 560 5367 cap.
576 5299 592 5350 9
606 5302 635 5351 et
647 5301 689 5363 to,
707 5303 804 5369 postea
815 5298 952 5365 inclusos,

106 5372 177 5421 teste
193 5366 344 5438 Anonymi)
363 5366 456 5423 Sancti
478 5367 602 5423 Gallensi
621 5368 651 5421 in
667 5370 716 5423 lib.
734 5384 754 5423 u
775 5370 810 5424 de
825 5370 888 5424 Vite
900 5369 953 5424 Ca·

108 5438 163 5491 ruli
176 5439 280 5509 Magni,
296 5454 359 5508 cop.
383 5441 423 5491 lt.

142 5508 208 5563 blle
224 5509 326 5563 obtatis
341 5523 391 5562 seu
407 5507 600 5563 oblationibus
615 5524 686 5578 quas
710 5509 816 5564 hostias
839 5513 951 5576 vocent,

1010 4785 1215 4840 Carlomaunus
1231 4784 1327 4839 divino
1347 4783 1389 4855 (ut
1401 4784 1530 4855 putator)
1547 4797 1645 4836 amors
1669 4778 1775 4835 omissis
1792 4783 1829 4863 δὲ

1009 4875 1112 4928 colaris
1125 4889 1241 4945 pompae
1254 4871 1373 4940 deliciis,
1399 4887 1536 4943 germano
1555 4886 1607 4925 suo
1633 4869 1752 4942 Pippino
1772 4870 1829 4929 regul

1009 5019 1103 5070 actum
1120 5013 1150 5069 in
1164 5014 1332 5069 Prolatione
1344 5014 1379 5068 ad
1392 5013 1475 5068 istius
1490 5012 1585 5069 saecuti
1596 5017 1707 5066 tomum
1718 5008 1828 5082 primun

1043 5113 1054 5140 e
1081 5086 1183 5140 Balbus
1214 5087 1245 5140 in
1274 5085 1442 5141 catholieo:
1469 5084 1555 5138 Ambo
1582 5085 1731 5153 pulpitum,
1746 5079 1787 5134 uti
1805 5078 1829 5121 0³
1884 5094 1887 5149 1

1008 5157 1138 5211 ambobus
1152 5158 1278 5226 partitus
1299 5161 1363 5211 sont
1387 5155 1502 5222 gradus,
1524 5160 1549 5208 et
1564 5155 1637 5208 idem
1650 5154 1753 5208 dicitur
1771 5149 1829 5204 Alth

1007 5230 1129 5294 Amoois,
1145 5228 1234 5294 male;
1257 5228 1363 5282 rectius
1382 5225 1495 5278 ἀπὸτοῦ
1521 5223 1668 5297 &postcom
1692 5220 1830 5278 ameoout·

1008 5299 1131 5355 llistoria
1160 5299 1315 5370 Tripartitu
1343 5299 1373 5352 in
1402 5298 1452 5352 lib.
1467 5312 1493 5364 x,
1510 5312 1571 5367 cap.
1588 5297 1616 5361 t,
1632 5295 1753 5351 residens
1771 5289 1832 5354 ,opo

1007 5371 1154 5436 umbonem,
1179 5370 1227 5423 uti
1249 5370 1351 5425 solebat
1375 5371 1455 5438 prius
1481 5370 1603 5423 consuete
1629 5369 1723 5433 fucere
1751 5363 1830 5418 mut·

1006 5456 1076 5506 siem,
1090 5446 1144 5496 etc.
