3930 6098
65 281 99 331 ιι
610 278 655 334 ΒΕ
677 276 1010 334 PRAEDESTleTlONE
1031 279 1102 335 [llil.
1119 310 1152 319 ·-
1164 281 1229 336 Llll.
1250 282 1284 338 ll.
1786 295 1820 346 stt

64 408 183 479 quando
198 425 228 463 se
242 407 319 480 ipsas
338 407 481 478 nesciunt,
498 408 549 463 sed
570 411 668 479 pastor
683 409 763 464 novit
784 425 843 479 eas,
870 416 951 468 se-it
971 425 1066 465 rocem
1084 426 1140 465 uon
1152 415 1339 466 contemnunt
1352 413 1406 480 sni,
1431 431 1488 469 non
1514 416 1636 473 audiunt
1658 418 1767 494 alieni]
1784 423 1817 478 Et

63 499 192 553 cundum
210 497 294 552 istam
321 498 615 570 praedestinationem,
647 499 804 553 seeundum
833 498 915 553 islam
970 499 1094 555 triacum
1109 501 1177 555 dicit
1192 501 1352 556 seeundum
1367 504 1648 573 predestinationem
1669 524 1728 563 uon
1749 527 1815 566 ores

64 587 115 641 uei
131 587 354 658 prescientiam,
369 588 530 643 secuudum
545 588 717 643 electionem
737 587 833 642 orium
849 593 916 642 ante
970 589 1049 656 istos,
1066 593 1093 642 et
1109 605 1174 644 oves
1189 588 1265 658 illos,
1279 591 1404 645 ostendit
1420 594 1565 662 geminam
1581 612 1642 650 esse
1667 598 1816 668 predesti-

63 676 297 731 consulationem
314 677 427 732 muudi.
447 678 514 731 Nam
531 683 560 731 et
572 676 626 731 hoe
646 676 716 731 dicit
738 676 891 746 Apostolus
908 691 914 730 :
971 677 1127 744 nationem,
1144 679 1216 732 item
1231 678 1261 732 in
1273 679 1373 735 eodem
1386 679 1476 751 (tract.
1498 683 1573 753 ιιιιι).
1588 684 1679 754 [Quod
1696 702 1764 742 vere
1775 705 1818 744 se·

65 788 78 811 a
95 765 174 820 Sicut
188 765 276 835 elegit
291 780 344 819 nos
362 765 393 818 in
409 764 470 834 ipso
486 770 551 820 ante
566 763 802 819 constitutionem
816 764 917 819 mundi
970 766 1090 836 quitur:
1122 787 1136 815 ιι
1152 767 1307 837 Propterea
1321 784 1370 822 eos
1391 784 1448 823 non
1464 770 1576 833 auditis,
1601 773 1669 843 quia
1703 791 1735 829 ex
1758 777 1818 832 Deo

63 854 144 923 (apt.
163 871 183 919 ι,
197 853 445 923 {assectandum
461 853 624 925 istamergo
639 853 849 925 prescientiam
867 853 917 908 nat
971 853 1215 925 nonestisuoan.
1233 856 1395 926 vrrr,ll),s
1426 857 1649 915 eisdietumest
1675 862 1725 934 qui
1754 881 1813 921 non

62 949 93 996 et
126 941 422 1012 praedestinationem,
453 958 540 1013 quam
567 942 666 996 multe
694 957 760 997 oves
797 941 866 996 foris
888 947 917 997 et
971 944 1064 997 solum
1081 950 1195 1014 peceato
1212 944 1305 999 vitiosi
1324 950 1416 1009 erant,
1445 948 1584 1002 namhoc
1608 949 1714 1004 malum
1739 968 1816 1008 eom·

61 1047 152 1102 quam
169 1031 252 1084 multi
269 1030 330 1101 lupi
346 1031 434 1096 intus,
455 1037 583 1102 atquem
600 1031 700 1086 multe
715 1047 781 1085 oves
795 1031 873 1086 intus
888 1035 918 1085 et
971 1045 1057 1084 nrrrne
1075 1037 1135 1085 erat
1150 1032 1295 1100 omnibus,
1311 1034 1359 1088 sed
1376 1035 1462 1090 etiarn
1478 1038 1646 1108 precogniti
1662 1040 1739 1111 quod
1761 1057 1819 1099 nou

63 1119 324 1191 multilupilorist
348 1118 422 1185 Quid
437 1120 572 1190 estquod
602 1120 670 1186 dixi,
702 1136 789 1192 quam
818 1119 916 1175 mrrlte
970 1118 1084 1173 fuerant
1096 1120 1231 1175 credituri
1252 1137 1285 1176 ea
1300 1121 1365 1189 tide,
1389 1139 1446 1195 qna
1461 1123 1521 1178 sola
1536 1130 1657 1196 possunt
1683 1143 1817 1199 apeeca·

63 1208 342 1272 oeesforisltluam
359 1209 444 1263 multi
460 1208 546 1263 modo
572 1209 764 1275 luxuriantur,
786 1208 916 1263 eastilu·
970 1212 1067 1262 torum
1091 1209 1268 1280 obligatione
1296 1211 1423 1266 liberari.
1441 1213 1624 1285 Quapropter
1649 1216 1820 1288 presciebat

63 1298 139 1366 turi3
155 1314 243 1370 quam
264 1298 348 1353 multi
371 1298 573 1369 blasphemant
596 1298 754 1363 Christum,
780 1299 918 1354 credituri
971 1297 1044 1365 illos,
1059 1297 1165 1364 quibus
1178 1299 1246 1353 talia
1266 1299 1386 1369 dicebat,
1402 1301 1433 1356 in
1447 1318 1481 1357 eo
1505 1318 1719 1374 permansuros,
1743 1307 1820 1377 quod

62 1388 95 1442 in
112 1389 275 1454 Christum;
291 1403 378 1458 quam
394 1387 477 1442 multi
493 1405 523 1441 se
538 1386 692 1456 inebriant,
709 1387 796 1442 sobrii
812 1387 916 1454 frituri3
971 1402 1003 1440 ex
1021 1386 1135 1442 diabolo
1149 1395 1240 1456 erant,
1258 1389 1285 1443 id
1302 1390 1386 1444 estin
1399 1391 1458 1445 suis
1471 1392 1593 1461 peccatis
1609 1397 1696 1465 atque
1719 1396 1817 1466 impie·

62 1493 153 1547 quam
168 1476 253 1530 multi
276 1476 393 1546 rapiunt
407 1491 451 1530 res
474 1476 594 1538 alienas,
620 1476 755 1530 donaturi
773 1493 847 1530 suas.
865 1476 918 1530 Ve·
971 1479 1027 1529 tate
1043 1476 1209 1544 morituros,
1226 1476 1256 1530 in
1273 1494 1329 1548 qua
1343 1479 1370 1532 ei
1381 1479 1489 1534 similas
1502 1487 1595 1550 erant,
1610 1497 1663 1537 nee
1685 1489 1820 1539 venturos

63 1571 233 1619 rumtamen
248 1566 334 1619 modo
349 1565 472 1620 alienam
487 1581 584 1620 rocem
600 1565 732 1631 audiant,
744 1565 852 1620 alienos
869 1580 918 1619 se·
972 1563 1006 1617 ad
1022 1565 1283 1634 regenerationem,
1298 1567 1327 1620 in
1348 1583 1403 1638 qua
1428 1574 1522 1623 essent
1543 1569 1593 1624 tilii
1619 1571 1681 1638 Dei,
1702 1573 1756 1626 hoe
1778 1578 1821 1628 est

61 1660 206 1726 quuutur.
223 1655 293 1709 ltem
307 1670 393 1726 quam
411 1655 494 1709 multi
508 1655 584 1710 intus
600 1655 725 1724 laudant,
739 1655 918 1725 blaspbema-
972 1667 1005 1705 ex
1022 1651 1079 1706 Deo
1096 1651 1166 1720 nati,
1180 1668 1196 1706 a
1211 1669 1268 1724 quo
1283 1662 1364 1710 erant
1382 1656 1514 1710 homines
1537 1659 1635 1712 creati.
1656 1659 1821 1716 Secundum

59 1745 137 1809 turi3
155 1744 227 1798 casti
242 1750 318 1812 sunt,
334 1744 519 1809 fornicaturi3
536 1745 623 1798 sobrii
639 1749 715 1804 sunt,
739 1760 768 1799 se
785 1743 850 1798 vino
866 1759 916 1814 po·
932 1711 953 1766 B
972 1740 1045 1795 hane
1071 1741 1350 1812 praedestinationem
1377 1744 1488 1798 locutus
1515 1749 1558 1799 est
1586 1746 1734 1815 Dominus,
1761 1764 1820 1804 non

59 1839 125 1886 stea
157 1831 315 1903 sepulturi;
346 1841 424 1887 stant
452 1832 556 1898 cestui,
588 1849 645 1887 non
675 1837 743 1886 sunt
767 1848 842 1887 oves.
877 1833 916 1885 lle
972 1830 1049 1900 quod
1061 1830 1186 1901 aliquem
1202 1830 1350 1885 hominem
1365 1831 1517 1900 invenerit,
1533 1833 1584 1905 qui
1598 1835 1644 1890 vel
1659 1836 1817 1892 seeundum

59 1919 283 1991 predestinatis
295 1919 371 1976 euim
387 1920 549 1991 loquirnur3
566 1920 601 1974 de
613 1920 657 1974 his
672 1919 829 1991 loquimur,
846 1934 918 1991 quos
972 1920 1218 1989 regenerationem
1230 1919 1291 1991 jam
1306 1925 1380 1975 esset
1394 1937 1427 1975 ex
1444 1922 1511 1990 Deo,
1525 1923 1568 1976 eet
1593 1924 1751 1980 seeundum
1767 1941 1820 1980 na·

61 2034 77 2059 o
96 2009 179 2064 norit
195 2010 334 2064 Dominus
360 2009 410 2080 qui
425 2013 491 2063 sunt
506 2009 568 2080 ejus
582 2009 618 2080 (ll
638 2011 705 2063 Tim.
728 2025 758 2075 ιι,
782 2010 841 2075 ι9);
861 2031 872 2057 ι
890 2011 918 2063 et
972 2012 1065 2061 turem
1078 2008 1137 2078 jam
1152 2025 1210 2063 nou
1226 2013 1298 2063 esset
1320 2025 1355 2063 ex
1371 2009 1449 2080 lieo]
1465 2010 1499 2064 Et
1512 2010 1557 2064 hie
1574 2011 1641 2066 darn
1662 2014 1819 2068 seeundum

59 2105 164 2154 umen
181 2099 238 2169 ipsi
256 2098 385 2170 quandiu
400 2097 612 2169 rectesapiunt,
631 2096 736 2152 Christi
751 2112 851 2151 rocem
866 2112 918 2151 eu·
972 2095 1257 2165 praedestinationem
1278 2096 1347 2150 dicit
1371 2097 1498 2152 locutum
1519 2113 1579 2153 esse
1605 2099 1770 2161 Dominum,
1791 2107 1822 2156 nt

59 2188 163 2244 diunt.
175 2188 244 2243 Eece
260 2187 383 2241 audiunt
394 2186 459 2257 ipsi,
474 2202 532 2241 uon
548 2185 670 2241 aridiunt
693 2185 746 2253 illi,
770 2190 800 2239 et
821 2190 919 2241 tamen
972 2184 1062 2256 aliqui
1089 2189 1184 2239 essent
1203 2201 1236 2240 er
1265 2186 1334 2254 Deo,
1362 2184 1410 2240 alii
1438 2202 1496 2241 non
1522 2203 1555 2241 ex
1579 2188 1647 2256 lieo,
1674 2188 1821 2260 geminam

59 2276 228 2331 seeundum
244 2274 523 2348 praedestinationem
549 2290 606 2329 non
631 2290 697 2329 ores
722 2273 779 2343 isti,
805 2279 833 2328 et
845 2289 919 2345 rores
973 2272 1098 2327 ostendit
1113 2273 1403 2344 predestinationem.
1419 2274 1527 2329 ltemin
1540 2275 1641 2331 eodem
1658 2276 1749 2348 (trust.
1765 2280 1821 2349 ex),

59 2365 120 2419 illi.
136 2365 240 2420 adhue
258 2367 355 2419 manet
368 2364 500 2434 questio,
523 2380 588 2434 que
614 2363 686 2417 mihi
709 2362 825 2418 interim
843 2379 919 2417 nunc
973 2377 1038 2415 euru
1053 2360 1087 2414 de
1102 2360 1210 2416 mundo
1229 2360 1307 2415 fideli
1331 2360 1477 2416 etinlideli
1499 2363 1667 2435 loqueretur
1694 2365 1733 2420 sic
1755 2366 1819 2421 ait:

58 2454 185 2508 videtur
207 2453 247 2508 ita
268 2468 352 2523 posse
376 2451 503 2507 dissolri.
530 2451 577 2506 Est
601 2450 697 2522 aliqua
717 2467 781 2518 vox,
797 2456 849 2519 est,
872 2451 918 2505 in·
974 2447 1137 2521 [lsti1autem
1154 2465 1264 2518 onmes,
1276 2450 1397 2521 quidest
1408 2450 1462 2505 nisi
1475 2453 1620 2507 muudus?
1638 2453 1701 2508 Nou
1712 2454 1822 2510 hostilis

58 2557 167 2613 qnam,
181 2541 277 2612 aliqua
291 2556 345 2595 vox
364 2540 496 2612 pastoris,
513 2540 543 2594 iu
559 2556 615 2611 qua
629 2556 695 2595 ores
718 2556 776 2594 uon
798 2540 920 2595 audiunt
973 2538 1082 2610 utique,
1099 2538 1148 2592 sed
1168 2538 1274 2593 fidelis.
1305 2539 1374 2594 Nam
1400 2555 1475 2607 ecce,
1501 2540 1552 2613 qui
1575 2541 1704 2597 dixerat:
1722 2561 1736 2594 n
1757 2544 1820 2599 Nou

57 2631 189 2696 alienos,
202 2629 233 2683 in
245 2645 303 2699 qua
318 2644 378 2683 non
393 2644 459 2684 oves
474 2644 532 2683 non
547 2628 671 2683 eradiant
683 2627 837 2683 Christum.
850 2626 919 2691 One
973 2626 1147 2698 promendo
1163 2643 1232 2696 rogo
1257 2628 1343 2697 (loon.
1360 2643 1425 2696 xvir,
1443 2628 1479 2700 9),
1496 2647 1510 2680 ιι
1535 2645 1587 2700 pro
1607 2630 1715 2685 mundo
1739 2636 1822 2702 rogat

59 2720 110 2770 est
124 2717 182 2770 ista
196 2715 271 2770 vox?
286 2736 301 2766 ιι
321 2715 376 2780 Qui
400 2714 626 2787 perseveraverit
657 2730 749 2787 usque
765 2715 795 2769 in
819 2716 919 2784 linem,
973 2720 1004 2772 ut
1016 2715 1122 2783 credat,
1134 2715 1271 2786 quoniam
1287 2720 1330 2770 est
1345 2718 1469 2772 mundus
1484 2717 1518 2772 de
1529 2734 1586 2790 quo
1602 2719 1794 2790 scriptumest
1812 2736 1819 2775 :

58 2806 113 2860 hic
133 2803 232 2859 salvus
246 2804 300 2859 erit
315 2802 424 2865 (llatth.
440 2820 469 2865 x,
485 2806 540 2870 ιι).
556 2824 570 2854 ιι
591 2803 670 2858 llane
683 2819 782 2859 vacem
796 2818 856 2858 non
869 2819 919 2857 ne·
975 2824 989 2855 ι
1004 2806 1043 2860 Νι
1059 2820 1123 2859 eum
1140 2804 1248 2859 mundo
1270 2804 1440 2860 damnemus
1456 2807 1484 2876 (I
1505 2807 1570 2861 Cor.
1595 2823 1634 2872 ιι,
1651 2809 1703 2877 32).
1727 2829 1741 2858 ιι
1766 2809 1821 2863 Ριο

57 2894 150 2965 gligit
164 2893 311 2965 proprius,
324 2908 383 2947 nou
394 2892 475 2948 audit
486 2893 597 2947 alienus
613 2909 619 2946 ι
637 2908 705 2946 nam
720 2897 750 2947 et
762 2892 811 2947 ille
824 2892 878 2946 hoe
893 2891 920 2945 ei
974 2893 1027 2948 isto
1044 2894 1153 2948 mundo
1165 2909 1223 2949 non
1238 2897 1335 2965 rogat:
1362 2895 1548 2966 nequeenim
1571 2911 1629 2966 quo
1655 2895 1690 2949 sit
1706 2898 1821 2967 praede-

56 2980 217 3053 predicat,
232 2985 265 3034 nt
276 2984 439 3052 perseveret
457 2979 643 3051 apudipsum
660 2978 796 3051 usquein
820 2978 953 3072 linem,c
975 2982 1106 3046 stiuatus,
1122 2981 1246 3052 ignorat.
1262 2983 1295 3035 Et
1317 2987 1360 3036 est
1385 2983 1508 3037 mundus
1536 2983 1571 3039 de
1597 3000 1653 3055 quo
1683 2985 1821 3057 scriptum

57 3078 92 3125 et
108 3087 170 3124 non
187 3069 263 3141 apud
281 3070 372 3124 lleum
385 3069 605 3140 perseverando,
621 3084 680 3123 non
689 3067 771 3123 audit
786 3068 859 3122 hano
873 3082 920 3121 vo·
974 3074 1018 3124 est
1034 3086 1068 3124 :a
1087 3070 1148 3123 Non
1165 3068 1243 3123 renit
1259 3068 1335 3124 silius
1349 3070 1476 3125 hominis
1495 3075 1528 3124 ut
1539 3071 1651 3141 Judieet
1667 3073 1821 3142 mundum,

57 3176 150 3216 cern:
168 3159 295 3214 venitad
313 3159 469 3224 Christum,
496 3158 605 3212 audirit
621 3157 677 3213 alia
692 3161 721 3212 et
745 3158 800 3212 elia
822 3156 918 3223 verba,
974 3158 1021 3212 sed
1035 3161 1068 3212 ut
1081 3156 1207 3211 salvetur
1226 3157 1350 3211 mundus
1365 3172 1418 3228 per
1440 3156 1536 3228 ipsum
1562 3159 1651 3229 (Joart.
1677 3176 1718 3224 ιιι,
1736 3159 1788 3228 li).
1806 3178 1820 3211 ιι

56 3252 118 3305 iila
131 3253 161 3303 et
176 3248 228 3302 illa
241 3247 350 3314 omnia,
373 3263 440 3301 vera
453 3246 640 3315 sanaomnia,
652 3246 728 3300 inter
743 3261 807 3317 qne
822 3243 919 3299 omnia
975 3244 1055 3301 Unde
1068 3248 1097 3299 et
1116 3244 1271 3315 Apostolus
1287 3260 1293 3298 :
1311 3265 1325 3293 ιι
1347 3244 1430 3312 Deus,
1448 3243 1552 3315 inquit,
1574 3248 1635 3298 eret
1652 3244 1682 3299 in
1710 3244 1822 3299 Christo

57 3343 110 3393 est
129 3342 160 3391 et
174 3337 225 3391 illa
239 3352 347 3391 vost«
364 3335 418 3400 Qui
434 3335 657 3407 perseveraverit
671 3349 761 3406 nsque
775 3335 805 3389 in
820 3334 919 3398 linem,
981 3336 1120 3411 mundum
1148 3334 1337 3388 reconcilians
1360 3333 1470 3402 sibi(ll
1498 3335 1559 3391 Cor.
1584 3350 1609 3400 ιι,
1630 3335 1683 3403 u).
1704 3332 1733 3406 ι]
1752 3334 1823 3389 Cum

57 3429 112 3483 hie
130 3425 229 3479 salvus
252 3424 347 3479 erit.»
379 3421 532 3495 latamqui
554 3422 679 3478 audierit
707 3423 768 3477 oris
796 3427 848 3477 est.
865 3423 920 3479 Sed
975 3422 1132 3478 enimdieit
1152 3423 1297 3494 quianon
1326 3421 1441 3493 ignorat
1464 3439 1520 3495 qno
1543 3423 1579 3478 sit
1601 3423 1823 3494 predestinatus

57 3514 209 3570 audiebat
223 3513 302 3569 illam
317 3512 490 3585 nescioquis
503 3517 533 3567 et
549 3511 686 3583 desipuit,
708 3511 849 3584 relriguit,
870 3529 921 3566 au·
975 3513 1110 3579 mundus,
1127 3528 1179 3584 pro
1192 3529 1249 3584 quo
1268 3528 1327 3568 non
1351 3516 1443 3583 rogat,
1470 3512 1619 3567 manifeste
1645 3513 1825 3567 demonstrat

54 3604 138 3661 divit
152 3602 280 3657 alienam
298 3600 354 3672 :isi
377 3601 598 3672 predestinatus
621 3604 675 3669 est,
695 3601 729 3655 ad
745 3605 858 3671 tempus
873 3617 920 3656 er·
975 3601 1259 3674 praedestinationem
1283 3601 1482 3672 reproborum.
1515 3603 1548 3655 Et
1581 3601 1648 3673 quia
1671 3601 1822 3672 praedesti-

56 3693 155 3759 ravit,
171 3693 205 3746 in
219 3696 359 3746 eternum
372 3707 431 3745 non
451 3691 554 3762 periit;
571 3690 654 3746 redit·
666 3693 699 3745 ut
726 3689 823 3745 audiat
846 3690 922 3762 quod
976 3690 1055 3745 natio
1070 3690 1226 3744 electorum
1242 3694 1269 3743 et
1293 3688 1493 3760 reproborum,
1520 3689 1637 3759 gemina
1657 3706 1717 3743 esse
1742 3705 1824 3744 mon·

57 3781 210 3852 neglexit,
225 3779 310 3835 faciat
324 3779 401 3851 quod
417 3779 535 3835 audivit.
559 3779 588 3835 Si
607 3779 683 3834 euim
704 3779 741 3834 de
756 3778 801 3834 his
816 3778 923 3850 estqui
977 3783 1083 3834 stratur
1097 3777 1323 3849 praedestinatio.
1340 3778 1410 3831 ltem
1426 3777 1457 3830 iu
1468 3776 1568 3831 eodem
1586 3776 1678 3849 (ibid.)
1697 3793 1704 3832 :
1722 3776 1825 3850 [Quan-

55 3869 269 3944 predestinati
279 3874 356 3937 sunt,
373 3875 402 3923 et
417 3884 544 3924 errorem
568 3868 658 3940 ipsius
674 3870 748 3924 Deus
770 3868 923 3939 prescivit,
978 3867 1026 3923 diu
1036 3865 1114 3921 euim
1127 3865 1270 3920 credimus
1283 3865 1359 3937 quod
1369 3865 1572 3932 nonvidemus,
1584 3865 1712 3920 nondum
1724 3882 1824 3921 sumus

56 3967 90 4015 et
108 3958 332 4014 conversionem
349 3958 491 4024 luturam;
503 3957 528 4011 si
553 3956 706 4019 aberravit,
722 3957 808 4024 redit,
825 3960 857 4011 ut
872 3972 924 4011 an·
977 3957 1016 4013 ita
1031 3957 1222 4011 consummati
1244 3953 1486 4026 qrremadmedum
1501 3953 1619 4022 erimtu,
1634 3969 1699 4008 eum
1713 3969 1826 4009 merue-

58 4049 143 4105 divit
157 4061 262 4101 vocem
281 4047 360 4101 illam
375 4045 509 4117 pastoris,
538 4050 566 4099 et
593 4048 730 4116 sequatur
756 4045 922 4099 dicentem:
979 4044 1268 4117 rimusviderequod
1289 4043 1444 4098 eredimus.
1473 4042 1640 4098 Rectissime
1662 4042 1751 4113 igitur
1765 4042 1823 4114 tibi,

59 4162 75 4189 «ι
100 4136 162 4202 Qut
172 4134 400 4207 perseveraverit
415 4133 544 4206 usquohn
557 4131 715 4205 linem,lhie
724 4133 817 4188 salvus
827 4133 891 4188 erit.
909 4153 923 4183 ιι
981 4157 994 4184 a
1008 4140 1040 4189 ut
1054 4134 1148 4189 credat
1164 4133 1303 4200 mundum
1326 4133 1383 4199 hic,
1412 4137 1442 4186 ut
1466 4136 1618 4203 cognoseat
1642 4131 1768 4187 mundus
1784 4148 1791 4187 ι
1809 4153 1823 4182 ιι

62 4229 156 4283 lions
171 4239 240 4288 vox,
255 4222 368 4292 iratres,
385 4238 461 4290 vera,
486 4222 637 4293 pastoralis
656 4222 720 4293 ipsa
744 4227 808 4276 est:
828 4244 838 4272 ι
868 4221 924 4275 Vax
979 4228 1076 4278 tamen
1090 4228 1119 4276 et
1133 4221 1173 4276 ibi
1188 4221 1272 4276 ethio
1288 4242 1301 4269 o
1325 4221 1393 4292 quia
1409 4223 1439 4273 tu
1461 4236 1505 4274 me
1520 4219 1623 4274 misisti
1646 4219 1735 4291 (loon.
1757 4237 1824 4292 ιιιιι,

58 4313 176 4369 salutis
192 4310 224 4365 in
235 4310 428 4366 tabernaculis
435 4312 579 4382 justorum
597 4309 656 4379 (Pe.
680 4326 718 4377 xr,
737 4310 792 4377 ιδ).
812 4329 826 4360 ι
856 4310 924 4364 Νιιιι
941 4314 962 4369 Ι)
981 4312 1066 4375 au.»
1085 4317 1116 4365 ut
1131 4310 1296 4365 noverimus
1321 4313 1461 4381 quantum
1479 4309 1606 4380 pertinet
1629 4310 1665 4363 ad
1689 4310 1780 4365 Patris
1799 4314 1826 4366 et

55 4404 154 4460 tacite
169 4407 218 4455 est
232 4401 331 4455 audire
355 4401 509 4462 Christum.
528 4400 610 4454 facile
633 4405 677 4454 est
699 4399 816 4453 laudare
833 4399 923 4452 Evau-
981 4400 1041 4455 Filii
1059 4399 1282 4469 insuperabilem
1291 4397 1470 4465 charitatem,
1482 4398 1537 4452 hoe
1550 4413 1602 4451 nos
1613 4397 1700 4451 modo
1712 4397 1826 4453 credere

55 4492 194 4564 getium,
214 4486 296 4542 tacite
310 4493 352 4541 est
368 4489 526 4543 acelamare
542 4487 729 4559 disputatori3
743 4502 925 4558 perseverare
979 4487 1057 4559 quod
1081 4486 1226 4541 tendimns
1246 4485 1388 4541 eredendo
1414 4501 1595 4555 cognoscere.
1614 4484 1643 4538 Si
1668 4489 1765 4539 autem
1781 4484 1827 4539 di·-

56 4594 166 4651 nsque
183 4577 218 4630 in
231 4575 329 4642 tinem,
354 4575 406 4631 hoe
428 4580 471 4630 est
493 4575 590 4631 orium
613 4591 712 4631 rocem
736 4574 858 4646 pastoris
874 4591 925 4628 au·

54 4666 233 4726 dientium.
247 4665 391 4735 {tentatio
419 4665 531 4732 accidit,
556 4680 823 4737 perseveransque
853 4664 883 4717 in
897 4663 928 4718 il·

54 4773 150 4815 uum.
170 4754 270 4823 Usque
282 4753 313 4808 in
326 4769 413 4824 quem
428 4753 516 4808 linem
532 4752 748 4823 perseverabis?
772 4753 928 4823 Quousque

53 4846 158 4904 sanias
194 4841 284 4896 viam.
314 4842 445 4907 Quamdiu
477 4842 554 4896 enim
579 4858 638 4896 non
663 4841 745 4896 andis
771 4840 927 4909 Christum,

53 4930 258 4993 adversarius
288 4935 355 4985 tuus
390 4936 433 4985 est
478 4932 509 4985 in
527 4930 584 4985 ista
607 4930 731 4999 via,hoc
760 4934 801 4985 est
827 4931 857 4984 in
875 4930 930 4984 ista

54 5020 192 5081 mortali
218 5019 290 5074 sita.
310 5018 366 5074 Sed
390 5019 458 5090 quid
483 5018 573 5074 dicit?
598 5040 612 5068 ι
627 5018 774 5074 Concorda
798 5034 863 5074 cnm
881 5019 931 5073 ed·

54 5109 205 5168 versario
222 5111 273 5162 tuo
288 5106 355 5173 cito,
372 5107 441 5162 dum
463 5123 493 5162 es
514 5122 580 5162 curn
605 5107 684 5161 eoin
709 5106 754 5162 via
781 5108 890 5178 (llotth.
902 5123 929 5175 v,

56 5208 122 5259 232.
151 5222 168 5249 ιι
201 5195 329 5260 Audisti,
354 5195 512 5264 credidisti,
525 5195 714 5251 concordasti.
740 5196 769 5251 si
797 5196 929 5251 adversa·

58 5290 150 5348 uaris
174 5284 336 5340 concorda.
359 5283 388 5338 Si
413 5284 466 5340 tibi
487 5284 648 5356 prestitum
677 5287 720 5339 est
747 5285 931 5351 concordare,

59 5380 132 5435 noli
148 5373 282 5431 ulterius
298 5371 422 5443 litigare.
443 5372 564 5438 Quando
590 5372 668 5428 enim
684 5372 802 5428 linietur
824 5373 869 5427 ria
882 5389 932 5428 ne·

62 5467 138 5524 scis.
156 5461 211 5518 sed
228 5465 329 5515 umen
343 5460 398 5516 scit
410 5460 468 5516 ille.
489 5462 516 5516 Si
536 5462 597 5516 ovis
620 5477 661 5528 es,
677 5466 705 5517 et
724 5461 748 5516 ei
764 5476 933 5532 persevera-

66 5553 151 5609 veris
165 5565 265 5623 arsqrre
283 5548 312 5603 in
335 5549 434 5618 tinem,
454 5551 549 5604 salvus
564 5549 642 5605 erist
658 5565 692 5606 aa
709 5551 828 5622 perhoe
849 5549 932 5604 istam

979 4580 1065 4642 caret,
1082 4578 1113 4629 ut
1123 4579 1294 4645 cognoscant
1307 4573 1376 4645 quie
1389 4579 1421 4628 tu
1446 4588 1492 4628 me
1517 4572 1629 4641 misisti,
1648 4575 1828 4628 tantumdem

981 4666 1088 4719 valeret
1102 4666 1242 4734 quantum
1259 4663 1311 4717 hoe
1327 4663 1405 4735 quod
1420 4662 1471 4730 ait,
1484 4684 1497 4711 κ
1518 4666 1550 4717 ut
1569 4666 1723 4732 cognoseat
1744 4679 1829 4718 mun·

982 4754 1044 4808 dus.
1063 4772 1077 4805 ι
1098 4752 1229 4823 lpsisunt
1242 4750 1317 4805 enim
1329 4751 1463 4817 mundus,
1480 4767 1537 4805 non
1553 4765 1726 4820 permanens
1737 4749 1829 4805 inimi·

981 4858 1040 4906 cus,
1057 4841 1151 4913 qualis
1179 4848 1223 4895 est
1244 4840 1369 4895 mundus
1396 4839 1574 4895 damnationi
1599 4840 1828 4909 predestinatus,

982 4931 1030 4986 sed
1046 4947 1076 4985 ex
1089 4930 1206 4984 inimico
1222 4929 1331 4983 amicus
1348 4929 1474 4997 effeetus,
1492 4933 1613 5000 propter
1627 4945 1712 5001 quem
1726 4950 1740 4977 a
1756 4929 1830 4980 Deus

983 5024 1045 5073 erat
1059 5019 1088 5073 in
1105 5018 1216 5072 Christo
1232 5017 1373 5072 mundum
1387 5017 1574 5072 reconcilians
1602 5017 1713 5087 sibim
1726 5017 1784 5070 tior.
1802 5029 1829 5078 v,

987 5107 1039 5177 ta).
1057 5125 1070 5156 ιι
1085 5106 1231 5161 ldeodixi:
1241 5124 1254 5156 a
1264 5107 1322 5176 Ego
1333 5104 1422 5171 ineis,
1434 5109 1502 5160 ettu
1512 5105 1609 5172 inme,
1622 5100 1830 5172 »tanquamdi

985 5200 1061 5250 ceret
1077 5211 1107 5249 2«
1120 5196 1178 5266 Ego
1189 5193 1266 5249 ineis
1276 5193 1333 5248 »ad
1344 5192 1526 5265 quosmisisti
1537 5210 1598 5260 me,
1611 5214 1621 5241 ι
1636 5195 1663 5244 et
1674 5189 1804 5255 tuinme,
1816 5210 1830 5238 ιι

987 5283 1127 5338 mnndum
1150 5282 1337 5338 reconcilians
1357 5282 1409 5337 tibi
1428 5298 1479 5354 per
1494 5299 1547 5336 me.
1570 5282 1724 5348 Propterea
1736 5279 1832 5350 sequi·

987 5378 1035 5427 tur
1049 5372 1135 5426 etiam
1149 5371 1221 5427 illud
1236 5371 1312 5442 quod
1328 5370 1388 5426 ait:
1405 5391 1419 5421 o
1441 5372 1474 5424 Et
1496 5364 1618 5424 dilexisti
1636 5382 1693 5435 eos,
1710 5366 1784 5424 sieut
1805 5373 1835 5425 et

987 5477 1033 5516 me
1047 5459 1171 5515 dilexisti
1187 5460 1278 5533 (thid,
1293 5461 1350 5527 23).
1371 5481 1384 5509 ι
1409 5460 1440 5513 ln
1457 5457 1526 5512 Filio
1550 5454 1657 5526 quippe
1676 5457 1761 5513 Pater
1782 5474 1834 5514 nos

988 5549 1090 5620 diligit,
1102 5549 1172 5619 quia
1187 5570 1200 5596 ι
1215 5548 1245 5602 ιιι
1259 5548 1320 5619 ipso
1334 5563 1385 5600 nos
1402 5545 1489 5614 elegit
1505 5549 1570 5597 ante
1585 5544 1684 5600 mundi
1700 5548 1835 5603 constitu·
