3930 6098
59 295 113 348 657
625 295 670 350 DE
691 293 769 350 vira
790 294 833 349 ET
855 292 1045 351 trinacrius
1065 295 1092 351 S.
1113 296 1249 354 coenis,
1760 305 1813 358 658

58 443 127 481 cum
148 427 294 481 monachis
311 426 467 490 nonnullis,
480 433 508 480 et
524 425 670 480 inlinitum
687 427 790 496 vulgus
811 426 905 480 unde·
925 430 948 482 11
962 432 1007 481 ter
1021 432 1051 481 et
1064 443 1130 483 cum
1145 429 1248 483 humili
1264 430 1414 484 devotione
1431 431 1556 485 levatum
1568 430 1603 485 ab
1618 430 1681 502 ipsa
1693 431 1812 486 ecclesia

59 531 177 588 cunque
198 515 384 571 confluxerat.
422 515 520 569 Visum
540 522 582 569 est
605 515 747 585 episcopis
774 514 909 570 triduano
963 515 993 571 in
1008 532 1111 570 noram
1126 517 1245 572 domum
1262 534 1314 588 per
1328 518 1400 573 illud
1415 519 1491 590 qnod
1507 520 1645 575 intererat
1660 521 1746 592 spatii
1760 538 1808 576 re·
1831 528 1838 535 “

58 605 144 676 prius
154 605 265 675 jejunio
281 604 398 659 Domini
418 604 597 658 volontatem
612 603 807 675 quaerendam,
827 608 856 658 et
870 603 910 658 sic
965 605 1081 675 portari,
1099 607 1242 676 nequead
1263 606 1340 677 vulgi
1365 607 1490 661 favorem
1516 609 1629 678 longius
1653 614 1686 663 ut
1700 614 1811 665 statue-

59 693 246 748 adleuandus
269 693 405 764 reliquias
427 692 554 763 corporis
580 692 784 747 accedendum.
803 693 840 746 llo
855 692 909 762 igi·
963 699 1030 748 rant
1043 694 1228 749 circumduci.
1246 695 1293 748 Vix
1313 695 1441 765 pontifex
1457 697 1541 751 rerba
1555 697 1679 762 finierat,
1702 703 1730 752 et
1745 715 1810 753 mo-

59 788 108 836 tur
122 783 158 837 ab
174 783 307 837 omnibus
323 783 425 836 devote
447 786 571 852 peracto.
598 781 658 835 hul.
682 781 910 852 archiepiscopos
963 787 1026 837 tum
1045 784 1184 838 continuo
1206 784 1343 838 feretrum
1368 788 1445 838 tanta
1461 785 1596 840 facilitate
1610 786 1735 841 levatum
1756 793 1808 855 est,

57 871 90 925 in
104 871 226 943 antiqua
251 871 310 927 ade
339 887 405 925 suos
432 871 529 926 fodere
557 870 703 941 praecepit,
725 870 766 923 uti
788 875 906 940 repente
964 888 996 926 ac
1012 871 1036 925 si
1050 873 1145 927 oneris
1166 872 1274 942 aliquid
1300 873 1448 927 habuisset
1462 889 1631 945 nunquam3
1653 877 1809 946 relataeque

58 954 194 1030 reliquias
224 959 402 1015 venerabiles
432 959 519 1013 111111
549 959 795 1029 transportarique
824 958 908 1012 debe·
962 957 1098 1010 incedam
1120 973 1223 1011 novam
1250 973 1300 1026 por
1315 957 1464 1029 episcopos
1479 962 1507 1011 et
1522 958 1654 1013 abbatem
1678 960 1808 1031 reliquiae

57 1055 137 1104 rent.
154 1048 211 1104 Sed
222 1064 287 1103 cum
301 1064 388 1103 omne
404 1047 465 1118 ejus
480 1048 574 1102 solum
593 1046 737 1100 defossum
762 1052 909 1117 pertenta·
964 1044 1151 1112 venerabiles,
1173 1043 1203 1098 in
1228 1061 1261 1098 eo
1283 1061 1339 1116 qua
1360 1061 1436 1099 nuuc
1458 1047 1591 1100 coluntur
1614 1047 1675 1101 loco
1697 1064 1810 1102 summo

58 1142 183 1209 tumque
197 1143 281 1203 esset,
307 1153 359 1190 nec
380 1141 476 1190 tamen
496 1137 558 1206 ejus
581 1135 632 1207 qui
647 1135 830 1205 quaerebatur
845 1137 908 1189 the·
963 1133 1073 1187 honore
1086 1137 1152 1186 sunt
1164 1136 1192 1187 et
1208 1133 1367 1187 reverentia
1381 1133 1522 1200 conditae3
1545 1134 1670 1205 denique
1690 1135 1810 1206 pallium

59 1226 137 1279 sauri
163 1224 278 1296 aliquod
299 1228 444 1296 repertum
464 1223 613 1290 indicium,
634 1223 766 1278 turbatus
796 1224 909 1294 episco·
963 1221 1041 1292 quod
1056 1237 1143 1292 supra
1159 1222 1369 1292 sarcophagum
1395 1227 1540 1293 repertum
1565 1239 1651 1294 supra
1673 1223 1809 1293 diximus,

58 1332 115 1386 pus
139 1331 174 1370 ex
198 1314 300 1369 abbate
322 1313 437 1386 querit,
457 1313 481 1367 si
503 1313 534 1367 in
555 1313 617 1366 loco
643 1312 751 1383 aliquid
777 1311 826 1383 qni
852 1314 909 1367 Deo
963 1309 1107 1380 hodieque
1122 1326 1209 1380 super
1233 1312 1321 1365 attare
1345 1311 1472 1365 ecclesias
1493 1311 1693 1382 incorruptum
1717 1328 1812 1382 perse-

59 1404 204 1458 sorrirent
224 1403 320 1458 clerici
341 1403 524 1457 haberentur.
550 1401 619 1457 Cum
643 1401 691 1456 ille
707 1417 755 1454 sex
770 1416 831 1455 esse
846 1406 906 1455 tan·
963 1402 1049 1452 verat.
1063 1397 1108 1452 Sic
1122 1414 1175 1468 per
1188 1399 1327 1470 longioris
1348 1399 1401 1453 aevi
1418 1405 1547 1468 tempora
1568 1400 1653 1453 vestis
1674 1399 1810 1454 1111111111-

58 1492 215 1547 tnmmodo
234 1490 436 1562 respondisset,
462 1507 510 1546 cos
534 1490 568 1544 ad
597 1506 626 1544 se
657 1489 784 1560 pontifex
806 1490 910 1543 accitos
964 1490 1045 1557 tegra
1060 1491 1165 1553 manet,
1182 1487 1264 1557 cujus
1277 1489 1351 1559 apud
1376 1489 1463 1541 Deum
1481 1488 1582 1541 merita
1597 1504 1710 1558 semper
1728 1489 1810 1543 inde-

58 1581 201 1648 hortatur,
220 1581 263 1634 uti
283 1596 336 1652 pro
348 1580 522 1634 inveniendo
542 1579 655 1649 patroni
671 1579 715 1632 sui
729 1595 849 1649 corpore
865 1578 907 1632 di·
962 1575 1035 1629 fecta
1059 1576 1226 1645 perdurant.
1250 1577 1454 1631 Consummata
1485 1576 1515 1630 iu
1541 1577 1619 1630 omni
1646 1593 1733 1647 opere
1759 1595 1810 1632 suo

58 1668 132 1723 rinae
153 1668 359 1723 misericordie
383 1668 595 1738 supplicarent,
620 1667 689 1720 alios
714 1667 763 1737 qui
790 1667 910 1721 aderant
964 1662 1091 1731 basilica,
1108 1668 1137 1719 et
1150 1665 1290 1719 memoria
1303 1664 1394 1719 sancti
1416 1664 1468 1718 riri
1485 1671 1516 1718 ut
1533 1664 1683 1736 oportebat
1696 1673 1808 1733 oruata,

60 1758 89 1812 in
104 1773 160 1812 sua
181 1757 217 1812 ad
238 1763 352 1828 tempus
376 1773 406 1812 se
427 1757 555 1826 recipere
578 1756 727 1822 mandans,
757 1756 818 1825 ipse
843 1771 908 1809 cnm
928 1727 1111 1823 Bcoeperunt
1127 1752 1265 1807 miracula
1286 1753 1325 1807 ibi
1345 1752 1541 1824 beneficiaque
1567 1752 1665 1806 divina
1688 1753 1809 1808 subinde

60 1846 163 1900 abbate
190 1849 221 1900 et
248 1844 423 1916 coepiscopis
458 1845 495 1899 ad
523 1845 732 1898 convivandum
763 1844 907 1898 abscessit.
962 1840 1290 1912 cumulari:dcquibus
1312 1841 1491 1913 hincaliqua
1514 1842 1539 1895 si
1562 1841 1668 1911 possim
1693 1842 1809 1895 tentabo

60 1934 129 1988 Tum
145 1933 197 2004 qui
213 1936 410 1986 remanserant
432 1931 527 1986 clerici
549 1931 669 1985 sollicite
693 1931 837 1986 Christum
861 1946 909 1985 ro·
962 1930 1163 2000 perstringere,
1180 1931 1249 2000 quid
1267 1930 1392 2001 subque
1414 1935 1525 2000 gestum
1547 1929 1634 1984 fuerit
1647 1930 1748 1985 abbate
1763 1947 1810 1984 or·

62 2038 137 2091 gara,
156 2027 188 2075 ut
204 2020 322 2075 ubinam
335 2020 504 2074 venerandas
517 2019 646 2089 reliquiae
654 2019 777 2073 conditae
789 2020 911 2074 laterent
962 2019 1029 2073 dinc
1044 2024 1155 2073 servato
1174 2035 1413 2073 commemorans.

61 2111 187 2181 reperire
203 2110 340 2164 valerent.
359 2110 426 2163 Erat
440 2109 515 2163 inter
529 2108 600 2161 alios
615 2108 733 2179 quidam
748 2108 909 2162 1111111111-

62 2205 104 2253 tus
117 2199 238 2253 nomine
252 2198 371 2252 clericus
388 2212 476 2250 mann
491 2197 608 2250 dextera
623 2211 780 2267 gressuque
796 2196 907 2249 debilis.

61 2288 86 2341 ls
98 2290 233 2356 correpto
249 2287 346 2356 ligone
360 2284 547 2354 simpliciter:
565 2284 653 2350 Nunc,
670 2283 774 2355 inquit,
789 2285 813 2337 si
836 2285 909 2338 Deus

61 2375 145 2442 solet,
161 2374 212 2428 ubi
226 2390 306 2429 meus
323 2374 458 2428 dominus
472 2373 543 2426 situs
564 2372 610 2438 sit,
633 2374 727 2443 palam
751 2372 815 2425 erit.
832 2372 909 2426 Con-

62 2465 215 2534 festimque
230 2468 309 2516 extra
324 2463 448 2531 spatium
464 2461 542 2515 illius
557 2462 684 2532 antiquus
694 2461 763 2514 aedis
779 2477 909 2531 progres-

62 2568 121 2619 sus;
137 2558 168 2606 et
182 2568 240 2606 uon
255 2552 341 2622 longe
355 2550 390 2605 ab
406 2550 540 2604 orientali
554 2551 615 2619 ejus
627 2550 737 2619 pariete
753 2555 860 2603 terram
875 2549 909 2603 li·

63 2657 133 2708 gone
146 2639 324 2711 percutiens,
347 2638 466 2693 laterem
490 2638 548 2692 ictu
570 2642 680 2691 motum
707 2638 826 2702 levarit;
851 2654 907 2708 quo

63 2731 153 2783 lerato
172 2734 202 2781 et
228 2727 341 2782 modico
365 2727 506 2780 foramine
530 2725 684 2795 patefacto,
710 2725 831 2779 debilem
851 2742 909 2779 ma-

64 2833 129 2870 num
145 2816 290 2882 adhibuit,
306 2822 335 2869 et
358 2814 545 2869 holosericam
561 2819 678 2880 vestem,
697 2830 753 2883 qua
772 2814 845 2867 iufra
867 2830 909 2867 se·

63 2911 140 2975 ptum
158 2904 285 2958 latericio
300 2903 409 2974 pariete
425 2907 563 2956 structum
579 2903 789 2972 sarcophagum
806 2918 907 2971 corpo-

64 2995 99 3047 ris
112 2993 265 3065 tcgebatur
277 2992 514 3064 comprehensam
538 2990 636 3059 traxit,
658 3006 781 3061 moxque

64 3082 123 3151 ejus
150 3083 272 3136 antehac
300 3081 401 3137 debilis
427 3080 542 3134 sanitati
568 3085 611 3134 est
638 3080 780 3133 restituta.
810 3080 906 3149 ltaque

65 3170 163 3225 festine
182 3171 292 3225 detecto
306 3169 491 3240 sarcophago,
510 3175 539 3223 et
550 3168 660 3223 adrem
689 3183 792 3222 novam
808 3169 906 3236 signo·

66 3275 126 3313 rum
158 3259 352 3314 commotione
386 3258 526 3328 episcopis
550 3263 579 3310 et
604 3257 710 3327 populo
737 3263 905 3320 convocatis,

67 3349 252 3417 omnibusque
266 3347 316 3418 qui
331 3346 449 3401 aderant
466 3347 522 3400 fleo
537 3346 637 3399 laudes
659 3349 687 3398 et
709 3346 814 3415 gratias
834 3345 907 3398 refe·

66 3437 199 3504 rentibus,
224 3452 328 3506 corpus
350 3435 403 3489 viri
427 3434 517 3489 sancti
546 3433 623 3488 intra
643 3434 853 3504 sarcophagum
877 3448 907 3486 in

68 3524 161 3580 locello
177 3526 313 3596 plumbeo
328 3531 474 3595 repertum
493 3529 545 3577 est.
568 3523 649 3587 Quod
670 3523 747 3577 illico
768 3522 904 3587 levatum,

68 3619 147 3684 atque
168 3615 198 3668 in
213 3613 319 3668 feretro
341 3612 546 3683 compositum,
563 3628 595 3665 ex
617 3628 651 3665 1ο
674 3611 735 3664 loco
759 3611 794 3663 ad
811 3615 905 3664 orato-

68 3701 136 3755 rium
153 3704 181 3757 B.
204 3702 310 3767 1111111,
336 3699 411 3771 quod
439 3715 473 3754 ex
501 3700 619 3770 antiquo
645 3697 676 3753 in
704 3699 796 3752 ricino
819 3699 906 3751 situm

67 3797 132 3855 erat,
147 3791 292 3844 sublatum
308 3793 361 3856 est,
384 3788 566 3842 referendum
583 3788 667 3859 paulo
682 3793 747 3858 post
761 3792 906 3857 spectante

66 3879 168 3947 populo
182 3879 211 3932 in
225 3878 294 3932 aedis
309 3893 390 3932 novae
406 3878 500 3931 locum
524 3877 551 3931 ei
574 3877 739 3948 recipiendo
762 3882 904 3946 paratum.

99 3968 282 4036 1111111111,
306 3969 395 4034 prirrw
410 3966 569 4032 immobiles,
595 3968 624 4019 in
647 3980 744 4019 nouom
769 3965 906 4018 ecclesiam

64 4054 230 4120 deseruntur.
252 4085 288 4094 —
310 4055 408 4109 visum
427 4053 531 4109 deinde
550 4053 689 4124 episcopis
714 4059 765 4120 est,
787 4058 817 4106 ut
832 4068 905 4124 quo·

64 4143 137 4198 niam
158 4149 277 4215 propter
302 4143 449 4214 angustias
472 4143 525 4196 loci
557 4144 632 4212 (nam
656 4159 689 4196 cx
716 4143 805 4196 altera
824 4148 905 4212 parto

63 4228 160 4288 Rheno
174 4232 305 4298 flumine,
326 4248 359 4286 ex
379 4233 467 4286 altera
487 4239 585 4285 monte
609 4231 749 4285 altissimo
770 4231 904 4301 cingitur)

61 4325 161 4395 vulgus
174 4338 261 4377 omne
273 4322 350 4376 coire
364 4321 395 4376 in
409 4337 501 4376 unum
517 4336 576 4374 noo
592 4325 712 4392 potarat,
738 4320 768 4374 in
784 4320 903 4390 longum

60 4414 133 4468 11111
159 4412 270 4467 radices
288 4411 394 4465 montis
423 4409 649 4475 diffunderetnr3
677 4416 705 4463 ct
720 4409 759 4462 ita
774 4409 906 4478 reliquias

59 4502 240 4565 venerande,
253 4505 372 4572 propter
386 4500 577 4578 frequentiam
592 4503 620 4553 et
637 4498 811 4553 desiderium
832 4498 906 4551 mul-

59 4588 190 4645 titudinis
210 4589 297 4660 paulo
326 4588 441 4660 longius
461 4591 615 4659 exportatae
644 4603 695 4659 per
726 4586 904 4655 superiorem

59 4678 134 4732 riam
148 4693 215 4750 qure
229 4677 304 4732 eirca
319 4677 428 4732 radices
450 4677 555 4732 montis
571 4675 695 4741 deducit,
711 4675 741 4728 in
757 4675 905 4729 ecclesiam

59 4774 162 4821 noram
187 4770 397 4820 revocarentur.
416 4766 473 4820 Hoc
491 4764 606 4836 prolato
627 4763 758 4831 consilio,
781 4779 844 4817 cum
866 4762 906 4816 le·

59 4854 280 4909 reseraturum
302 4852 428 4925 episcopi
443 4853 610 4915 voluissent,
631 4853 670 4906 ita
690 4856 733 4906 est
746 4867 906 4923 pregrava-

62 4941 122 4997 lum
137 4949 169 4998 ut
193 4942 302 4997 moveri
324 4943 445 4997 omnino
473 4958 531 4995 non
554 4949 659 5012 posset.
685 4941 756 4995 ilinc
771 4941 906 4996 omnihus

64 5030 206 5101 suspensis
229 5030 390 5085 diutissime
404 5034 434 5084 et
454 5029 641 5096 haerentibus,
666 5029 905 5101 archiepiscopus,

68 5114 166 5174 beent
191 5125 256 5188 post
281 5118 384 5173 claruit
409 5119 576 5188 inspiratus,
602 5117 760 5189 alloquitur
780 5118 905 5188 plebem,

68 5199 176 5262 beatum
190 5208 310 5262 Goarem
325 5207 421 5279 quoad
436 5207 538 5261 vixerit
553 5206 669 5261 inanem
689 5206 808 5276 gloriam
825 5222 908 5259 mun·

73 5291 103 5361 di,
116 5297 291 5367 plaususque
305 5295 457 5351 hominum
476 5299 505 5350 et
516 5296 638 5362 favores,
653 5300 685 5349 ut
699 5309 760 5349 ram
775 5293 905 5364 fragilem

75 5386 94 5436 et
117 5385 254 5439 caducam
282 5399 379 5439 amore
408 5384 552 5439 bonorum
578 5383 749 5454 perennium
776 5387 905 5436 contem·

73 5471 170 5540 psisse;
187 5489 221 5527 ea
237 5472 299 5544 ipsa
313 5472 502 5528 nihilominus
518 5487 583 5526 eum
596 5476 658 5542 post
671 5470 779 5525 obitum
792 5485 907 5541 quoqne

74 5566 256 5618 nnnmnsre.
273 5561 396 5618 Proinde
411 5566 544 5634 oportere
565 5576 668 5633 corpus
690 5561 753 5632 ejus
768 5559 906 5631 simplici·

1028 2126 1063 2181 11.
1079 2157 1113 2165 -
1128 2142 1264 2180 ursaceus
1280 2143 1360 2180 rama
1374 2141 1496 2180 rannone
1509 2141 1606 2180 asueni
1621 2141 1740 2180 sanaris.

1152 2218 1188 2270 fle
1202 2218 1264 2269 uiuo
1279 2215 1351 2284 quod
1370 2218 1488 2270 excreuit
1500 2217 1530 2268 in
1542 2230 1620 2284 capo.

996 2324 1022 2376 6.
1048 2320 1150 2375 asueri
1173 2321 1223 2392 qui
1247 2322 1359 2390 primns
1383 2320 1514 2376 coenobio
1544 2320 1668 2376 Prnmire
1694 2322 1809 2392 praefuit

962 2416 1091 2480 tempora
1106 2408 1177 2463 forte
1196 2408 1307 2475 accidit,
1325 2414 1356 2463 ut
1379 2410 1483 2464 assolet
1497 2426 1529 2463 ex
1544 2415 1627 2464 terrae
1646 2410 1809 2477 sterilitate,

960 2498 1103 2552 minorem
1118 2496 1148 2551 iu
1164 2497 1277 2551 Gallicis
1292 2497 1459 2568 regionibus
1483 2497 1542 2551 vini
1567 2497 1680 2568 copiam
1705 2515 1806 2569 prove-

960 2586 1045 2639 nisse.
1062 2587 1182 2656 tamque
1200 2602 1280 2639 novae
1303 2586 1453 2640 vindemiae
1479 2591 1609 2657 tempora
1626 2588 1806 2657 propinqua-

960 2674 1038 2739 bant,
1054 2677 1082 2727 et
1096 2673 1207 2726 clericis
1232 2674 1261 2726 in
1278 2673 1351 2726 cella
1366 2675 1419 2728 viri
1443 2674 1532 2727 sancti
1554 2673 1735 2743 degentibus,
1753 2691 1810 2728 nna

962 2761 1144 2816 solummodo
1168 2761 1229 2815 vini
1254 2778 1327 2832 cupa
1351 2767 1510 2832 supererat.
1537 2762 1573 2815 Ea
1597 2779 1662 2816 cum
1678 2763 1809 2833 coepisset

961 2851 1095 2920 expendi,
1112 2855 1140 2905 et
1155 2851 1283 2922 quotidie
1298 2867 1363 2904 cum
1380 2851 1486 2905 eisdem
1501 2851 1619 2915 clericis,
1636 2858 1696 2904 tum
1710 2851 1808 2922 hospi-

962 2940 1037 2993 tibus
1063 2955 1187 3010 quorum
1213 2939 1253 2992 ibi
1282 2938 1442 3008 frequentia
1464 2955 1522 2991 non
1547 2939 1666 2992 minima
1695 2955 1808 3010 semper

805 3007 906 3044 ¹¹¹³¹¹¹¹⁵
925 3009 944 3064 C
961 3027 1064 3094 existit,
1081 3043 1113 3081 ex
1129 3043 1162 3081 ea
1176 3026 1280 3097 pocula
1294 3025 1502 3097 praeberentur,
1524 3026 1616 3097 spatio
1631 3042 1735 3081 novem
1749 3027 1807 3081 sile

962 3122 1024 3172 octo
1041 3117 1152 3171 dierum
1167 3120 1320 3182 trausacto,
1337 3133 1400 3169 cum
1420 3116 1463 3170 rix
1479 3116 1573 3170 media
1588 3116 1649 3185 ejus
1661 3119 1742 3186 parte
1764 3117 1808 3170 rel

874 3256 878 3265 .
961 3207 1044 3261 tertia
1060 3206 1157 3260 vinum
1174 3205 1315 3259 contineri
1339 3209 1499 3275 putaretur,
1526 3209 1644 3274 repente
1667 3206 1749 3258 inea
1771 3206 1807 3259 ad

961 3311 1107 3349 summum
1129 3310 1220 3365 usque
1240 3296 1386 3363 repertum
1411 3298 1452 3347 est
1474 3292 1642 3357 excrevisse,
1658 3297 1691 3345 ut
1710 3292 1805 3362 subja-

879 3432 884 3442 .
961 3400 1028 3439 cens
1043 3401 1157 3455 quoque
1182 3384 1377 3453 pavimentum
1401 3383 1497 3436 riuum
1520 3387 1698 3435 excrescente
1720 3381 1808 3436 fuerit

962 3474 1162 3526 madefactum.
1186 3473 1219 3526 Et
1232 3472 1333 3525 merito
1349 3471 1487 3542 quoniam
1503 3470 1545 3523 vir
1565 3470 1665 3524 beatus
1680 3470 1807 3541 hospita-

960 3560 1068 3615 litatem
1099 3561 1217 3631 proprie
1253 3565 1280 3614 et
1310 3559 1419 3613 sincere
1445 3560 1540 3630 quoad
1571 3559 1640 3612 vixit
1670 3559 1806 3624 exercuit,

960 3655 1055 3704 actum
1071 3659 1123 3718 est,
1139 3667 1174 3703 ne
1191 3650 1232 3703 rel
1260 3647 1328 3718 ipsis
1351 3648 1549 3714 servientibus,
1575 3649 1619 3701 rel
1644 3647 1807 3717 hospitibus

961 3739 1010 3810 qui
1025 3739 1243 3809 supervenirent
1256 3737 1331 3791 unde
1342 3737 1441 3790 vinum
1457 3736 1671 3791 ministraretur
1686 3735 1805 3791 deesset.

1067 3848 1103 3899 De
1116 3848 1178 3899 uino
1189 3845 1261 3913 quod
1271 3849 1363 3914 operto
1373 3858 1447 3911 cupa
1456 3844 1577 3897 cuniculo
1588 3844 1698 3896 mansit.

996 3939 1022 3988 7.
1039 3935 1070 3988 Et
1086 3940 1115 3986 ut
1130 3932 1299 3987 miraculum
1318 3931 1411 3985 simile
1426 3931 1565 3985 subdam:
1590 3930 1714 4001 quodam
1730 3935 1805 3985 tem-

959 4039 1030 4094 pore
1043 4038 1108 4076 curu
1124 4021 1288 4076 cellerarius
1302 4021 1357 4074 loci
1378 4020 1497 4074 nomine
1518 4019 1683 4074 Horduinus
1709 4019 1806 4075 immi·

961 4116 1046 4166 nenle
1059 4112 1118 4181 jam
1136 4110 1224 4163 noctis
1234 4109 1340 4181 quiete,
1352 4109 1452 4164 viuum
1466 4109 1501 4164 de
1514 4125 1587 4180 cupa
1601 4108 1726 4180 quadam
1736 4108 1807 4162 hau·

961 4201 1052 4265 sisset,
1068 4197 1187 4269 contigit
1202 4203 1234 4252 nt
1247 4214 1327 4268 cupre
1341 4197 1504 4252 cuniculum
1522 4197 1600 4251 aliud
1622 4197 1696 4251 forte
1710 4197 1806 4271 medi-

923 4294 1023 4363 ptans
1037 4288 1152 4343 infirme
1177 4286 1323 4341 clauderet
1342 4291 1371 4340 at
1394 4285 1495 4340 abiret.
1520 4286 1651 4357 Cumque
1676 4286 1808 4356 sequenti

961 4378 1007 4432 die
1021 4392 1169 4446 regressus
1183 4375 1218 4429 ad
1235 4375 1367 4429 eamdem
1378 4390 1481 4445 cupam
1491 4374 1624 4442 venisset,
1641 4373 1807 4430 cuniculum

960 4467 1077 4538 quidem
1093 4471 1223 4538 apertum
1239 4463 1358 4532 invenit,
1374 4468 1475 4518 stante
1486 4463 1569 4517 illum
1583 4463 1697 4517 ductam
1709 4464 1807 4518 aranei

959 4555 1066 4618 telam,
1082 4553 1183 4607 sedita
1204 4551 1302 4606 vinum
1326 4551 1357 4605 in
1381 4566 1454 4622 cupa
1476 4555 1603 4618 steterat,
1625 4556 1657 4606 ut
1669 4566 1706 4605 ne
1720 4551 1807 4605 unius

960 4641 1077 4713 quidem
1088 4647 1178 4711 guttae
1192 4640 1228 4695 do
1241 4656 1275 4695 ea
1288 4640 1374 4711 lapsa
1387 4639 1526 4695 indicium
1535 4639 1566 4694 in
1581 4640 1743 4712 pavimento
1759 4656 1807 4695 rc-

959 4730 1048 4802 periri
1061 4732 1177 4784 valeret.

1034 4839 1068 4891 De
1082 4851 1157 4890 seruo
1177 4834 1302 4889 Widonis
1318 4834 1462 4904 cujusdem
1476 4834 1572 4890 claudo
1587 4839 1613 4890 et
1626 4838 1731 4889 sonato

995 4925 1020 4978 8.
1033 4924 1087 4978 Per
1103 4923 1179 4977 idem
1193 4928 1382 4992 tempuscum
1398 4923 1434 4977 ad
1453 4923 1547 4977 locum
1566 4921 1693 4976 Widonis
1709 4921 1804 4990 cuius·

959 5012 1073 5066 demde
1088 5010 1232 5066 nobilibus
1247 5027 1345 5065 servus
1357 5010 1519 5066 claudicans
1534 5011 1695 5066 advenisset
1704 5014 1733 5063 ct
1747 5024 1806 5062 me·

959 5099 1021 5155 ritis
1058 5099 1147 5153 sancti
1176 5099 1230 5153 viri
1257 5105 1384 5168 sanatus,
1413 5100 1602 5155 ecclesiastico
1632 5115 1662 5153 se
1689 5096 1805 5152 servitio

959 5187 1144 5258 permittente
1166 5203 1218 5240 suo
1243 5186 1361 5241 domino
1387 5187 1569 5258 mancipavit,
1596 5201 1628 5240 ac
1654 5200 1712 5238 non
1738 5191 1806 5254 post

960 5278 1084 5331 multum
1102 5276 1239 5346 temporis
1259 5275 1407 5347 presbyter
1431 5277 1522 5330 factus
1542 5274 1634 5328 adhuc
1657 5288 1722 5328 cum
1744 5274 1806 5328 hmo

961 5364 1159 5420 scribebantur
1167 5365 1199 5419 in
1211 5365 1331 5419 haesita
1345 5368 1502 5434 supererat.

1130 5475 1165 5528 De
1179 5472 1296 5542 quodam
1309 5471 1436 5537 merulfo
1450 5474 1535 5524 mente
1549 5472 1638 5538 copto.

998 5563 1024 5617 9.
1041 5558 1100 5616 Sub
1115 5560 1217 5614 eodem
1241 5564 1347 5615 Asuero
1371 5556 1488 5628 quidam
1512 5556 1606 5630 major
1626 5554 1714 5630 regie
1731 5557 1807 5614 villae
