3930 6098
67 224 121 275 277

569 225 709 282 CONTRA
728 225 929 284 GRAECORUll
950 225 1129 284 orr0slra.
1145 256 1181 272 -
1201 230 1263 286 tltt.
1286 230 1335 301 tlt.

1772 239 1824 295 278

65 356 103 411 de
120 358 203 413 Patre
218 358 274 413 rita
296 359 436 431 capiendo
451 359 553 430 vitam;
578 361 637 417 vita
660 362 782 432 Spiritus
804 369 919 417 sauctus
937 366 958 418 Α
975 367 1002 418 et
1018 365 1247 436 l'iliusSpiritus,
1265 368 1337 422 Patri
1354 374 1382 424 et
1396 370 1466 425 Filio
1483 371 1570 427 etiam
1582 373 1644 444 ipse
1659 377 1823 446 coequans,

65 446 103 500 de
130 448 212 501 Patro
240 448 369 520 Filioque
396 449 454 502 rita
479 451 648 520 prodeundo
673 467 791 505 sumens
821 453 918 507 vitam.

65 535 129 589 Non
158 537 236 590 enim
264 538 370 592 deitate
396 539 504 608 poterit
532 555 592 593 esse
630 540 753 594 Trinitas
787 541 919 612 perlectae

65 624 383 691 consubstantialitatis,
416 627 441 679 si
477 643 536 681 non
568 626 691 699 Spiritus
723 636 837 684 sanctus
865 631 919 684 hoc

64 712 154 765 fuerit
168 712 245 784 qnod
263 719 291 767 et
306 715 389 769 Pater
404 719 433 769 et
447 715 544 769 Filius.
613 718 617 725 ’

102 801 137 854 Et
160 802 277 872 quidem
303 804 379 874 quod
402 804 437 858 de
462 805 544 858 Patre
564 805 709 875 procedat,
735 806 814 860 nulla
843 823 919 862 nunc

65 891 335 962 vertiturquaestio;
359 894 436 963 quod
450 899 547 948 nutem
562 910 578 946 a
592 894 663 949 Filio
689 896 835 966 procedat,
857 896 918 966 ipse

66 980 156 1033 Filius
174 981 255 1034 testis
274 981 380 1043 existit,
401 981 451 1051 qui
472 981 621 1053 loquitur:
649 985 685 1037 ne
708 999 763 1038 meo
792 987 917 1053 accipiet,

63 1074 91 1121 et
105 1072 284 1123 armantiaoit
309 1071 385 1123 uobis
408 1069 496 1136 (loon.
520 1086 578 1135 xri,
607 1073 657 1138 ll).
683 1072 737 1126 Sed
764 1072 831 1127 binc
855 1074 918 1128 hae-

63 1155 147 1208 retici
173 1156 279 1226 gradus
307 1158 337 1210 in
366 1157 515 1211 divinitate
551 1165 717 1213 construere
755 1161 916 1227 voluerunt,

63 1244 192 1297 dicentes
219 1261 226 1299 :
256 1245 284 1299 Si
312 1246 399 1300 Filius
431 1246 535 1317 accipit
562 1264 578 1301 a
609 1250 701 1314 Patre,
735 1254 760 1303 et
796 1249 918 1320 Spiritus

63 1339 180 1387 sanetus
209 1351 226 1387 a
264 1334 345 1401 Filio,
388 1335 484 1389 minor
511 1342 554 1390 est
589 1337 713 1407 Spiritus
743 1344 856 1392 sanctus
901 1355 918 1392 a

63 1420 148 1476 Filio.
189 1422 259 1476 Huic
287 1438 426 1493 perverste
455 1424 649 1495 propositioni
680 1424 777 1480 obviat
817 1427 918 1480 beatus

60 1510 249 1580 Augustinus,
274 1512 406 1582 superins
432 1513 557 1581 positam
592 1518 719 1567 tractans
758 1515 916 1584 capitulum

58 1599 166 1667 (Tr-act.
187 1616 202 1653 a
229 1605 295 1654 ente
322 1600 421 1668 linem)
439 1618 446 1655 ε
477 1621 491 1652 n
509 1602 589 1667 Quod
605 1608 701 1656 autern
719 1602 758 1656 ait
776 1619 782 1657 :
799 1606 835 1657 lle
860 1620 916 1658 meo

973 458 1001 506 et
1034 455 1067 508 ad
1097 456 1243 509 Trinitatis
1270 459 1419 526 pertinens
1447 460 1613 516 unitatem:
1645 478 1702 517 uon
1727 470 1824 518 tamen

974 542 1105 597 eamdem
1121 544 1288 600 Trinitatem
1305 551 1401 600 natam
1416 548 1450 600 de
1470 549 1587 619 Virgine
1604 550 1701 618 illaria,
1724 556 1752 604 et
1770 553 1823 606 sub

972 631 1075 684 Pontio
1093 634 1181 687 Pilato
1196 633 1371 698 crucifixam,
1392 641 1420 688 et
1435 637 1585 705 sepultam,
1604 639 1686 692 tertia
1707 641 1754 693 dia
1777 656 1822 695 re·

972 722 1137 788 surrexisse,
1149 726 1178 775 et
1194 723 1223 775 in
1234 724 1337 776 eoelum
1357 725 1526 791 ascendisse,
1552 727 1598 778 sed
1622 731 1822 783 tantammodo

972 809 1086 863 Filium.
1107 830 1118 856 s
1143 810 1276 865 Distincte
1300 810 1479 881 singularum
1505 812 1534 866 in
1565 821 1660 868 sancta
1683 816 1821 873 Trinitete

972 912 1159 966 personarum
1179 899 1370 969 proprietates
1394 899 1532 962 insinuat,
1551 902 1632 955 etad
1656 905 1748 958 solunt
1773 906 1821 959 l'i-

970 986 1042 1039 lium
1068 987 1295 1042 incarnationem
1331 987 1484 1058 pertinere.
1511 988 1622 1043 Etenim
1653 992 1734 1045 Pater
1762 1010 1820 1047 non

971 1079 1014 1126 est
1041 1073 1118 1127 idem
1139 1075 1187 1143 qui
1217 1076 1313 1142 Filius,
1343 1077 1480 1145 quoniam
1509 1078 1610 1146 genuit
1638 1078 1760 1144 Filium,
1793 1087 1820 1134 et

973 1161 1060 1214 l'ilius
1077 1163 1232 1216 nunidem
1255 1162 1304 1233 qni
1321 1164 1413 1228 Pater,
1430 1165 1478 1217 sed
1508 1166 1706 1220 tantummodo
1732 1167 1819 1221 Filius

971 1250 1021 1319 qui
1048 1251 1084 1303 sit
1110 1269 1126 1304 a
1154 1252 1235 1304 Patre
1262 1251 1393 1321 genitus3
1417 1252 1540 1323 Spiritus
1570 1269 1684 1324 quoque
1706 1260 1820 1310 sanctus

971 1352 1023 1391 neo
1039 1340 1121 1392 Pater
1133 1344 1179 1405 sit,
1197 1355 1247 1393 nec
1271 1340 1368 1407 Filius,
1387 1341 1434 1395 sed
1460 1347 1573 1394 tantum
1601 1342 1689 1395 Patris
1711 1347 1740 1396 et
1757 1343 1820 1399 Titii

970 1425 1101 1496 Spiritus.
1130 1427 1163 1479 Et
1193 1428 1330 1497 quoniam
1362 1429 1512 1499 utriusque
1543 1429 1649 1482 dicitur
1684 1429 1817 1499 Spiritus,

971 1522 1179 1586 consequenter
1193 1520 1228 1569 ab
1245 1522 1367 1587 utroque
1383 1520 1537 1584 procedere
1557 1518 1743 1572 conlitendus.
1761 1518 1820 1573 Sic-

971 1607 1002 1656 ut
1016 1603 1095 1656 enim
1117 1604 1208 1657 Patris
1230 1604 1336 1658 dicitur
1357 1621 1427 1672 esse,
1453 1606 1520 1674 quia
1544 1606 1702 1675 procedite
1723 1607 1817 1673 Patre,

60 1689 189 1758 accipiet,
212 1694 238 1743 et
265 1691 441 1744 annuntiabit
460 1690 546 1758 uobis,
572 1691 719 1745 catholicis
741 1692 839 1746 audite
867 1708 915 1746 au·
935 1663 1010 1744 Bsic
1037 1692 1100 1746 Filii
1128 1708 1244 1764 quoque
1271 1693 1422 1761 protitetur
1451 1709 1521 1759 esse,
1552 1694 1619 1763 quia
1647 1693 1774 1764 procedit
1801 1709 1819 1747 a

61 1775 154 1840 ribus,
170 1775 318 1830 catholicis
337 1776 475 1848 percipite
491 1778 645 1831 mentibus.
671 1779 733 1833 Non
748 1779 825 1833 enim
848 1796 914 1850 pro·
969 1782 1048 1836 Filio.
1065 1782 1172 1836 Similis
1193 1783 1297 1836 etenim
1318 1798 1402 1836 causa
1423 1799 1473 1836 cur
1497 1784 1533 1837 sit
1555 1784 1714 1852 utriusque,
1742 1784 1819 1837 simi·

59 1870 172 1937 pterea,
189 1865 391 1937 sicutquidam
412 1867 539 1920 baeretici
558 1871 740 1937 putaverunt,
759 1868 854 1921 minor
872 1873 914 1923 est
967 1869 1034 1923 liter
1059 1869 1211 1924 confitetur
1234 1869 1268 1922 ab
1294 1875 1416 1940 utroque
1446 1871 1618 1941 procedere;
1643 1876 1671 1924 et
1690 1886 1756 1924 cum
1780 1871 1817 1924 sit

60 1952 135 2007 Filio
150 1953 498 2025 Spiritnssanetns;quia
522 1955 609 2010 Filius
637 1955 793 2026 accipiata
821 1958 913 2023 Patre,
968 1958 1182 2029 pusillumque
1204 1958 1366 2027 cooequalis,
1396 1965 1424 2011 et
1449 1959 1484 2013 nd
1499 1959 1646 2012 Trinitatis
1673 1958 1817 2027 pertineat

60 2048 90 2095 et
118 2041 241 2112 Spiritus
269 2047 381 2096 sanetus
409 2059 427 2096 a
460 2043 541 2110 Filio,
571 2044 744 2115 quibusdam
779 2047 914 2116 gradihus
967 2050 1119 2121 unitatem,
1138 2047 1297 2099 incarnatio
1311 2041 1407 2099 tamen
1424 2045 1485 2099 Filii
1501 2061 1553 2099 nee
1564 2045 1601 2099 ad
1615 2047 1739 2109 Patrem,
1763 2062 1815 2098 nec

60 2135 243 2185 naturarum.
271 2131 352 2185 Absit
375 2131 429 2185 hoc
460 2133 587 2199 eredere,
617 2132 692 2187 absit
721 2135 775 2188 hoo
807 2135 911 2202 dicere,
966 2135 1002 2189 ad
1031 2135 1170 2204 Spiritum
1194 2140 1324 2187 sanctum
1339 2133 1489 2204 pertinet:
1513 2135 1749 2202 pertinetantem
1779 2132 1815 2186 ed

59 2219 502 2273 absitacuristianiscordtbus
525 2221 663 2290 cogitare.
691 2221 820 2293 Denique
843 2240 912 2278 eon·
966 2224 1059 2277 solum
1085 2226 1197 2277 Patrem
1219 2222 1352 2292 genuisse
1370 2222 1491 2288 Filinm3
1515 2222 1559 2297 ad·
1585 2222 1686 2275 Filium
1718 2226 1814 2275 autent

60 2307 143 2361 huno
159 2307 245 2361 solrit
264 2308 466 2378 questionem,
491 2313 521 2361 et
543 2324 594 2362 cur
616 2308 671 2362 hoc
695 2309 799 2363 dixerit
815 2310 911 2379 expla-
967 2312 1113 2366 bominem
1135 2311 1290 2381 suscepisse
1311 2311 1468 2381 perlectum
1491 2327 1496 2363 :
1523 2309 1558 2364 ad
1579 2310 1718 2379 Spiritum
1741 2325 1813 2379 quo-

60 2396 163 2449 narit:
182 2397 290 2462 Omnia
318 2397 424 2467 iuquit,
448 2413 613 2465 quecunque
638 2398 717 2452 habet
740 2400 828 2462 Pater,
853 2413 912 2452 mea
966 2407 1212 2471 quesanctumex
1230 2401 1311 2454 Patre
1334 2399 1462 2469 Filioque
1485 2399 1666 2468 processisse.
1693 2399 1763 2451 item
1784 2398 1813 2451 iu

59 2490 308 2555 sont:propterea
330 2485 402 2553 dici,
419 2487 536 2554 quiade
554 2489 912 2555 meoaacipiet,etannnn·
965 2488 1294 2560 cortsequentibuslcap.
1323 2489 1370 2554 Sl:
1403 2510 1415 2532 ιι
1442 2487 1535 2540 Movet
1558 2487 1643 2539 etiarn
1668 2488 1813 2555 quomodo

60 2574 143 2628 tiabit
165 2574 242 2629 nohis
273 2577 352 2642 (lanu
379 2591 435 2641 xri,
468 2576 520 2645 ts).
551 2575 626 2640 Quid
654 2575 740 2630 vultis
768 2575 912 2646 amplius?
965 2579 1087 2649 Spiritus
1105 2583 1220 2630 sauctus
1242 2576 1272 2629 iu
1297 2576 1435 2630 Trinitate
1461 2577 1508 2638 sit,
1532 2591 1617 2644 quem
1645 2591 1696 2628 nec
1720 2575 1811 2640 Pater,

58 2663 136 2732 Ergo
153 2663 189 2717 de
206 2665 288 2717 Patre
315 2663 417 2733 accipit
439 2664 563 2733 Spiritus
590 2668 715 2730 sanctus,
734 2665 810 2719 unde
835 2664 909 2718 acci·
965 2683 1017 2720 uec
1031 2666 1127 2725 Filius,
1145 2682 1196 2719 uec
1211 2665 1294 2719 ambo
1309 2665 1472 2735 genuerint,
1498 2680 1563 2717 eum
1586 2664 1622 2717 sit
1637 2664 1759 2733 Spiritus
1786 2667 1814 2716 et

58 2751 103 2822 pit
119 2751 210 2806 Titius
226 2769 233 2804 ι
247 2751 315 2822 qnia
328 2752 358 2805 in
375 2752 429 2806 hoc
444 2752 583 2806 Trinitate
601 2752 636 2806 de
656 2754 739 2807 Patre
763 2756 847 2805 natus
869 2757 912 2806 est
965 2756 1056 2811 Patris
1065 2760 1093 2809 et
1108 2755 1180 2820 Filii,
1199 2775 1209 2802 s
1228 2754 1276 2807 llis
1300 2753 1392 2806 verbis
1408 2754 1623 2822 generationem
1652 2755 1778 2805 removet
1797 2767 1812 2804 a

60 2840 163 2905 Filius,
192 2840 228 2895 de
255 2843 334 2895 Patre
373 2841 500 2911 Pmcedll
538 2841 662 2911 Spirilus
694 2844 818 2894 laucius·
856 2840 910 2905 Qui
964 2844 1072 2914 Spiritu
1094 2850 1200 2909 saneto,
1225 2859 1312 2913 quern
1342 2859 1393 2896 nec
1417 2843 1499 2895 Pater
1526 2842 1611 2905 solus,
1638 2856 1690 2894 nec
1725 2839 1812 2894 Filius

59 2934 158 2983 autem
175 2929 304 2983 denullo
325 2929 470 2995 perussit,
497 2929 532 2982 de
559 2929 637 2983 uallo
656 2928 801 2998 procedat,
828 2930 1215 3016 PaterCsolus.nccambo
1234 2931 1380 3001 genuisssa
1406 2929 1551 2990 dieanttu·;
1569 2934 1696 2981 attamen
1720 2928 1756 2981 sit
1783 2933 1812 2980 et

58 3017 138 3071 solus
162 3022 215 3071 est.
243 3037 254 3066 s
282 3017 343 3070 Non
370 3022 413 3070 est
439 3017 614 3071 contrarium
643 3016 722 3087 qnod
746 3033 822 3070 nunc
850 3020 909 3086 agit
963 3020 1054 3073 Putris
1070 3026 1098 3074 et
1110 3020 1173 3073 Filii
1186 3019 1308 3087 Spiritus
1326 3034 1331 3070 :
1350 3017 1487 3070 nimirum
1503 3016 1651 3069 insinuans
1668 3014 1736 3085 quia
1759 3015 1810 3085 qui

57 3104 200 3172 Spiritum
213 3109 342 3158 sanctum
354 3104 389 3158 de
405 3106 486 3158 Patre
509 3106 674 3176 procedere,
700 3105 907 3176 superioribus,
962 3109 1104 3162 nascendo
1125 3124 1181 3162 non
1207 3108 1243 3160 sit
1269 3106 1365 3171 Filius,
1386 3104 1566 3175 procedendo
1595 3105 1632 3158 sit
1658 3105 1809 3159 amborum

58 3192 109 3246 ubi
124 3193 198 3247 dixit
212 3193 346 3247 eumdem
367 3193 505 3263 Spiritum
528 3201 658 3248 sanetum
680 3193 783 3248 aFilin
807 3209 908 3263 proce·
962 3196 1108 3266 Spiritus:
1133 3195 1180 3249 ubi
1203 3195 1279 3249 enirn
1307 3194 1440 3246 nativitas
1459 3193 1579 3256 tollitur,
1606 3199 1635 3245 et
1653 3191 1805 3244 amborum

58 3283 138 3350 dere,
155 3281 205 3336 sed
221 3283 315 3337 aufert
336 3281 558 3337 minorationem
583 3299 670 3354 quam
692 3280 819 3336 haeretiei
843 3297 907 3352 gar·
962 3301 1023 3338 esse
1039 3285 1153 3351 dieitur,
1176 3283 1316 3353 processio
1332 3283 1392 3335 siue
1407 3281 1493 3335 dubio
1511 3279 1699 3350 significetur,
1716 3285 1810 3333 etnon

57 3372 184 3436 riebant,
199 3376 229 3423 et
249 3371 434 3424 commendat
454 3371 659 3443 aequalitatem,
675 3387 760 3442 quatu
777 3369 908 3424 catholici
962 3375 997 3428 ab
1025 3390 1081 3427 nno
1108 3372 1320 3439 tantummodo,
1350 3372 1404 3424 hoc
1430 3377 1472 3425 est
1500 3369 1543 3422 vel
1570 3385 1587 3421 a
1611 3371 1694 3422 Patre
1724 3367 1767 3420 vel
1795 3383 1811 3420 a

57 3460 189 3514 credunt.
221 3459 291 3513 Nam
315 3459 338 3511 si
365 3463 477 3513 tantum
500 3445 628 3530 'Spiritus
655 3466 768 3513 sanctus
794 3477 811 3513 a
838 3459 908 3514 Filio
963 3462 1043 3528 Filio,
1062 3461 1112 3514 sed
1129 3460 1164 3513 ab
1190 3465 1320 3530 utroque,
1338 3458 1474 3527 quoniam
1499 3472 1557 3510 non
1581 3455 1667 3510 unius
1696 3459 1809 3509 tantum

58 3549 203 3603 diceretur
223 3547 361 3618 accipere,
389 3564 449 3601 non
477 3548 563 3602 etism
581 3566 597 3602 a
618 3550 710 3615 Patre,
731 3548 909 3618 preberetur
961 3550 1083 3621 Spiritus
1100 3591 1106 3615 ,
1123 3549 1172 3602 sed
1186 3549 1336 3618 utriusque
1353 3549 1413 3600 lore
1430 3545 1645 3616 comprobatur.

56 3636 134 3689 lorus
158 3636 271 3690 Arianis
289 3636 417 3706 tingendi
442 3637 548 3706 gradus
570 3637 600 3690 in
626 3637 798 3690 divinitate:
832 3653 908 3689 nunc
999 3638 1246 3704 tteminlratcap.
1269 3638 1332 3703 ltl:
1363 3637 1458 3688 ·ta1n
1478 3634 1555 3688 enim
1578 3633 1756 3686 ostendimus
1781 3631 1811 3684 in

59 3730 153 3778 autem
176 3723 274 3779 dicens
291 3725 326 3779 de
354 3725 437 3779 Patre
455 3725 531 3796 quod
552 3725 688 3795 procedat
704 3725 827 3796 Spiritus
842 3741 906 3777 san·
961 3727 1014 3782 hac
1028 3726 1166 3779 ‘trinitate
1182 3740 1233 3794 per
1249 3724 1355 3777 multos
1372 3723 1549 3776 locutionum
1565 3721 1729 3776 divinarunt
1750 3736 1807 3772 mo·

60 3821 128 3880 ctus,
145 3820 262 3868 nonest
278 3814 356 3868 unde
371 3813 484 3884 lingant
508 3815 745 3882 minorationem,
770 3813 907 3883 quoniam
962 3816 1012 3869 dos
1027 3815 1113 3868 etiam
1128 3814 1162 3866 de
1175 3812 1295 3881 singulis
1310 3811 1365 3864 dici
1378 3810 1595 3881 quodomnium
1610 3815 1662 3875 est,
1691 3814 1811 3878 propter

62 3902 123 3956 inde
147 3902 251 3973 accipit
286 3903 374 3957 etiam
404 3902 527 3974 Spiritus
548 3909 663 3957 sanctus
692 3907 723 3956 nt
760 3902 906 3972 procedat,
960 3901 1183 3972 inseparabilem
1204 3900 1397 3970 operationem
1423 3899 1508 3952 unius
1533 3896 1720 3967 ejusdemque
1743 3896 1810 3949 sub-

64 3992 135 4044 unde
152 3991 258 4060 accipit
270 3991 356 4044 Filius
371 3997 402 4045 ut
416 3995 572 4045 nascatur:
595 3997 623 4045 et
649 3991 718 4045 ditm
733 3991 818 4044 ambo
843 4006 907 4060 per·
962 3993 1084 4046 stantiae.
1106 3989 1182 4043 Sicut
1202 3992 1230 4042 et
1250 3987 1284 4041 de.
1304 3986 1410 4056 Spiritu
1436 3990 1532 4039 sancto
1555 3984 1646 4038 dicit:
1670 3984 1736 4039 Cant
1763 3998 1811 4049 epo

67 4078 307 4144 cipiuntal'atre,
330 4080 416 4133 Filius
441 4080 629 4144 nativitatem,
656 4079 778 4148 Spiritus
793 4083 908 4131 sanetus
961 4083 1026 4142 iero,
1050 4082 1157 4132 mittam
1179 4075 1369 4130 illumadnos
1398 4076 1485 4142 (toan.
1507 4089 1563 4139 art,
1586 4073 1622 4142 t).
1644 4072 1707 4127 Non
1739 4071 1812 4125 dixit

10 4196 12 4201 ·
71 4168 283 4235 processionem,
300 4182 356 4221 non
373 4175 416 4221 est
437 4171 511 4222 unde
530 4171 602 4221 alter
623 4169 704 4221 alteri
727 4169 905 4238 praeleratur.
962 4172 1119 4231 mittemus,
1132 4168 1179 4219 sed
1193 4166 1231 4219 ita
1246 4165 1326 4235 qnasi
1343 4169 1454 4218 tautum
1474 4162 1560 4216 Filius
1585 4177 1652 4215 eum
1671 4159 1811 4214 missurus

75 4256 228 4311 ieetamen
253 4255 359 4310 idcirco
382 4258 548 4326 negandum
564 4257 638 4327 qnod
654 4256 688 4310 de
705 4257 775 4310 Filio
791 4273 906 4326 qnoque
928 4257 1045 4321 Daseai,
1070 4272 1127 4309 raon
1153 4256 1243 4309 Pater.
1271 4255 1341 4308 Cum
1367 4253 1422 4306 alio
1447 4252 1508 4305 loco
1531 4251 1628 4304 dicat:
1655 4251 1715 4304 Haeo
1736 4250 1812 4304 loca-

77 4348 218 4410 prooedat:
248 4347 288 4399 ait
317 4361 442 4415 nemque
474 4346 560 4399 Filius
586 4362 592 4399 :
621 4345 720 4400 Omnia
745 4360 909 4413 quaecuuque
963 4353 1006 4400 tus
1020 4361 1079 4399 snm
1091 4345 1165 4397 uoltis
1176 4343 1251 4412 apud
1267 4357 1312 4396 vos
1332 4356 1460 4404 monens·
1487 4340 1634 4394 aduocatos
1650 4343 1739 4393 antem
1755 4338 1811 4401 ille,

81 4428 142 4487 latet
155 4436 246 4500 Pater,
266 4449 325 4487 meo
340 4438 411 4488 sant.
436 4436 581 4502 Propterea
606 4433 677 4500 diri,
702 4437 768 4503 quio
793 4434 825 4486 de
853 4449 909 4487 meo
963 4435 1087 4504 Spiritus
1108 4438 1218 4486 sanctas
1242 4447 1319 4500 quem
1341 4433 1427 4485 mittet
1450 4429 1535 4482 Pater
1554 4429 1583 4481 in
1610 4429 1718 4481 nomine
1744 4440 1810 4492 meo,

83 4524 225 4590 ncipiet‚et
248 4523 425 4576 anrrnntt‘ohit
451 4525 527 4576 uobis
554 4524 638 4587 (loon.
664 4538 719 4589 xvi,
739 4525 790 4589 15).
821 4523 911 4576 Habet
963 4526 1009 4578 ille
1031 4524 1106 4576 uobis
1131 4520 1486 4585 declarabitornnia(loau.
1511 4533 1567 4580 xiv,
1593 4519 1649 4575 25).
1675 4515 1723 4568 llic
1749 4529 1814 4568 rur-

85 4614 160 4663 antem
176 4612 262 4665 Pater
287 4615 317 4663 ut
344 4611 379 4663 de
404 4611 452 4663 illo
482 4611 616 4679 procedat
640 4611 763 4680 Spiritus
786 4619 909 4677 sanctus,
965 4629 1013 4665 sus
1029 4611 1256 4674 itadictumest‚
1277 4607 1358 4677 quasi
1374 4622 1512 4660 uoneum
1529 4605 1667 4658 missurus
1691 4607 1764 4657 esset
1787 4607 1816 4656 et

87 4706 272 4770 consequenter
291 4699 420 4752 etFitius
436 4698 565 4752 habetut
588 4699 623 4752 de
639 4700 687 4753 illo
708 4715 821 4769 quoque
847 4715 912 4769 pro·
966 4701 1064 4765 Filius,
1077 4699 1124 4753 sed
1141 4703 1252 4751 tentum
1279 4697 1369 4750 Pater.
1396 4714 1410 4746 o
1436 4695 1612 4764 Frequenter
1637 4692 1745 4746 dictum
1773 4697 1815 4744 est

88 4786 159 4854 cedat;
182 4804 252 4858 ergo
271 4787 402 4858 procedit
420 4788 456 4841 ab
487 4794 608 4859 atroque
637 4789 759 4859 Spiritus
786 4794 911 4841 sanctus.
968 4789 1132 4842 missionem
1148 4786 1285 4857 Spiritum
1308 4784 1521 4856 processionem
1544 4797 1620 4848 esse,
1640 4784 1816 4851 quapropter

398 4912 511 4966 CAPUT
530 4912 564 4965 m
966 4874 1280 4930 cumtestaturFilium
1297 4889 1362 4927 etim
1380 4872 1534 4925 missurum
1564 4884 1636 4933 esse,
1662 4865 1816 4939 processio·

476 5020 481 5028 .
570 4952 576 4964 ⁶
968 4980 1034 5016 nem
1052 4963 1112 5032 ejus
1126 4978 1142 5013 a
1155 4962 1225 5016 Filio
1241 4960 1383 5031 significat
1400 4974 1406 5012 :
1424 4959 1492 5012 itam
1517 4973 1582 5010 curn
1606 4956 1681 5010 dicat
1705 4955 1815 5007 Patrem

263 5017 331 5073 Item
348 5020 499 5072 ⁶⁰⁸²i⁷¹²⁰²¹²⁰
510 5033 543 5072 ω
555 5020 717 5086 Animum·
968 5053 1123 5104 missarum
1145 5049 1269 5118 Spiritus
1285 5053 1415 5101 sanetum
1441 5047 1470 5099 iu
1487 5045 1602 5098 nornine
1619 5041 1692 5108 Filii,
1718 5053 1817 5094 rursus

114 5135 138 5191 ln
160 5139 233 5193 libro
260 5139 295 5193 de
319 5147 416 5193 sancta
443 5140 580 5203 Trinitate
600 5140 695 5210 primo
718 5142 789 5209 (rap.
818 5143 846 5211 i)
876 5141 915 5195 sic
967 5138 1181 5212 processionem
1196 5136 1305 5206 ejusde
1324 5136 1403 5189 Patre
1419 5134 1523 5204 signat.
1539 5132 1571 5185 Et
1587 5131 1655 5185 dum
1679 5127 1714 5180 ab
1737 5130 1816 5179 utro·

91 5223 135 5279 tit:
165 5247 176 5276 ι
206 5227 343 5292 Quamvis
370 5227 455 5281 Pater
484 5227 586 5281 Filium
620 5229 763 5297 genuerit,
795 5235 823 5282 et
850 5230 915 5283 ideo

91 5310 158 5373 lilius
174 5332 231 5371 nou
257 5316 295 5370 sit
318 5315 369 5386 qui
395 5317 479 5371 Pater
494 5323 553 5383 est,
578 5317 753 5388 Filiusquea
773 5318 854 5370 Patre
880 5317 917 5370 sit

89 5404 191 5472 genitus,
208 5409 237 5458 et
251 5405 316 5458 ideo
331 5420 390 5458 iton
405 5405 441 5458 sit
453 5407 535 5458 Pater
550 5405 599 5475 qui
615 5405 700 5458 Filius
716 5411 772 5469 est;
794 5404 917 5474 Spiritus

89 5498 183 5545 sanctos
197 5509 250 5547 nec
266 5494 350 5546 Pater
365 5493 411 5559 sit,
428 5509 479 5546 nec
503 5493 599 5560 Filius,
620 5495 669 5547 sed
694 5498 806 5547 tantum
827 5494 917 5546 Patris

968 5226 1108 5300 qnemitti
1121 5221 1575 5293 dieitur,abutroqueprocedere
1603 5215 1816 5286 comprobatur.
1905 5279 1910 5294 ἱ

971 5319 1002 5371 at
1017 5316 1065 5370 dat
1078 5317 1240 5383 generalem
1258 5319 1362 5368 sanctae
1378 5308 1525 5365 Trinitatis
1549 5305 1690 5375 regulum,
1722 5303 1820 5359 dicens

970 5407 1004 5459 de
1021 5404 1140 5473 singulis
1153 5404 1209 5458 dici
1224 5403 1302 5473 quod
1317 5400 1447 5454 omnium
1462 5402 1513 5461 est,
1527 5414 1541 5442 «
1567 5397 1684 5464 propter
1704 5392 1820 5463 insepa-

972 5493 1089 5546 rabilem
1102 5492 1296 5562 operationem
1312 5488 1397 5542 unius
1409 5482 1597 5555 ejusdemque
1615 5480 1793 5536 substantiae.
1806 5501 1820 5529 s
