3930 6098
66 278 118 332 ste
848 274 1034 331 EPISTOLAE.
1768 280 1822 336 474

67 407 241 478 consulitur,
256 408 334 479 quod
349 406 538 480 genermms
553 421 611 461 non
630 405 723 461 datur.
745 406 808 460 Non
826 404 916 476 igilur
934 405 1051 476 deujus
1068 405 1146 477 justa
1163 405 1272 476 judicia
1296 405 1406 461 clarent
1423 405 1537 477 justitia
1559 422 1591 462 ac
1613 406 1720 479 pietate
1743 423 1818 479 pra-

69 496 263 552 subvertimus
293 495 448 569 primitiva‚
478 498 528 552 sed
562 495 720 551 consultius
753 493 918 550 ordinamus
972 493 1074 549 cincta.

70 584 248 654 pressanda:
266 600 332 639 cum
353 590 382 640 et
405 585 476 639 illud
501 583 657 639 universali
681 582 785 646 edictu,
809 588 838 639 et
857 583 918 638 hoec
1007 586 1034 638 2.
1052 583 1121 647 Quae
1138 586 1200 638 aeta
1223 585 1289 637 sunt
1313 583 1479 654 paternitati
1500 589 1600 640 vestrae
1621 585 1745 640 breviter
1767 585 1818 642 ed·

69 672 240 742 praepolleat
254 672 369 743 speciali
380 672 499 743 judicio.
814 697 816 703 r
973 671 1079 726 notavi.
1106 672 1187 726 Nunc
1215 688 1280 742 quaa
1305 672 1415 743 agenda
1445 677 1512 727 sunt
1540 673 1644 728 iterum
1670 674 1819 730 humiliter

105 763 131 815 5.
159 761 194 815 Et
217 761 279 816 baec
303 761 428 816 dicentes
452 778 511 816 non
534 760 615 816 vobis
639 761 811 833 replicamus
835 760 918 815 inco·
972 761 1057 832 cupio
1073 760 1239 831 implorare.
1256 761 1338 815 Certe
1353 760 1389 814 ab
1409 759 1473 831 ipso
1489 761 1667 830 egritudinis
1687 768 1818 835 tempore

28 893 30 897 .
70 848 162 920 gnita,
179 849 228 903 sed
243 853 311 903 nota
326 849 489 905 reducimus
503 848 656 904 recolenda
675 865 681 903 :
707 853 741 904 ut
761 849 785 904 si
807 849 843 904 ab
863 848 918 903 ho·
973 849 1109 920 usquein
1131 849 1217 904 bodie
1238 849 1386 903 aselutari
1402 850 1532 904 exclusus
1548 851 1639 904 mansi
1663 852 1790 908 remedio
1809 867 1816 907 :

70 937 173 994 dierno
189 937 236 994 dic
257 942 285 993 et
306 943 447 1010 tempore,
464 939 568 1010 aliquis
589 954 625 993 ex
649 938 842 994 sacerdotibus
863 954 918 993 no·
972 942 1002 993 et
1025 937 1091 993 licet
1116 937 1380 993 reconciliationem
1408 937 1524 992 aliunde
1552 939 1674 992 valerem
1701 940 1768 1004 frui,
1793 941 1819 995 si

69 1026 136 1081 stris
158 1032 259 1082 vestrae
278 1028 440 1098 presentie
455 1043 626 1100 quacunque
641 1027 739 1082 saeculi
758 1027 920 1082 exhibuerit
973 1026 1089 1092 vellem;
1114 1029 1212 1080 tamen
1231 1042 1265 1080 ea
1289 1042 1354 1097 quse
1378 1026 1546 1081 auctoritate
1571 1028 1688 1081 Petrum
1709 1033 1819 1084 sacrata

70 1115 241 1185 necessitas3
258 1132 316 1170 non
332 1115 508 1184 execrabilis,
524 1117 599 1187 quod
625 1116 722 1187 procul
746 1115 793 1184 sit,
816 1119 917 1170 vestrae
972 1119 1046 1179 sunt,
1063 1113 1185 1184 implere
1200 1114 1365 1169 desiderans
1382 1115 1554 1185 permissum
1574 1118 1697 1169 vostrum
1721 1115 1818 1186 inqui-

71 1203 298 1275 participationi,
312 1205 356 1259 vel
372 1205 473 1259 exulus
487 1204 636 1272 habeatur,
654 1204 703 1260 scd
719 1203 873 1274 recipiatur
888 1208 919 1259 ut
972 1219 1035 1258 rere
1058 1202 1147 1271 volui,
1174 1206 1259 1274 atqua
1281 1219 1333 1276 per
1348 1204 1508 1275 jussionem
1523 1203 1704 1276 paternitatis
1718 1207 1819 1260 vestrae

70 1291 216 1362 proprius,
233 1291 422 1365 amplectatur
434 1299 468 1347 ut
481 1293 568 1362 iilius,
587 1298 674 1365 etque
688 1293 724 1348 ad
744 1308 829 1347 omne
844 1293 918 1347 alta·
972 1291 1007 1345 ad
1023 1290 1257 1347 communionem
1271 1294 1396 1347 reditum
1412 1293 1519 1348 habere
1538 1292 1669 1365 disposui
1685 1309 1692 1346 ε
1710 1298 1737 1347 et
1753 1293 1819 1348 inde

71 1380 108 1434 ris
131 1379 263 1434 cilicium
287 1380 455 1436 admittatur
481 1381 615 1447 idoneus3
645 1381 767 1435 libenter
797 1396 813 1434 a
839 1379 920 1434 vobis
972 1379 1040 1433 alibi
1064 1379 1118 1434 hoc
1139 1396 1198 1434 non
1213 1379 1359 1451 inquisivi,
1381 1380 1449 1452 quia
1464 1386 1537 1437 testa
1554 1383 1611 1436 lieo
1633 1383 1709 1443 lesu,
1726 1380 1777 1437 Dei
1791 1386 1819 1435 et

72 1468 171 1538 utique
191 1475 380 1540 percepturus
400 1474 562 1524 consecrata
582 1469 730 1538 libamina,
749 1468 918 1538 caeterisque
973 1469 1088 1524 Domini
1110 1469 1201 1524 nostri
1225 1469 1368 1524 sententia
1391 1469 1554 1525 formidavi.
1583 1470 1663 1525 Unde
1691 1473 1758 1541 peto
1788 1474 1820 1525 nt

71 1557 287 1628 dispensatums
301 1559 389 1614 etlam
403 1558 654 1630 persemetipsum
669 1558 798 1612 conlecta
813 1562 918 1629 myste-
972 1558 1097 1628 epistola
1125 1557 1308 1628 paternitatis
1336 1561 1436 1612 vestrae
1464 1558 1510 1613 cui
1538 1558 1629 1629 prtus,
1659 1558 1763 1612 melius
1791 1562 1821 1615 et

72 1644 114 1698 ria
137 1645 299 1716 presertim
323 1662 389 1701 cum
411 1646 576 1702 fraternitas
595 1651 694 1701 nostra
719 1662 838 1717 gregem
864 1644 919 1699 sibi
974 1644 1067 1715 aptius
1082 1644 1182 1699 videtis
1196 1660 1230 1698 er
1251 1642 1352 1697 vestris
1374 1644 1568 1699 sacerdotibus
1588 1638 1694 1711 veniat,
1710 1660 1820 1698 meam·

72 1732 214 1787 creditum
246 1733 358 1790 decreto
388 1734 553 1790 firmissimo
582 1751 722 1790 manuum
753 1741 918 1790 nostrarum
938 1711 1030 1805 Bque
1046 1732 1102 1787 illis
1118 1731 1391 1800 reconciliationem,
1407 1733 1532 1803 qualiter
1550 1732 1705 1798 volueritis,
1721 1732 1819 1803 injun-

73 1821 284 1892 subscriptione
302 1822 425 1891 firmato,
445 1824 611 1891 indemnem
624 1828 654 1879 et
672 1824 793 1879 liberum
808 1824 842 1879 ab
857 1839 920 1878 em·
973 1827 1031 1893 gat.
1051 1823 1169 1877 Paratus
1185 1821 1263 1876 enim
1277 1837 1341 1875 sum
1356 1821 1386 1875 in
1402 1820 1536 1875 omnibus
1550 1820 1676 1887 obedire,
1698 1824 1728 1875 et
1745 1838 1819 1892 prse-

71 1907 152 1962 niom
182 1910 393 1965 susurrantium
421 1911 542 1967 lntamio
573 1916 713 1984 perpetue
741 1915 855 1966 censeat
884 1926 918 1965 eo
973 1909 1062 1981 ceptis
1077 1909 1178 1964 vestris
1192 1909 1363 1964 salutaribus
1385 1925 1432 1964 me
1452 1914 1546 1964 totum
1561 1910 1666 1964 dedere
1682 1927 1689 1964 ε
1706 1913 1818 1965 tantum

69 1997 172 2068 vigore
203 1994 364 2054 stabilitatis
393 2000 560 2071 perenniter
589 1999 827 2068 conservandum,
861 2015 918 2071 quo
972 2015 1030 2053 non
1047 1998 1140 2069 privet
1154 1996 1365 2052 communionis
1380 1996 1517 2063 remedio,
1534 1997 1602 2068 quia
1612 1998 1696 2067 plane
1709 1996 1819 2068 ingenti

67 2087 363 2158 metropolitanorum
380 2089 576 2144 sanctionibus
593 2089 624 2144 in
638 2088 784 2160 praeterito
800 2093 827 2142 et
841 2104 918 2158 praa·
973 2087 1081 2141 allicior
1100 2085 1197 2151 tredio,
1219 2085 1288 2140 dum
1303 2090 1447 2140 extorrem
1465 2102 1510 2139 me
1525 2086 1607 2141 doleo
1623 2103 1639 2140 a
1653 2086 1820 2157 nuptiarum

65 2175 144 2229 senti
169 2175 316 2231 invenitur
341 2177 555 2233 confirmatum.
582 2178 720 2248 Optamus
744 2193 796 2231 nos
817 2176 919 2231 vestris
972 2175 1047 2245 Agni
1064 2174 1203 2231 convivio.
1230 2174 1349 2238 Qualem
1372 2191 1439 2229 vero
1462 2174 1533 2228 mihi
1554 2175 1649 2244 legem
1664 2173 1819 2245 posueritis

61 2264 227 2334 reciprocis
242 2264 377 2320 litterulis
391 2266 577 2335 praemunire,
599 2268 629 2320 et
648 2263 796 2319 fraternali
811 2263 919 2319 auxilio
968 2264 1080 2335 jejunii,
1097 2264 1355 2335 eleemosynarum,
1370 2279 1419 2318 scu
1436 2264 1633 2334 temperantiae
1645 2262 1739 2332 operis
1749 2261 1820 2316 boni

60 2351 94 2406 in
110 2367 149 2406 ea
163 2368 230 2423 quoe
246 2353 324 2423 pacis
339 2357 366 2407 et
381 2353 528 2409 charitatis
550 2359 618 2409 sunt
640 2352 779 2408 roborari.
802 2352 831 2408 Si
855 2352 919 2423 quis
972 2353 1109 2424 perticere
1123 2352 1220 2424 cupio,
1241 2357 1270 2406 et
1290 2351 1321 2406 in
1336 2351 1416 2407 nullo
1432 2368 1448 2406 a
1463 2350 1589 2405 veritatis
1604 2367 1653 2405 seu
1675 2349 1819 2421 possibili·

59 2445 166 2495 autem
187 2457 220 2495 ex
245 2443 467 2514 congregatione
488 2449 587 2498 nostra
608 2442 750 2513 pravitate
769 2441 873 2510 cordis,
891 2446 920 2497 et
971 2442 1039 2496 tatis
1054 2441 1161 2511 regulis
1175 2441 1297 2496 deviare.
1315 2442 1426 2495 Pronus
1443 2441 1520 2495 enim
1536 2446 1579 2494 est
1594 2440 1708 2494 aalmus
1724 2445 1820 2494 noster

56 2528 159 2583 livore
186 2530 302 2598 mentis,
327 2546 378 2585 scu
402 2531 549 2586 crescendi
572 2530 657 2597 fastu,
679 2530 777 2601 aliqua
801 2529 918 2585 auribus
972 2536 1073 2585 cuncta
1088 2532 1227 2601 imperata
1242 2530 1373 2600 implere,
1390 2536 1418 2584 et
1441 2547 1457 2584 a
1479 2530 1588 2584 cunctis
1602 2529 1709 2584 illicitis
1719 2527 1817 2599 jussis,

54 2617 174 2672 nostris
190 2626 204 2652 ⁸
218 2619 363 2688 praecultis
377 2619 539 2674 eruditione
558 2619 721 2675 diuinorum
737 2617 917 2672 voluminum
972 2624 1000 2673 et
1014 2624 1133 2690 paterna
1154 2619 1337 2674 ordinatione
1352 2618 1516 2690 prohibitis,
1540 2623 1680 2689 quantum
1695 2616 1819 2688 possibi-

55 2706 142 2760 levia
162 2705 308 2762 intentare
329 2707 485 2774 conaverit,
500 2706 550 2761 illa
569 2723 627 2778 qua
647 2723 695 2761 vos
711 2706 778 2761 novi
792 2705 918 2760 naturali
971 2708 1036 2762 litas
1059 2707 1181 2773 dederit,
1206 2712 1332 2762 mentem
1356 2706 1494 2760 hactenus
1517 2721 1568 2776 per
1589 2704 1671 2760 devia
1685 2704 1820 2759 oberran-

53 2795 164 2864 vigere
177 2794 332 2866 industria,
343 2796 418 2851 male
428 2796 601 2868 loquatium,
613 2794 916 2867 properaturInsania,
970 2802 1031 2852 tem
1044 2795 1131 2850 frenis
1145 2795 1342 2867 temperantiae
1358 2810 1496 2849 coercere.

55 2883 117 2954 qui
129 2884 333 2939 unanimitatis
347 2885 535 2956 despicientes
549 2884 715 2955 collegium,
729 2899 782 2954 per
796 2882 918 2953 abrupta
1007 2888 1033 2940 3.
1056 2884 1135 2939 Unde
1156 2899 1237 2954 rogo,
1260 2888 1288 2938 et
1311 2884 1477 2954 lacrymosis
1500 2882 1631 2954 precibus
1655 2898 1762 2953 quaeso,
1786 2886 1820 2937 ut

56 2977 95 3026 et
109 2971 197 3026 devia
210 2972 395 3045 nitentlapsu
406 2975 499 3030 casuri
509 2972 788 3046 praecipitiinaltum
798 2971 917 3027 tendere
935 2997 955 3054 C
971 2972 1055 3026 citius
1069 2988 1121 3026 nos
1141 2977 1235 3026 vestra
1256 2971 1414 3041 paternitas
1435 2971 1552 3026 cuilibet
1575 2987 1609 3026 ex
1625 2970 1818 3026 sacerdotibus

59 3076 210 3130 gneum.
226 3061 331 3118 valete.
370 3083 376 3091 ·
971 3061 1140 3116 solvendum
1164 3059 1306 3131 injungat.
1336 3059 1386 3114 Sin
1413 3064 1509 3114 antem
1533 3059 1612 3115 aliud
1633 3059 1719 3115 nobis
1742 3059 1819 3129 viget

971 3150 1126 3220 agendum,
1142 3154 1171 3204 et
1185 3150 1240 3204 boc
1254 3149 1360 3202 iterum
1375 3147 1459 3202 citius
1473 3147 1576 3203 humili
1596 3163 1648 3202 suo
1670 3147 1817 3213 rescribat,

470 3211 514 3268 ¹¹¹·
971 3238 1039 3308 quia
1053 3237 1083 3291 ln
1098 3237 1207 3292 cunctis
1223 3236 1303 3292 vobis
1319 3252 1419 3306 parere
1435 3245 1531 3291 nostra
1542 3237 1666 3291 tenuitas
1680 3236 1816 3307 disponit,

971 3342 1023 3380 nec
1041 3326 1180 3381 terminos
1195 3327 1311 3380 Petrum
1327 3325 1449 3379 transire
1465 3326 1607 3397 superba'
1601 3341 1644 3379 rns
1633 3325 1752 3380 olentia
1767 3340 1815 3378 cu·

931 3416 1021 3487 pit.
1053 3416 1161 3469 Temen
1191 3414 1360 3485 rescriptum
1390 3419 1518 3468 nostrum
1553 3414 1606 3469 bac
1637 3413 1816 3468 hebdomada

108 3486 291 3542 S¹¹¹¹¹¹⁸³¹¹¹¹⁰
318 3487 440 3543 1111111111
466 3503 532 3544 111111
560 3488 646 3544 51111111
675 3487 811 3561 11111111111
836 3489 918 3545 111111
970 3504 1191 3576 praestolabor:
1220 3519 1306 3575 quem
1336 3502 1360 3556 si
1385 3502 1513 3574 recipere
1541 3519 1599 3556 non
1626 3517 1770 3569 meruero,
1799 3517 1817 3555 a

81 3574 173 3630 111111
186 3575 345 3647 1118811111·
969 3592 1105 3649 Iratribus
1124 3592 1223 3647 vestris
1243 3597 1272 3646 et
1293 3591 1433 3664 episcopis
1450 3590 1731 3647 reconciliationem
1724 3606 1816 3661 ipsam

108 3666 131 3717 1·
155 3664 243 3719 11111111
263 3669 345 3719 111111
365 3679 430 3734 111111
454 3664 597 3720 1111111111
619 3666 917 3722 11111111111111111
969 3681 1126 3752 implorare
1143 3681 1274 3751 dispono,
1288 3681 1358 3752 quia
1372 3686 1452 3735 tanto
1468 3685 1597 3751 tempore
1612 3696 1755 3751 acorpore
1767 3679 1818 3734 llei

79 3751 166 3818 scribi,
180 3753 205 3807 si
219 3754 345 3823 procella
361 3752 458 3808 seculi
473 3759 501 3808 et
515 3754 661 3809 calamitas
672 3755 812 3826 temporis
825 3755 916 3810 nostri
970 3786 1027 3825 me,
1045 3775 1074 3825 eg
1090 3785 1230 3840 gangume
1246 3769 1372 3840 privatus
1395 3774 1470 3823 stam
1493 3785 1552 3823 nou
1574 3771 1664 3824 ,3120
1682 3771 1739 3825 ΗΜ
1753 3768 1817 3823 ideo

77 3840 474 3911 111111111111111111111111111111
490 3842 606 3913 1111111111·
622 3843 678 3899 3111
694 3844 917 3915 (1111111111111
969 3855 1049 3910 vobis
1070 3855 1190 3921 innotui,
1209 3855 1277 3926 quia
1293 3861 1417 3910 vestram
1434 3856 1651 3927 responsionem
1668 3855 1751 3909 citam
1768 3871 1816 3910 cu·

74 3928 269 4000 angustinum
294 3933 324 3984 11
347 3930 511 3985 immanitas
539 3930 721 4002 flagellorum
746 3933 917 4004 eloquenti&
970 3943 1019 4014 pio
1033 3941 1150 4010 intueri,
1167 3947 1196 3996 et
1209 3942 1283 3997 banc
1296 3941 1479 3997 festivitatem
1496 3942 1600 4013 ligatus
1621 3941 1719 3997 dubito
1741 3940 1818 3995 inter

72 4016 177 4072 iontem
193 4018 343 4087 conclusit,
359 4023 387 4072 et
401 4017 514 4074 dicendi
534 4020 685 4074 materiam
709 4037 760 4074 sua
780 4021 856 4075 mole
872 4036 916 4076 re·
971 4030 1042 4084 alios
1069 4030 1204 4085 retinere,
1232 4031 1341 4085 uerear
1365 4031 1475 4086 vultum
1504 4036 1632 4086 vestrum
1656 4029 1817 4100 J'ucundum

69 4105 164 4172 trusit,
185 4105 252 4160 ideo
273 4105 399 4162 breviter
421 4111 494 4161 teste
518 4107 759 4163 conscientiarum
783 4108 915 4163 omnium
969 4118 1000 4172 in
1025 4118 1205 4188 jucunditate
1236 4124 1265 4175 et
1294 4119 1395 4175 laetitia
1427 4120 1550 4175 feliciter
1581 4119 1664 4173 citius
1696 4117 1827 4195 perfrui.¹

69 4194 139 4259 beo,
154 4193 231 4249 dulci
246 4194 355 4262 animo,
373 4198 401 4249 et
423 4200 520 4250 mente
540 4211 625 4266 pura,
648 4197 828 4251 salutationis
850 4197 917 4252 olli·
971 4207 1057 4262 Finis,

66 4281 144 4336 cium
159 4281 326 4353 paternitati
348 4287 448 4337 vestre
470 4283 575 4351 deiero,
599 4284 806 4356 propriamque
830 4286 916 4340 mise·
1365 4316 1424 4370 XII·

65 4369 142 4424 riem
157 4375 186 4424 et
199 4370 416 4441 suggessionem
430 4387 551 4442 expono.
569 4374 646 4428 lleor
660 4389 719 4428 non
735 4373 814 4428 vobis
828 4373 917 4429 tuisse

64 4457 248 4528 incognitum
263 4458 385 4529 periculi
401 4459 446 4515 vel
464 4460 645 4531 egritudinis
668 4478 741 4517 mee
763 4463 817 4518 hoc
840 4479 916 4518 anno

64 4546 268 4617 dispendium
289 4547 331 4603 ita
354 4553 387 4603 ut
407 4549 508 4604 mortis
532 4565 621 4620 agens
642 4551 810 4621 confinium,
825 4552 917 4623 poeni·
1007 4555 1032 4606 l.
1050 4552 1136 4607 llulta
1151 4552 1234 4607 nobis
1249 4558 1331 4608 crant
1345 4554 1504 4608 necessaria
1522 4569 1588 4624 que
1604 4554 1753 4611 obtutibus
1768 4571 1817 4609 ve·

63 4634 168 4690 tentiae
191 4638 369 4708 postularem
395 4638 568 4707 remedium,
593 4645 679 4712 atque
704 4646 770 4712 post
791 4641 917 4712 dispera·
970 4639 1035 4694 stris
1060 4640 1237 4695 debebamus
1259 4641 1383 4696 seribere
1404 4658 1410 4698 ι
1435 4643 1483 4697 sed
1499 4643 1697 4714 prepediente
1713 4644 1817 4701 delicto

63 4723 178 4778 tionem
203 4740 264 4780 non
291 4724 447 4793 modIcam,
471 4728 625 4783 salutarem
652 4729 795 4784 invenisse
819 4730 915 4786 mede·
969 4729 1261 4801 quotidieversamur
1282 4730 1312 4784 in
1329 4731 1465 4800 lamento,
1489 4737 1521 4786 ut
1538 4748 1591 4786 nec
1610 4731 1709 4803 lingua
1727 4732 1818 4804 possit
1849 4752 1862 4765 *

63 4812 136 4868 Iam.
163 4813 297 4870 moinus
318 4816 389 4870 euim
413 4818 462 4885 qui
483 4818 640 4886 mortificat,
664 4823 690 4873 et
712 4819 845 4890 eiusficut,
868 4819 917 4874 du·
970 4834 1104 4873 enarrare
1123 4819 1200 4890 quod
1224 4835 1306 4874 mens
1326 4824 1425 4875 nostra
1440 4821 1555 4891 patitur,
1574 4838 1627 4876 nec
1641 4822 1817 4876 characteres

63 4902 105 4955 cit
128 4900 167 4956 od
187 4907 282 4972 portos
303 4905 417 4971 inferii,
441 4909 466 4960 et
488 4905 594 4961 reducit
613 4907 638 4975 (l
662 4908 728 4976 lieo.
745 4923 775 4974 u,
798 4910 834 4975 6),
852 4912 917 4978 post
969 4907 1113 4962 scribendi
1134 4908 1211 4978 quod
1232 4908 1363 4975 debetur,
1387 4909 1533 4982 Scriptura
1554 4910 1667 4966 dicente
1683 4926 1690 4964 ε
1709 4910 1818 4977 Defecc't

107 3369 204 3409 INCIPIT
227 3369 354 3409 aristote
377 3370 475 3411 suvant
499 3370 584 3410 SAULO
608 3370 732 3410 EPISCOI'O
757 3370 880 3410 plancta.

1006 4443 1068 4482 trau
1087 4443 1250 4483 aesculeae!
1270 4444 1346 4484 saum
1366 4444 1482 4484 aelscotu
1507 4445 1612 4484 ALVARO
1636 4445 1781 4485 evaseruut.

62 4990 189 5046 multam
214 4991 354 5046 ultionem
371 4992 487 5064 judicii,
509 4999 538 5050 et
561 4993 680 5066 dignam
705 4996 916 5068 correptionem
970 4995 1135 5051 inhabitatio
1153 5011 1280 5052 sensuam
1299 4998 1387 5051 multa
1408 5001 1569 5065 cogitantem
1594 4999 1671 5070 (Sap.
1696 4996 1743 5068 ιι).
1764 4997 1817 5052 Sed

62 5079 186 5151 flagelli,
208 5081 362 5136 clementia
384 5081 521 5151 mirabili,
543 5087 573 5139 et
590 5084 696 5155 pietate
718 5085 867 5154 laudabili,
884 5102 917 5141 ac
970 5084 1039 5156 quia
1068 5084 1228 5140 dilectionis
1257 5094 1357 5140 vestrae
1387 5088 1524 5159 susceptis
1551 5087 1680 5156 apicibus
1709 5086 1817 5142 ibidem

62 5168 197 5239 potentia
210 5167 361 5240 singulari,
384 5171 527 5227 revocavit
547 5188 565 5227 a
582 5173 702 5244 periculi
713 5175 815 5246 janua,
829 5175 917 5230 mise·
969 5178 1063 5229 vester
1079 5173 1199 5245 digessit
1213 5176 1314 5246 stylus,
1331 5183 1447 5247 utputo
1463 5176 1561 5230 auxiat
1573 5177 1586 5219 b
1600 5175 1723 5246 plenius,
1739 5190 1817 5230 com-

62 5255 193 5311 ricordia
207 5262 356 5325 consueta,
370 5275 459 5331 quem
474 5260 563 5333 digne
578 5263 685 5317 scelera
698 5261 759 5333 jam
769 5255 917 5319 ‘ducebant
969 5261 1090 5334 porique
1105 5279 1155 5318 vos
1171 5262 1260 5321 nivuia
1275 5264 1403 5335 corporis
1423 5263 1617 5319 imbecillitate
1632 5262 1769 5332 solutum,
1785 5268 1817 5320 nt
1868 5299 1871 5302 >

61 5344 102 5400 ad
123 5350 241 5401 tartara.
263 5345 306 5403 sit
327 5361 433 5403 nomen
456 5349 519 5421 ejus
543 5350 726 5407 benedictum
746 5350 778 5407 in
801 5353 915 5420 secula,
970 5350 1006 5406 ad
1022 5349 1178 5406 videndum
1194 5368 1245 5408 nos
1261 5352 1374 5407 nullum
1392 5352 1494 5408 dicatis
1507 5351 1614 5406 habere
1629 5350 1751 5419 aditum,
1767 5353 1817 5409 sed

99 5529 113 5556 ⁸
129 5519 198 5589 Leg.
213 5523 322 5578 uestris.
1007 5529 1020 5570 1
1034 5527 1101 5597 Leg.
1116 5529 1223 5583 anatot.
