3930 6098
106 188 175 244 1005
727 194 831 250 LIBER
851 195 896 250 DE
916 197 1043 254 TRIBUS
1063 197 1249 256 erraretis.
1786 206 1854 261 ιο06

103 327 153 375 tur
176 322 333 389 temeritas,
355 323 487 394 culpatur
509 323 674 394 importuna
702 325 866 395 loquacitas,
895 341 952 379 non
971 325 1100 380 Asalvns
1116 327 1185 394 erit3
1201 328 1251 398 qui
1273 346 1339 384 vero
1355 345 1414 384 non
1428 328 1593 397 crediderit,
1615 331 1855 387 condemnabitur

102 407 169 463 ideo
181 409 278 464 divina
292 411 425 480 neganda
442 414 485 464 est
498 410 602 464 veritas
619 427 625 463 :
644 412 711 481 qiria
723 411 804 481 juxta
825 412 955 482 praemia-
1009 411 1105 481 (Marc.
1122 430 1178 481 xvi,
1196 416 1252 486 ld).
1271 439 1283 465 a
1298 419 1393 489 Neque
1406 437 1418 469 ι
1432 435 1532 472 omnes
1543 418 1576 472 ad
1592 418 1769 488 agnitionem
1785 419 1856 474 veri-

103 511 166 551 sam
187 496 336 553 catholicae
359 498 426 552 fidei
441 500 582 553 rationem
604 499 786 570 omnipotens
800 500 875 556 Deus
891 506 955 554 ante
1010 500 1075 555 tatis
1095 502 1192 556 venire
1207 505 1235 573 (l
1257 505 1280 558 Τ
1281 507 1327 558 im.
1344 522 1374 571 ιι,
1390 505 1428 575 ι),
1446 526 1460 557 a
1478 506 1533 559 nisi
1555 522 1603 559 eos
1618 506 1705 576 solos,
1728 507 1777 578 qui
1794 524 1856 579 my-

102 585 342 639 oonslitutioncm
355 586 466 650 mundi,
484 594 638 658 antequam
656 587 815 659 quidquam
837 589 952 652 laceret,
1009 588 1128 643 sterium
1156 591 1207 644 Dei
1230 593 1331 659 Patris,
1358 599 1386 648 et
1412 594 1553 664 unigeniti
1577 594 1640 649 Filii
1664 595 1736 665 ejus,
1759 601 1787 650 et
1810 595 1857 651 bic

102 689 120 726 a
133 672 276 743 principio
292 673 375 727 certis
387 679 415 727 et
426 674 523 745 justis,
541 681 626 745 alque
641 676 871 731 immutabilibus
886 693 954 730 cau·
1009 677 1179 746 agnoverint
1202 695 1253 749 per
1266 680 1363 745 iidem,
1381 682 1452 735 etin
1469 682 1565 736 luturo
1587 683 1681 737 videre
1697 685 1857 738 meruerint

103 761 144 815 sis
166 761 268 816 aeterni
292 762 402 817 consilii
424 763 470 816 sui
492 764 629 834 quosdam
656 764 902 834 praedestinsrerit
920 765 954 818 ad
1008 781 1061 835 per
1085 767 1208 837 speciem
1227 784 1233 822 :
1249 767 1320 822 sicut
1337 770 1437 823 eadem
1461 772 1569 825 Veritas
1583 773 1618 826 ad
1634 774 1747 827 Patrem
1762 773 1854 827 dicit:

101 864 227 920 regnam
251 850 377 921 gratuita
397 851 526 907 bonitate
549 868 609 917 sua,
633 869 667 907 ex
689 853 793 923 qrnbns
815 869 899 908 nemo
919 853 956 908 sit
1012 855 1074 909 ‹ut
1097 858 1273 927 omnequod
1298 858 1400 912 dedisti
1417 858 1453 924 ei,
1478 861 1525 913 dat
1539 861 1579 913 eis
1604 861 1692 915 vitam
1706 867 1853 917 aternam.

102 938 252 1009 periturus
277 944 446 1010 protegente
467 939 662 997 misericordie
683 958 744 1004 sua,
767 946 794 995 et
816 943 955 1013 quosdam
1010 944 1244 1000 {lacescentem
1264 947 1321 1001 vita
1339 952 1456 1011 aterna,
1480 954 1511 1001 ut
1525 955 1697 1018 cognoscant
1720 954 1747 1004 te
1762 951 1856 1005 solum

102 1026 351 1098 praedestinaverit
375 1028 411 1082 ad
426 1029 575 1083 interitum
595 1029 673 1099 justo
685 1029 795 1100 judicio
816 1047 868 1085 ιιιο
888 1047 954 1102 pro·
1009 1047 1107 1086 verum
1123 1034 1214 1087 Deum
1231 1039 1360 1106 atquem
1377 1034 1479 1089 misisti
1493 1036 1589 1090 Jesum
1606 1036 1748 1092 Christum
1765 1040 1854 1106 (loun.

103 1123 170 1189 pter
185 1138 200 1168 a
213 1118 357 1182 meritum,
374 1117 449 1190 quod
465 1118 607 1189 praescivit
627 1118 782 1190 impietatis
797 1136 895 1174 eorum
915 1138 920 1175 :
940 1140 954 1174 ι
1008 1133 1074 1185 xrn,
1091 1121 1118 1186 2,
1136 1119 1202 1190 3).»
1225 1120 1372 1186 Quomodo
1389 1139 1457 1193 argo
1480 1123 1664 1193 omnipotens
1690 1125 1774 1192 usus,
1795 1146 1809 1177 a
1828 1131 1857 1181 et

103 1206 256 1277 exquibus
274 1223 358 1260 nemo
372 1206 462 1278 possit
477 1206 579 1261 salvari
590 1223 647 1260 non
662 1212 781 1277 propter
792 1208 954 1264 violentiam
1009 1223 1109 1262 omncs
1126 1208 1258 1262 homines
1269 1210 1361 1263 salvos
1375 1209 1440 1264 lieri
1452 1212 1520 1277 vult,
1534 1216 1619 1282 alque
1632 1213 1856 1284 adagnitionem

103 1295 232 1367 aliquam
245 1295 349 1350 divinae
365 1295 524 1366 potestatis,
539 1295 586 1350 scd
603 1301 721 1366 propter
734 1296 954 1367 indomabilem,
1009 1296 1136 1350 veritatis
1155 1297 1263 1363 venire,
1288 1319 1301 1346 u
1320 1303 1348 1353 et
1371 1303 1468 1353 tamen
1491 1316 1550 1353 non
1577 1316 1675 1354 omrics
1700 1302 1855 1369 salvantur,

104 1389 134 1439 et
147 1391 379 1454 perseverantem
392 1385 551 1456 nequitiam
563 1387 689 1455 propriae
701 1385 870 1456 iniquitatis.
882 1387 954 1453 Quid
1010 1401 1060 1439 nee
1076 1385 1195 1440 veniunt
1210 1387 1243 1440 ad
1259 1387 1333 1440 banc
1347 1387 1535 1458 agnitionem,
1548 1405 1612 1442 cnm
1629 1389 1696 1444 alibi
1712 1389 1858 1462 Scriptura

103 1488 174 1545 ergo
191 1477 288 1540 restat,
305 1472 362 1527 nisi
377 1479 410 1528 ut
432 1473 539 1543 siquid
559 1474 642 1527 aliter
659 1473 816 1544 sapuimus,
838 1476 892 1530 hoc
908 1494 956 1531 uo·
1009 1474 1083 1527 dicat
1105 1491 1112 1528 ι
1135 1495 1148 1525 a
1175 1474 1275 1530 Omnia
1300 1490 1479 1546 quacunque
1503 1476 1603 1538 voluit,
1629 1477 1768 1530 llonnnus
1792 1476 1859 1531 lecit

103 1562 160 1630 bis,
177 1563 235 1616 Deo
249 1562 404 1629 revelante,
418 1562 566 1618 humiliter
578 1563 746 1629 abnuamus,
764 1564 956 1620 etclarescen-
1009 1562 1097 1632 (Paul.
1114 1579 1188 1629 cxnr,
1204 1563 1242 1632 3),
1259 1583 1272 1615 a
1293 1580 1343 1617 cnr
1364 1563 1460 1634 itaque
1476 1564 1529 1618 boc
1550 1564 1640 1618 coluit
1653 1569 1681 1618 et
1697 1581 1755 1618 non
1780 1563 1857 1630 feeit,

103 1657 165 1707 tem
181 1651 330 1706 veritatem
346 1651 470 1706 lideliter
485 1652 694 1721 amplectamur
711 1668 717 1705 :
735 1651 813 1721 quia,
831 1658 861 1706 ut
878 1658 953 1725 Apo·
977 1629 1061 1719 Bqui
1077 1649 1173 1702 omnia
1187 1665 1367 1719 qrraecunqne
1383 1650 1474 1704 volarit
1487 1649 1576 1703 fecit?

104 1740 303 1805 stolasdoocl,
322 1760 336 1790 a
353 1755 410 1794 non
433 1740 570 1794 debemus
591 1756 672 1809 posse
689 1741 797 1810 aliquid
821 1741 956 1795 adversus
1046 1738 1126 1791 Hunc
1151 1737 1385 1791 obscurissimum
1415 1742 1444 1791 et
1466 1737 1668 1792 dillicilliurum
1696 1738 1800 1805 locum,
1828 1739 1858 1793 in

104 1828 256 1883 veritatem
272 1827 321 1882 sed
337 1829 525 1899 proteritate
541 1828 567 1899 (l
581 1830 646 1883 Cor.
659 1845 717 1895 rin,
736 1831 798 1890 dtu
1011 1829 1151 1896 quantum
1168 1830 1274 1880 nostra
1289 1825 1455 1896 pusillitatis
1468 1824 1616 1879 memoriae
1635 1822 1766 1892 occurrit,
1784 1840 1858 1895 qua-

453 1967 463 1985 ,
1010 1917 1078 1967 tuor
1092 1913 1186 1967 modis
1200 1914 1230 1967 in
1256 1914 1370 1984 seriptis
1385 1913 1590 1967 catholicorum
1611 1914 1728 1967 Petrum
1743 1913 1859 1967 inveni-

444 1968 556 2022 QAPUT
575 1968 616 2022 XL
948 2037 951 2041 ⁴
1011 2018 1074 2054 mus
1101 2002 1293 2072 explanatum,
1323 2001 1454 2056 videlicet
1478 2004 1509 2054 ut
1529 2001 1572 2054 rcl
1596 2000 1636 2054 ita
1659 2000 1858 2070 intelligamus

105 2073 148 2127 De
161 2073 299 2154 υθῖιιιῑαΐι
315 2074 371 2128 Μ·
387 2104 422 2112 -
437 2074 522 2157 Ῑιθιέιι
537 2074 728 2158 difficillimus·
747 2073 801 2139 0¹¹1
817 2074 879 2128 vuli
893 2089 954 2127 ⁰¹¹³·
1011 2090 1118 2145 dictum
1137 2107 1143 2143 :
1163 2091 1244 2155 «Qui
1259 2091 1319 2144 vult
1332 2106 1432 2144 omnes
1453 2089 1584 2143 homines
1598 2090 1689 2143 salvos
1706 2087 1781 2156 lieri,
1798 2110 1811 2137 a
1828 2094 1859 2143 ut

140 2159 192 2267 39⁵
214 2144 345 2270 lmffies
369 2146 461 2198 ΨΜ
481 2144 544 2197 ¹¹⁰⁰
566 2161 583 2198 α
607 2146 735 2199 pamm
757 2150 875 2215 quanm
896 2160 954 2199 '³³⁰'
1009 2194 1098 2232 omnes
1115 2181 1233 2233 bomirrcs
1256 2179 1353 2233 omnia
1373 2179 1525 2233 hominum
1549 2194 1654 2248 genera
1673 2176 1857 2247 accipiamus,

160 2229 287 2284 ΜΝ
320 2230 364 2269 ur'
1011 2265 1038 2320 id
1063 2270 1105 2320 est
1126 2267 1292 2321 ludaeorum
1316 2272 1343 2320 et
1367 2267 1507 2338 gentium,
1532 2266 1689 2321 liberorum
1711 2271 1740 2320 et
1760 2282 1857 2321 servo·

141 2350 279 2422 Sequitur
298 2350 329 2406 ιιι
348 2351 409 2422 jam
433 2351 507 2407 dicta
527 2352 652 2422 Epistola
679 2352 829 2424 praefatnm
854 2370 955 2409 mona·
1010 2371 1086 2422 rum,
1111 2355 1238 2409 virorum
1254 2361 1282 2410 et
1304 2356 1469 2422 mulierum,
1491 2356 1613 2409 divitum
1637 2360 1665 2409 et
1684 2371 1856 2426 pauperum,

102 2439 192 2494 chum
208 2439 313 2494 dixisse
331 2445 416 2512 atque
432 2440 562 2495 docuisse
579 2461 584 2494 :
605 2441 710 2504 «Quod
728 2442 803 2495 lleus
820 2459 879 2497 non
895 2444 956 2496 vult
1010 2442 1150 2498 nobilium
1167 2448 1196 2498 et
1207 2444 1390 2515 ignobilium,
1407 2450 1435 2498 cl
1451 2460 1629 2515 quacunque
1646 2443 1811 2515 hujusmodi
1825 2459 1858 2497 ex

102 2544 207 2583 omnes
220 2527 353 2583 homines
374 2529 467 2584 salros
482 2529 554 2603 lieri,
573 2530 621 2584 sed
637 2546 684 2583 eos
706 2535 817 2584 tantum
834 2531 883 2601 qui
896 2533 953 2585 sal·
1009 2531 1090 2585 omni
1105 2547 1209 2601 genere
1225 2531 1374 2586 hominnm
1398 2533 1497 2598 salvat,
1515 2538 1543 2585 et
1564 2532 1598 2585 ad
1616 2531 1794 2602 agnitionem
1810 2547 1859 2586 ve·

103 2622 211 2671 vantur
224 2638 238 2667 ι)
256 2633 263 2672 :
280 2622 309 2672 et
322 2618 401 2689 quod
414 2617 483 2673 dicit
497 2620 660 2688 Apostolus,
680 2619 837 2690 «quivult
856 2636 954 2675 omncs
1010 2619 1101 2674 ritatis
1123 2618 1255 2690 perducit
1269 2636 1321 2690 per
1346 2619 1500 2674 llominnm
1520 2620 1616 2673 Jesum
1643 2619 1786 2674 Christum
1809 2618 1859 2690 qui

103 2703 238 2759 homines
254 2704 347 2760 salros
370 2705 433 2760 lieri
453 2705 477 2777 (l
491 2709 558 2761 Tim.
576 2724 605 2774 n,
620 2708 659 2777 ι),
684 2726 697 2758 a
717 2708 782 2762 illos
797 2708 853 2764 diei
867 2725 954 2764 omnes
1009 2708 1040 2762 in
1063 2709 1218 2780 Evangelio
1240 2708 1308 2763 dicit
1325 2725 1332 2762 :
1352 2727 1366 2758 a
1383 2707 1482 2763 Simile
1506 2713 1548 2762 est
1574 2723 1695 2778 regnum
1719 2708 1858 2762 coelorom

106 2793 159 2864 qni
175 2797 287 2848 tanturn
303 2795 457 2850 saliantur.
1010 2813 1122 2868 sagenae
1143 2798 1236 2851 missas
1253 2797 1284 2852 in
1299 2813 1389 2864 mare,
1414 2802 1442 2851 et
1457 2812 1488 2851 ex
1504 2797 1584 2850 omni
1608 2811 1715 2865 genere
1737 2796 1857 2867 piscium

142 2883 209 2936 llaec
230 2887 327 2938 autem
351 2883 470 2956 quaestio
485 2883 567 2939 valde
587 2885 733 2955 perplexa,
755 2889 784 2939 et
797 2884 826 2938 in
843 2890 953 2939 sancto·
975 2927 995 2982 C
1011 2885 1196 2955 congreganti
1212 2884 1321 2955 (ιιοιιιι,
1344 2900 1403 2950 xrn,
1421 2885 1476 2952 47).
1496 2905 1507 2932 ι
1525 2886 1579 2938 lsto
1597 2899 1721 2954 namque
1734 2883 1859 2938 locutio-

104 2986 171 3023 rum
187 2971 305 3025 Petrum
320 2971 432 3042 scriptis
447 2973 568 3026 mullum
584 2977 704 3039 versato,
721 2977 748 3026 et
759 2972 956 3043 multiplieiter
1010 2972 1055 3026 nis
1071 2973 1154 3026 modo
1168 2973 1228 3043 ipse
1245 2972 1384 3025 Dominus
1403 2973 1431 3025 in
1448 2972 1600 3042 Evangelio
1617 2971 1686 3025 dicit
1702 2987 1708 3024 :
1723 2989 1738 3021 a
1756 2971 1789 3025 Et
1804 2986 1857 3042 ego

104 3059 244 3129 exposita,
262 3060 953 3132 nonrobisvideturproecipilanterdefinienda,
1011 3061 1043 3114 ιι
1058 3061 1197 3115 exaltatas
1227 3061 1308 3115 luero
1333 3078 1350 3114 a
1377 3067 1462 3129 terra,
1496 3060 1591 3115 omnia
1615 3061 1726 3114 tralram
1752 3058 1857 3114 adme

104 3147 156 3202 sed
183 3148 355 3217 cautissime,
379 3154 407 3204 et
434 3149 599 3205 fidelissime
623 3149 840 3220 perscrutanda,
867 3153 954 3219 atque
1011 3148 1099 3217 (loen.
1114 3165 1162 3216 xn,
1182 3149 1238 3219 32).
1257 3168 1270 3201 a
1287 3149 1436 3212 Quomodo
1453 3149 1530 3204 enim
1547 3165 1598 3219 per
1612 3148 1775 3219 passionem
1790 3163 1857 3204 eru-

103 3238 318 3308 pertractanda,
340 3242 368 3292 et
382 3254 416 3292 ex
437 3238 501 3292 aliis
519 3238 652 3292 videlicet
674 3237 829 3308 Scriptura
850 3242 954 3291 sanctae
1009 3239 1059 3303 cis,
1084 3238 1114 3292 in
1137 3254 1195 3309 qua
1217 3239 1352 3292 exaltatus
1377 3243 1429 3304 est,
1455 3238 1550 3291 omnia
1573 3236 1660 3291 traxit
1680 3237 1713 3291 ad
1740 3253 1780 3303 se,
1807 3237 1857 3306 qui

104 3325 353 3381 manifestioribus
368 3325 437 3380 locis
452 3326 558 3397 quibus
574 3327 636 3397 ejus
653 3326 810 3381 obscuritas
828 3325 953 3379 illustre·
1009 3326 1077 3381 alibi
1092 3325 1160 3381 dicit
1176 3343 1182 3380 :
1199 3327 1315 3380 «Nemo
1339 3332 1432 3396 potest
1450 3326 1548 3380 venire
1570 3326 1604 3380 ad
1621 3342 1677 3389 me,
1703 3324 1759 3379 nisi
1775 3327 1859 3381 Pater

104 3420 165 3481 tur,
180 3420 258 3469 etex
281 3419 420 3485 paternae,
445 3420 477 3469 ut
497 3414 604 3469 dictum
629 3419 681 3482 ιιι,
707 3413 886 3470 auctoritatis
909 3429 956 3468 ax·
1010 3417 1060 3487 qui
1085 3415 1165 3469 misit
1187 3431 1233 3470 me
1258 3415 1376 3469 traxerit
1390 3415 1509 3469 euml»
1534 3415 1628 3483 (dodra.
1652 3430 1687 3478 vr,
1703 3412 1760 3485 ιι.)
1776 3413 1858 3478 Quod

102 3503 310 3575 positionibus,
326 3508 355 3558 et
369 3520 401 3557 ex
417 3503 478 3574 ipsa
493 3502 560 3558 fidei
575 3503 694 3558 ratione.
1009 3504 1109 3575 utique
1131 3504 1165 3558 de
1183 3504 1249 3558 solis
1264 3503 1396 3558 lidclibus
1411 3503 1631 3575 intelligendum
1647 3507 1708 3571 est;
1733 3501 1782 3557 aed
1799 3518 1859 3556 om-

141 3600 155 3626 ·
169 3592 265 3647 Primo
282 3593 379 3664 itaque
394 3592 448 3647 boc
473 3591 627 3647 dicendum
643 3591 719 3663 quod
741 3589 904 3646 firmissime
920 3590 957 3644 sit
1010 3593 1058 3647 nia
1072 3593 1106 3647 ad
1125 3609 1153 3646 se
1169 3592 1258 3647 trahit
1281 3593 1331 3662 qui
1347 3608 1380 3646 ex
1396 3593 1485 3660 omni,
1505 3598 1538 3646 nt
1553 3591 1660 3645 dictum
1676 3595 1728 3656 est,
1752 3606 1858 3661 genera

104 3681 293 3747 credendum,
311 3687 339 3736 et
351 3682 515 3735 nullatcnus
530 3679 732 3746 dubitandum,
748 3678 823 3749 quod
836 3681 956 3750 Aposto-
1009 3681 1160 3736 hominum
1184 3681 1336 3736 Ecclesiam
1360 3697 1440 3734 suam
1456 3680 1576 3750 colligit,
1602 3685 1630 3734 et
1646 3678 1765 3749 perlicit.
1780 3679 1859 3734 Sicut

104 3769 150 3823 lus
166 3769 277 3824 Christo
302 3769 331 3824 in
356 3785 385 3824 se
406 3770 544 3840 loquente
569 3773 688 3823 testatur
702 3773 730 3823 et
753 3767 889 3838 praedicat
911 3766 955 3821 di·
1010 3770 1096 3824 etiam
1115 3768 1383 3840 illudabApostolo
1399 3770 1581 3823 dictumest:
1601 3767 1858 3823 «Conclusitenim

104 3873 174 3911 cans
188 3857 222 3911 de
236 3859 316 3912 Deo:
336 3880 346 3907 ι
365 3857 419 3921 Qui
433 3858 493 3912 vult
507 3873 607 3912 omnes
626 3855 759 3911 homines
773 3856 865 3910 salvos
880 3855 952 3923 lieri,
1010 3859 1084 3912 Deus
1098 3857 1194 3912 omnia
1209 3857 1236 3910 in
1261 3856 1468 3924 incredulitate,
1487 3861 1517 3910 ut
1533 3855 1663 3910 omnium
1686 3856 1858 3911 misereatur

105 3949 135 3999 et
149 3945 185 3999 ad
201 3945 377 4016 agnitionem
394 3945 521 4000 veritatis
543 3945 639 3999 venire
653 3945 681 4010 (l
695 3947 763 3999 Tim.
786 3959 815 4009 n,
832 3943 871 4013 4).
892 3963 902 3990 ·
922 3944 955 3998 Et
1010 3946 1096 4018 (Rom.
1120 3962 1156 4013 xi,
1172 3946 1260 4016 32),r
1286 3946 1431 4016 quomodo
1455 3945 1531 3999 euim
1555 3945 1686 3999 omnium
1706 3943 1858 3999 miseretur

105 4038 205 4089 tamen
225 4034 467 4089 manifestumest
488 4049 547 4088 non
563 4050 662 4088 omues
678 4033 792 4100 salvari,
813 4033 955 4103 cumipse
1011 4040 1120 4089 aeterna
1148 4034 1197 4088 illa
1220 4034 1415 4102 miseratione,
1442 4050 1499 4104 qua
1522 4033 1626 4087 electos
1648 4049 1714 4087 suos
1738 4054 1750 4081 ι
1773 4032 1858 4088 Coro-

106 4123 217 4178 Veritas
234 4124 321 4190 dicat,
344 4124 506 4179 discernens
522 4124 598 4178 inter
619 4140 668 4177 eos
690 4123 740 4193 qui
763 4123 909 4177 salvantur
928 4126 956 4177 et
1010 4129 1059 4178 nat
1084 4122 1293 4189 misericordia,
1309 4128 1338 4177 ιι
1359 4122 1593 4176 miserationibus
1617 4121 1700 4193 (Psoi.
1721 4137 1767 4189 cn,
1785 4121 1856 4192 st»

104 4213 157 4284 qui
168 4213 412 4268 condemnantur:
427 4235 440 4264 a
451 4213 507 4278 Qui
517 4212 672 4268 crediderit
683 4217 710 4266 et
720 4212 879 4283 baptizatus
890 4211 954 4280 erit,
1012 4213 1062 4284 qui
1076 4213 1187 4267 occulta
1202 4211 1389 4281 dispositione
1403 4209 1505 4282 judicii
1524 4209 1579 4271 sni,
1595 4228 1610 4261 ι
1624 4210 1711 4280 CuJus
1725 4209 1786 4264 vult
1799 4209 1856 4263 mi·

640 4341 740 4396 NOTAE
759 4340 923 4396 DUVALLll
944 4339 1113 4399 noerollis
1132 4341 1324 4398 soauoulcl.

141 4447 155 4473 ⁸
168 4439 295 4503 Ouatuor
317 4438 519 4510 explicationes
541 4438 649 4509 prolert
664 4436 865 4509 propositionis
880 4440 955 4507 Apo·
976 4438 1110 4508 liptionc
1123 4444 1152 4493 et
1165 4439 1269 4504 Gratia,
1284 4455 1345 4508 cap.
1365 4439 1397 4492 ιι
1412 4441 1440 4491 ιι
1454 4441 1505 4504 223
1516 4438 1550 4491 do
1561 4436 1658 4502 civit,
1674 4453 1736 4508 cap.
1754 4440 1764 4492 l
1784 4442 1811 4492 et
1824 4441 1858 4502 ις
1941 4469 1943 4473 -

104 4508 173 4564 stoli
188 4509 199 4562 l
213 4510 247 4563 ad
272 4510 397 4564 Timoth.
423 4526 442 4563 n
461 4525 467 4564 :
486 4531 500 4558 ι
522 4511 587 4563 Vult
611 4510 687 4564 Deus
702 4523 802 4563 omnes
824 4508 955 4562 homines
1010 4524 1136 4563 necnon
1156 4509 1367 4563 Ethemeam
1385 4509 1480 4561 locum
1502 4507 1583 4561 illum
1598 4509 1737 4577 Apostoli.
1754 4508 1859 4573 Quarta

103 4581 200 4634 salvos
213 4579 317 4648 iacere,
332 4586 361 4634 et
376 4581 412 4635 ad
427 4579 604 4651 agnitionem
621 4579 745 4634 veritatis
760 4579 920 4650 pervenire.
940 4599 950 4626 ι
1010 4596 1044 4633 ιο
1061 4581 1146 4635 modo
1162 4594 1220 4651 quo
1246 4578 1404 4650 explicatur
1418 4577 1453 4631 ab
1476 4578 1597 4632 Ecclesia
1613 4578 1796 4649 Lugdunensi
1811 4594 1858 4632 ex·

103 4651 177 4706 Tres
194 4650 304 4721 priores
327 4651 510 4706 commendat
524 4655 553 4706 et
567 4656 698 4721 quartam
719 4654 858 4721 tanquam
878 4649 955 4704 Pela·
1009 4649 1152 4720 plodenda
1168 4655 1211 4703 οιι
1227 4665 1233 4703 :
1249 4654 1358 4703 certum
1375 4647 1506 4702 estcnim
1522 4649 1680 4703 Deumnon
1698 4655 1859 4721 exspectare

104 4721 223 4803 ganam
239 4720 420 4776 condemnat.
439 4723 540 4775 Verum
557 4721 622 4775 licet
645 4721 737 4792 prima
751 4721 788 4774 sit
801 4719 955 4790 Augustini
1010 4726 1123 4774 nostras
1139 4720 1299 4773 voluntates
1323 4719 1367 4772 vel
1383 4720 1612 4788 cooperationem
1633 4720 1810 4786 earumdem,
1826 4725 1860 4774 ut

105 4807 137 4847 m
152 4791 325 4853 Encbiridm,
350 4808 413 4863 cap.
432 4793 491 4858 l03,
516 4791 702 4846 nibilominus
725 4795 847 4862 propter
868 4791 955 4860 hujus
1011 4791 1493 4862 simpliciteretabsolutenostrum
1505 4790 1635 4843 omnium
1647 4789 1768 4843 salutem
1780 4790 1857 4843 vetit.

103 4862 247 4933 temporis
261 4863 577 4932 baeretioosparumper
589 4862 810 4932 estpericulosa.
824 4862 859 4916 ιιι
874 4862 952 4914 enim
1011 4862 1041 4916 Si
1056 4868 1153 4916 tamen
1169 4862 1208 4915 ita
1230 4867 1402 4930 exponatur,
1421 4864 1452 4913 ut
1476 4861 1550 4914 Deris
1573 4860 1720 4913 volimtatc
1743 4865 1858 4914 antece·

103 4933 147 4987 im
172 4933 228 4987 iam
254 4948 333 4987 suam
361 4933 396 4987 de
425 4932 625 5003 reprobatione
654 4932 820 5003 opinionem
846 4936 956 4986 astruat
1011 4933 1336 4988 denteomnessalvare
1354 4931 1432 4996 velit,
1449 4930 1704 5002 quiasullicientia
1726 4931 1859 4985 omnibus

105 4948 241 5060 Caiiinus
260 5019 300 5072 ιιι,
324 5003 460 5069 Ιιιιιιιιιι.,
480 5020 503 5059 c.
530 5005 572 5065 ιι,
589 5004 667 5058 illam
693 5003 762 5057 dicit
781 5003 820 5056 ita
845 5002 954 5056 intelli·
1010 5012 1039 5058 et
1053 5003 1175 5074 singulis
1192 5003 1287 5056 media
1310 5003 1344 5057 ad
1361 5002 1482 5056 sulutem
1499 5001 1746 5064 consortiorum,
1766 5001 1857 5070 pium,

105 5074 232 5146 gandam
256 5074 291 5128 de
306 5074 460 5146 generibus
475 5074 581 5128 scilicet
597 5074 788 5144 singulorum,
805 5077 833 5126 et
848 5087 906 5126 non
920 5073 955 5126 de
1010 5076 1180 5129 catholicum
1191 5078 1219 5128 et
1231 5073 1310 5127 nullo
1322 5073 1406 5127 modo
1419 5071 1602 5140 pelagianum
1626 5086 1740 5125 sensum
1754 5070 1857 5126 habet:

105 5145 232 5215 singulis
246 5160 383 5214 generum
400 5162 406 5200 :
424 5145 463 5199 ita
478 5149 510 5199 nt
524 5146 597 5200 licus
612 5160 644 5197 ex
670 5145 747 5198 omni
764 5159 843 5209 sexu,
861 5147 952 5209 relate,
1010 5147 1083 5199 hanc
1106 5145 1183 5198 enim
1206 5149 1284 5198 tenet
1311 5143 1477 5197 Ambrosius
1501 5143 1626 5195 secundo
1651 5143 1685 5195 dc
1707 5141 1859 5197 Vocationa

104 5215 271 5270 conditione
287 5222 316 5271 et
335 5221 419 5283 statu,
444 5215 556 5286 aliquos
571 5217 708 5270 duntaxat
731 5217 839 5268 salvare
859 5215 955 5268 volne·
1010 5215 1152 5286 gentium,
1170 5230 1233 5283 cap.
1253 5218 1277 5277 l,
1295 5217 1311 5268 6
1327 5220 1355 5268 ιι
1372 5216 1423 5279 ιο;
1440 5214 1563 5283 Prosper
1576 5212 1610 5266 ad
1632 5211 1754 5281 primam
1770 5218 1798 5265 et
1813 5227 1859 5264 se-

104 5286 156 5353 rit,
173 5292 344 5342 nontamen
368 5302 469 5341 omnes
491 5287 670 5357 etsingulos.
697 5285 828 5340 Secunda
848 5284 955 5355 pariter
1012 5287 1136 5341 cundem
1162 5286 1309 5340 Gallorum
1335 5283 1537 5354 objectionem,
1572 5298 1728 5354 omnesque
1752 5283 1860 5337 schola-

105 5363 152 5413 ιιι
176 5358 329 5428 Augustini
352 5358 412 5413 loco
439 5358 524 5412 citato
550 5357 715 5423 Encbiridii,
739 5356 871 5426 Prosperi
895 5355 956 5425 epi·
1012 5357 1074 5411 stici
1097 5357 1125 5412 in
1152 5357 1246 5426 prima
1269 5355 1405 5419 distinet,
1431 5356 1475 5419 ιιι,
1499 5353 1582 5407 unico
1607 5358 1724 5422 csccplo
1753 5352 1858 5407 Arimi·

105 5428 185 5484 stola
200 5429 236 5482 ad
259 5428 406 5493 Rulinum,
422 5435 450 5483 ιι
470 5429 500 5482 in
517 5428 702 5498 responsione
725 5432 822 5481 octava
839 5426 872 5481 ad
895 5426 955 5495 epi·
1011 5427 1103 5482 nensi.

104 5514 211 5570 scopos
226 5499 333 5554 Gallim.
356 5500 451 5554 Tertia
474 5499 602 5568 eJ'nsdem
625 5497 777 5568 Augustini
794 5496 829 5552 de
855 5496 954 5551 Corre-
