3930 6098
103 214 155 267 675

694 210 866 268 APPENDIX
884 212 931 267 Ab
952 211 1255 269 waubttanurutt.

1801 220 1851 269 utu

105 341 332 408 monasterium
353 340 563 411 jacueruntque
587 339 615 393 in
640 356 674 394 eo
697 356 755 410 quo
772 340 866 395 delata
886 341 948 395 lire·
968 348 987 402 Α
1004 342 1071 396 illuc
1088 342 1214 408 veniens,
1229 342 1310 413 cujus
1325 359 1408 398 aures
1421 347 1569 415 perpetuae
1584 345 1732 401 surditatis
1753 349 1852 403 tumor

105 420 172 469 rant
186 414 291 467 feretro
306 413 341 466 ad
366 410 512 464 dexteram
532 412 630 465 attaris
651 427 742 482 usque
763 428 792 466 xx
808 414 951 467 Kalenda-

106 500 169 540 rum
187 483 387 539 Novembrium
402 481 458 548 die,
484 481 591 536 scilicet
614 498 764 554 quousque
787 500 853 554 pars
873 501 951 555 qure-

105 557 171 611 dam
193 554 301 624 antiqui
326 553 426 621 templi
452 554 632 622 complanata
647 554 677 607 in
705 554 829 625 spatium
858 555 950 624 proti·

103 627 167 682 xius
182 627 390 690 extenderetur,
418 626 529 677 tumulo
554 623 658 694 dignus
685 625 865 679 conderetur.
890 626 950 690 Quo

105 698 217 767 expleto
235 699 373 764 tempore,
399 701 557 749 memorata
580 695 626 748 die
648 697 784 750 translata
806 700 873 751 sunt
887 713 950 750 san·

105 774 214 822 clerum
227 780 348 835 corpora
362 770 390 818 el
404 765 438 818 ab
454 765 588 836 episcopo
611 768 808 838 Thegauberto
823 780 835 809 ι
850 769 949 822 adino-

104 839 172 893 dum
198 837 332 907 religioso
348 852 395 889 viu
415 835 608 890 Kalendarum
632 838 847 898 Novembrium,
870 840 948 893 vide-

104 909 170 962 licet
189 907 329 979 passionis
357 923 456 960 eorum
479 907 536 975 die,
558 908 587 961 in
604 909 665 962 loco
687 924 745 979 quo
768 925 846 963 nuuc
864 925 949 964 vene-

103 984 214 1043 rantur,
236 979 343 1032 scilieet
362 979 393 1030 in
416 979 593 1046 possessione
617 981 708 1033 sancti
730 980 895 1049 sanatoris,
918 981 949 1035 in

104 1051 176 1105 cella
192 1065 256 1121 quae
272 1050 379 1103 Novum
396 1049 598 1103 lttooasterium
613 1056 741 1115 vocatur,
757 1067 823 1106 cum
836 1068 950 1106 summo

104 1123 214 1176 honore
226 1120 414 1190 omniumque
430 1120 621 1189 gratulatione
640 1122 794 1177 tumulata:
812 1121 861 1176 ubi
875 1139 950 1177 nunc

105 1208 204 1247 eorum
220 1190 470 1244 intercessionibus
484 1191 518 1244 ad
534 1191 648 1246 laudem
665 1192 708 1245 sui
725 1193 850 1247 nominis
865 1209 949 1248 orau-

104 1269 148 1318 tes
163 1263 290 1317 Christus
305 1262 427 1328 exaudit,
445 1262 518 1315 sicut
536 1279 570 1315 ex
595 1262 729 1332 subjectis
748 1265 950 1334 comprobatur

104 1333 259 1388 miraculis.
276 1332 330 1386 Sed
346 1337 500 1402 antequam
516 1332 565 1386 illa
581 1350 645 1403 quar
659 1340 723 1404 post
737 1351 837 1389 eorum
852 1341 949 1389 tumu-

106 1405 241 1459 lationem
267 1408 328 1456 acta
356 1407 423 1455 siant
449 1405 586 1457 miracula
616 1405 808 1475 proferantur,
829 1422 862 1459 ea
886 1423 950 1478 quie

105 1477 192 1546 paulo
208 1476 340 1544 superius
357 1475 553 1544 promisimus,
566 1476 711 1530 reddenda
727 1477 807 1546 prius
820 1477 850 1531 in
865 1478 949 1531 initio

105 1547 250 1600 videntur.

469 1615 531 1669 Car.
553 1616 587 1671 ll.

142 1704 231 1774 igitur
255 1719 320 1770 oum
341 1702 376 1756 ab
400 1703 480 1756 ltalia
503 1702 629 1775 degressi
648 1705 684 1759 ad
712 1705 858 1760 basilicam
874 1706 951 1760 beati

107 1776 204 1831 Goaris
228 1790 356 1845 gressum
382 1774 550 1844 dirigerent,
584 1776 691 1829 femina
719 1776 863 1847 quaedam,
894 1792 951 1831 non

107 1847 204 1916 ignota
218 1846 326 1899 civibus
338 1845 407 1910 suis,
423 1861 487 1898 cum
502 1846 591 1900 nimio
613 1848 725 1901 renium
742 1853 889 1902 teneretur
900 1848 951 1902 do-

108 1922 176 1983 lore,
191 1918 286 1971 audito
303 1921 464 1969 sanctorum
480 1919 614 1983 adventu,
636 1920 720 1988 petiit
734 1934 762 1972 se
776 1934 877 1972 eorum
898 1920 950 1973 ob·

105 1989 181 2042 viam
205 1988 280 2041 duci.
304 1987 432 2057 Cumque
457 1988 759 2043 hincindeaduobus
783 1994 949 2051 sustentata,

106 2060 151 2113 vir
168 2059 311 2112 adlocum
332 2058 518 2126 pervenisset,
547 2075 611 2112 mox
640 2066 671 2113 ut
700 2060 792 2130 tetigit
815 2061 952 2114 teretrum

107 2146 164 2200 quo
180 2135 277 2183 sancta
297 2127 475 2181 vehebantur
494 2131 633 2194 membra,
661 2133 755 2184 omnis
778 2131 819 2184 ita
839 2132 952 2200 fugatus

108 2205 150 2253 est
163 2201 255 2265 dolor,
269 2204 300 2253 ut
318 2198 451 2252 omnibus
466 2200 682 2270 inspicientibus
701 2203 789 2255 libero
810 2207 875 2255 ante
903 2217 951 2272 ge·

107 2271 258 2325 statorium
274 2286 370 2341 gresso
382 2278 517 2324 curreret.
542 2273 605 2325 ilaec
628 2273 722 2341 prima
744 2273 826 2325 uobis
842 2278 952 2327 sancto·

106 2357 171 2396 rum
194 2343 298 2395 enituit
320 2342 429 2394 virtus:
454 2343 520 2394 licet
542 2341 635 2396 tidelis
660 2349 723 2411 post
743 2343 796 2396 viri
815 2344 953 2397 relatione

107 2413 321 2482 comperissem,
347 2411 439 2464 adhuc
464 2413 544 2466 uobis
569 2415 597 2466 in
620 2413 700 2467 ltalia
723 2413 833 2485 positis,
864 2415 953 2468 simili

106 2485 192 2538 modo
206 2498 304 2536 eorum
321 2481 497 2536 orationihus
517 2484 671 2554 quamdam
686 2484 822 2538 feminam
843 2491 954 2539 coutra-

108 2560 183 2608 ctam
199 2554 286 2607 luisse
301 2556 434 2606 erectam.

460 2623 524 2680 Car.
551 2624 596 2678 llI.

144 2713 260 2767 Femina
276 2711 407 2783 quasdam
422 2718 482 2766 erat
492 2728 550 2765 non
561 2712 705 2783 ignobilis,
716 2729 789 2768 uxor
805 2714 953 2783 cujusdam

109 2784 242 2854 Waningi
258 2783 384 2847 nominc,
397 2784 477 2852 eujus
492 2783 579 2854 pedes
593 2791 622 2837 ct
643 2800 727 2838 crura
749 2787 788 2838 ita
804 2786 954 2840 intumue-

108 2861 183 2921 rant,
200 2863 230 2907 ut
241 2870 314 2924 pene
330 2853 402 2907 lecto
415 2855 601 2908 detineretur.
614 2856 688 2920 Haec,
703 2856 802 2910 audita
816 2857 953 2926 opinione

1006 415 1177 481 obtinuerat,
1195 431 1259 468 oum
1271 420 1434 469 sauctorum
1445 415 1552 471 ibidem
1567 419 1785 487 prestolaretur
1800 421 1852 474 de·

1005 491 1088 539 votus
1112 484 1293 556 suffragium,
1317 487 1502 540 sanctissimis
1524 504 1623 541 eorum
1640 490 1750 543 meritis
1770 492 1851 545 audi·

1004 560 1066 611 tum
1080 557 1128 610 diu
1142 556 1196 610 sibi
1210 557 1384 627 denegatum
1400 559 1525 629 recipere
1541 559 1657 613 meruit.

1354 639 1417 694 Car.
1444 639 1499 692 Vll.

1039 719 1110 772 ltem
1120 717 1236 788 quidam
1246 715 1345 772 debilis
1355 717 1482 784 brachio,
1496 718 1536 772 ita
1547 723 1579 773 ut
1589 718 1623 772 ab
1634 718 1757 774 humero
1768 719 1851 774 deor-

1004 804 1066 842 sum
1083 789 1221 858 penderet
1234 789 1359 854 aridum,
1370 795 1510 858 praeterea
1525 789 1663 845 surditate
1678 790 1849 858 damnatns;

1004 876 1069 914 cum
1083 861 1119 914 ad
1134 864 1297 914 sanctorum
1313 861 1476 930 sepulcrum
1491 877 1556 915 cum
1577 860 1633 914 lide
1648 861 1808 927 accederet,
1824 872 1852 916 et

1003 930 1151 985 brachium
1165 929 1317 1000 pristinum
1336 931 1502 1002 recognovit
1526 931 1662 998 osticium,
1687 939 1716 987 et
1736 932 1851 987 obstru-

1003 1006 1055 1056 ctae
1071 1018 1153 1056 aures
1168 1002 1296 1056 auditum
1314 1016 1457 1072 recepere.

1347 1082 1410 1137 Cor.
1434 1083 1503 1136 Vlll.

1038 1158 1250 1231 Aliirsquidam
1276 1158 1329 1214 luit
1352 1161 1402 1230 qui
1432 1161 1471 1214 ita
1498 1176 1614 1214 manum
1644 1177 1711 1216 cum
1731 1161 1849 1216 brachio

1004 1231 1129 1286 debilem
1144 1232 1277 1297 babebat,
1293 1235 1324 1285 ut
1339 1247 1453 1301 semper
1464 1231 1597 1286 deorsum
1633 1235 1742 1288 ondens
1757 1234 1850 1287 omni·

1003 1302 1195 1372 buscorporis
1219 1302 1319 1356 ostiolis
1345 1303 1513 1358 redderetur
1540 1249 1664 1359 inutilis.
1694 1304 1744 1358 llic
1770 1305 1849 1358 lasci·

1004 1374 1099 1427 culum
1115 1373 1166 1426 lini
1184 1374 1280 1427 manui
1296 1374 1431 1429 innexum
1446 1374 1532 1428 aridoe
1548 1390 1612 1428 cum
1628 1376 1663 1428 ad
1679 1376 1849 1429 memoriam

1004 1446 1047 1512 (ut
1061 1445 1221 1513 oportebat)
1236 1445 1359 1499 venisset
1374 1451 1542 1515 martyrum,
1561 1452 1646 1516 atque
1661 1462 1749 1516 super
1760 1447 1850 1501 altare

1004 1519 1135 1584 poneret,
1158 1516 1320 1585 protinusa
1339 1516 1490 1586 regiditate
1515 1533 1566 1570 sua
1589 1516 1748 1571 resolutum
1776 1518 1851 1588 prior

1004 1586 1200 1640 rediitvirtue.

1082 1677 1086 1686 “
1366 1667 1421 1721 Cae
1440 1665 1483 1720 lx.

1042 1752 1178 1816 Quaedam
1193 1753 1261 1807 item
1279 1752 1387 1807 femina
1409 1755 1527 1824 cupiens
1548 1756 1603 1808 lleo
1619 1760 1647 1809 et
1663 1754 1770 1810 sanctis
1785 1772 1852 1809 mar·

1005 1825 1116 1895 tyribus
1131 1824 1189 1878 illic
1208 1825 1407 1891 servientibus,
1425 1826 1558 1880 subsidiis
1573 1827 1770 1896 corporalibus
1787 1828 1850 1881 sub·

1006 1895 1113 1956 venire,
1127 1900 1264 1949 onustum
1273 1896 1434 1966 plaustrum
1444 1912 1509 1950 cum
1521 1902 1629 1967 paneet
1639 1903 1721 1968 potu,
1732 1897 1850 1968 aliisque

1007 1967 1172 2018 necessariis
1200 1982 1296 2019 secum
1326 1967 1441 2033 ducens,
1473 1967 1506 2022 ad
1542 1969 1637 2022 locum
1668 1968 1850 2039 properabat.

1006 2037 1111 2089 Verum
1131 2052 1196 2089 cum
1212 2038 1272 2106 jam
1292 2037 1322 2090 in
1343 2038 1472 2106 proximo
1492 2044 1576 2102 esset,
1606 2041 1752 2109 precessit
1770 2040 1851 2111 plau-

1008 2113 1108 2160 strum.
1126 2111 1254 2178 Cumque
1269 2112 1430 2177 sepulcrum
1455 2109 1574 2163 minime
1591 2125 1659 2163 auro
1673 2113 1717 2165 vet
1734 2116 1851 2180 argento

1007 2184 1136 2231 cerneret
1165 2179 1285 2248 fulgere,
1315 2185 1348 2232 ut
1375 2179 1486 2234 stolidae
1512 2189 1541 2234 et
1567 2181 1737 2248 irreligiosae
1762 2182 1853 2234 solent

1007 2256 1129 2315 mentes,
1159 2248 1288 2320 despexit
1307 2255 1335 2302 et
1363 2250 1453 2304 irrisit
1478 2253 1591 2317 locum;
1621 2259 1707 2322 atque.
1735 2267 1851 2305 suorum

1008 2319 1118 2374 obviam
1134 2321 1244 2374 concito
1265 2336 1376 2374 reversa
1398 2320 1500 2391 gradu,
1520 2321 1606 2391 jussit
1624 2339 1673 2376 eos
1689 2339 1747 2393 qua
1769 2338 1849 2376 vene·

1007 2390 1190 2456 ravitredire,
1220 2392 1316 2446 dicens
1344 2392 1416 2445 nibil
1450 2391 1490 2446 ibi
1519 2393 1676 2455 sanctitatis
1701 2393 1848 2447 contineri,

1007 2462 1086 2515 Tunc
1113 2463 1253 2516 multione
1271 2461 1329 2534 lot,
1344 2461 1520 2533 multatione]
1546 2470 1708 2518 sanctorum
1740 2480 1849 2517 carrum

1008 2532 1186 2586 contractum
1201 2538 1251 2596 est,
1268 2540 1410 2604 potusque
1434 2534 1564 2600 dillosus,
1586 2539 1672 2605 atque
1694 2535 1793 2588 omnia
1806 2551 1850 2588 su-

1007 2603 1153 2674 perposita
1168 2603 1208 2657 ita
1229 2604 1356 2673 dispersa
1380 2609 1457 2669 suut,
1473 2610 1505 2658 ut
1525 2605 1605 2659 nullo
1623 2605 1687 2659 usui
1710 2613 1777 2675 apta
1791 2606 1849 2659 red·

1007 2675 1153 2727 derantur.
1171 2674 1233 2744 lpsa
1249 2675 1374 2747 denique
1388 2676 1471 2729 tertia
1495 2676 1541 2730 die
1567 2676 1603 2730 ob
1620 2676 1776 2732 vindictam
1792 2692 1849 2730 con·

1009 2750 1136 2815 temptas
1146 2745 1248 2799 mortis
1258 2761 1345 2815 poena
1360 2745 1480 2800 multata
1493 2752 1544 2802 est.

1363 2836 1425 2890 Car.
1447 2839 1479 2891 X.

109 2933 283 2986 sanctorum,
298 2925 481 2978 subvectione
491 2925 558 2994 equi
574 2926 955 2997 obsequentiumqueadmi-
975 2935 995 2991 c
1044 2920 1107 2975 otia
1126 2919 1312 2976 itemiemina
1327 2937 1391 2976 cum
1410 2923 1502 2977 valida
1519 2922 1623 2987 scabie,
1645 2923 1725 2976 omni
1746 2937 1850 2993 preme-

108 2997 205 3050 niculo
216 2997 326 3051 obviam
343 2994 437 3061 ducto,
464 2996 508 3048 vir
524 3001 598 3050 tacto
620 2996 726 3051 feretro
742 2997 782 3051 ita
805 3015 872 3051 sana
889 2999 929 3052 eli
945 3029 957 3038 ·

109 3072 219 3135 claesl,
238 3074 269 3121 ut
295 3082 345 3138 per
374 3072 466 3120 totum
495 3073 634 3131 montem,
661 3069 743 3138 cujus
769 3068 956 3123 inillislocis

108 3139 198 3193 nimia
223 3140 359 3208 asperitas
376 3143 406 3190 et
422 3138 542 3191 altitudo
558 3144 610 3204 est,
628 3154 685 3192 una
699 3144 773 3193 esset
793 3155 826 3193 ex
841 3147 955 3209 gestan-

109 3210 185 3263 tibus
208 3208 355 3264 ieretrum.
378 3211 495 3263 Postero
516 3213 611 3262 autem
632 3209 687 3277 die,
713 3226 777 3264 cum
802 3209 955 3264 missarum

108 3280 248 3333 solemnia
263 3280 488 3345 celebrarentur,
505 3279 640 3333 ancillula
659 3287 825 3334 memoratae
842 3281 956 3335 feminae

108 3350 185 3404 inter
212 3351 363 3405 missarum
386 3350 607 3404 celebrationem
628 3351 667 3403 ita
691 3357 834 3405 contracta
856 3357 908 3416 est,
925 3357 957 3406 ut

109 3437 173 3492 quae
199 3421 320 3491 pedibus
341 3424 467 3485 venerat,
490 3421 608 3474 alterius
627 3422 760 3475 manibus
782 3422 954 3477 tolleretur:

108 3492 275 3562 ignoramus
290 3497 387 3546 tamen
398 3490 467 3562 quid
487 3505 579 3544 caussa
597 3490 693 3545 luerit.
708 3491 810 3562 Opinio
825 3508 891 3546 vero
902 3492 957 3546 tuit

130 3562 187 3615 uod
208 3562 355 3616 servitium
380 3561 553 3616 recusaverit
578 3565 752 3627 sanctorum,
769 3563 866 3616 volens
892 3579 955 3617 eam

109 3578 283 3686 dominusne
294 3632 350 3686 illis
360 3633 502 3702 delegare.
513 3632 613 3685 Postea
624 3632 819 3704 deniquecum
828 3633 956 3688 triduum

109 3703 140 3756 iu
160 3702 259 3756 eadem
285 3703 403 3758 ecclesia
428 3703 477 3757 ubi
501 3707 644 3757 contracta
669 3713 712 3758 est
734 3704 850 3771 faceret,
870 3710 956 3775 atque

108 3789 161 3844 pro
177 3789 211 3827 ea
229 3778 341 3829 oratum
360 3779 443 3841 esset,
459 3773 637 3828 orationibus
652 3780 814 3829 sanctorum
828 3776 957 3831 restituta

109 3848 153 3899 est
166 3844 279 3899 sanitati
295 3863 301 3911 ;
314 3847 439 3917 itemque
453 3860 518 3899 cum
535 3844 653 3899 domum
669 3851 868 3913 reverteretur,
887 3863 956 3901 con·

109 3921 200 3970 tracta
215 3923 267 3983 est,
291 3917 453 3988 iterumque
481 3915 585 3969 virtute
610 3921 773 3973 sauctorum
796 3925 956 3988 martyrum

109 3987 236 4057 priorem
254 3988 360 4059 recepit
375 3986 573 4042 valitudinem.

145 4146 213 4200 ltem
229 4145 336 4200 femina
350 4075 629 4216 quaedanfiAguidlita
647 4145 843 4201 membrorum
860 4145 959 4201 debili·

109 4219 167 4270 tate
183 4221 328 4271 contracta
351 4221 499 4270 teneretur
522 4223 553 4269 ut
568 4215 699 4270 vehiculo
727 4217 889 4285 duceretur,
911 4234 957 4270 ro-

1010 2996 1089 3045 retur
1103 3008 1232 3064 corpore,
1259 2993 1330 3046 adeo
1352 3000 1384 3048 ut
1407 2995 1487 3064 lepra
1509 3000 1667 3063 putaretur,
1694 2995 1742 3048 sed
1771 2994 1852 3048 etiam

1010 3063 1121 3117 diutino
1138 3064 1237 3117 morbo
1259 3064 1331 3118 lecto
1349 3070 1505 3131 teneretur,
1526 3069 1666 3134 praterea
1683 3080 1780 3134 neque
1802 3080 1854 3119 me

1011 3133 1140 3188 dicorum
1165 3134 1223 3188 ulla
1247 3134 1386 3204 potuisset
1409 3142 1469 3189 arte
1493 3134 1603 3202 curari,
1635 3136 1696 3190 haec
1722 3152 1789 3189 cum
1814 3151 1854 3190 au·

1010 3205 1243 3259 dissetavicinis
1267 3222 1382 3260 cereum
1407 3207 1436 3260 in
1463 3207 1570 3260 bonore
1599 3212 1759 3277 martyrum
1786 3206 1863 3267 lieri,

1009 3290 1127 3330 accensa
1156 3276 1212 3329 lide
1238 3276 1405 3346 particulam
1429 3293 1498 3330 cerae
1528 3283 1699 3347 coemptam,
1732 3278 1804 3332 tecit
1832 3279 1865 3330 in

1009 3350 1110 3400 eodeni
1132 3347 1245 3400 misceri
1266 3363 1358 3401 cereo.
1375 3351 1445 3403 Cum
1465 3349 1563 3418 itaque
1587 3363 1687 3402 cereus
1707 3348 1742 3402 ad
1764 3349 1876 3418 sepul0

1010 3432 1090 3470 crum
1106 3417 1216 3470 delatus
1235 3417 1335 3471 fuisset
1349 3423 1515 3489 martyrum,
1543 3417 1648 3473 mirum
1672 3419 1703 3472 in
1728 3420 1890 3476 modum,

1011 3503 1076 3541 mox
1092 3494 1123 3541 ut
1147 3488 1209 3558 igni
1225 3504 1359 3543 accensus
1377 3495 1428 3557 est,
1452 3489 1543 3543 sensit
1566 3505 1644 3560 aegra
1662 3491 1749 3560 longe
1768 3492 1908 3561 posue>

1009 3558 1153 3623 virtutem,
1176 3564 1287 3629 atquae
1312 3565 1400 3614 stratu
1430 3576 1549 3631 surgens
1574 3559 1727 3632 pristinam
1750 3550 1908 3631 recepi¹

1009 3629 1139 3699 corporis
1149 3630 1311 3685 sanitatem.

1370 3701 1434 3756 Car.
1455 3702 1499 3756 lll.

1046 3797 1116 3850 ilem
1146 3797 1202 3851 alia
1220 3796 1346 3851 inclusos
1369 3797 1474 3867 digitos
1500 3804 1585 3870 atque
1606 3797 1715 3868 rigidos
1738 3799 1908 3854 habousae‘

1011 3867 1158 3922 admonita
1169 3867 1306 3922 divinitus
1324 3873 1353 3922 ut
1366 3869 1402 3922 ad
1418 3870 1587 3924 memoriam
1601 3875 1777 3939 properaret
1797 3887 1891 3924 εειιικ

1011 3939 1204 4005 ctorum,iide
1232 3939 1377 4006 ducta,ad
1404 3939 1498 3994 locum
1527 3941 1567 3994 ita
1594 3940 1908 3996 sanarevorsaosa:

1012 4025 1043 4063 ac
1058 4011 1081 4065 si
1095 4011 1166 4064 nibil
1183 4026 1311 4081 unquam
1328 4010 1452 4065 lusionis
1465 4012 1638 4082 pertulisset.

1366 4109 1430 4164 Car.
1445 4109 1501 4164 Xll.

1048 4204 1169 4268 Quidam
1196 4205 1302 4260 nobilis
1318 4206 1361 4260 vir
1386 4222 1482 4261 amore
1498 4207 1600 4261 ductrrs
1625 4215 1796 4262 sanctorum
1816 4224 1851 4262 vo
1879 4214 1908 4245 ⁴

110 4286 187 4356 gavit
212 4303 242 4340 se
265 4287 376 4340 obviarn
397 4285 463 4342 duci
491 4290 666 4340 sanctorum.
697 4288 762 4342 Haec
781 4287 956 4343 orationibus
976 4275 1087 4340 Dlebal
1103 4275 1199 4331 ¹001¹m
1222 4277 1311 4331 adise·
1339 4277 1553 4348 nioconjugem
1578 4293 1658 4331 ⁵¹¹³OE
1683 4278 1908 4332 h⁰sl⁸l¹¹⁵¹¹³

109 4372 211 4411 eorum
227 4357 266 4410 ita
280 4358 356 4411 salva
376 4357 509 4425 surrexit,
525 4364 559 4412 ut
582 4357 709 4429 propriis
727 4359 840 4413 iirmata
855 4359 957 4431 gressi·

109 4426 163 4481 bus
178 4427 331 4482 incederet.
476 4499 512 4553 CA
561 4499 581 4550 v

515 4515 539 4553 a.
585 4539 591 4552 .

146 4586 217 4641 Cum
231 4602 299 4640 vero
320 4587 379 4656 Jam
396 4586 616 4641 decerneremus
632 4587 662 4641 in
688 4588 795 4654 locum,
811 4589 861 4644 ubi
882 4604 958 4643 nunc

112 4656 279 4723 adorantur,
296 4663 459 4712 sanctorum
482 4658 584 4712 deduci
599 4674 731 4730 corpora,
748 4660 901 4714 multitudo
917 4661 958 4713 in-

110 4728 299 4783 numerabilis
322 4730 462 4799 processit
484 4729 623 4783 mundare
651 4731 710 4784 vias
733 4746 785 4800 per
812 4731 960 4801 quaereli-

131 4799 187 4854 uiae
203 4799 377 4854 deducendas
394 4804 476 4853 erant
497 4805 666 4870 martyrum.
688 4801 759 4856 Cum
776 4801 864 4871 igitur
879 4817 957 4872 quoe-

110 4816 176 4926 dam
198 4871 392 4925 succideretur
408 4871 502 4938 arbor,
521 4871 638 4941 quidam
655 4887 713 4925 uon
736 4887 901 4941 praecavens
914 4888 960 4926 oa·

111 4957 186 5008 sum,
203 4942 305 4996 cecidit
320 4957 406 5013 super
421 4957 496 4996 eum.
513 4942 584 4996 Cum
602 4943 699 5013 itqque
712 4947 863 5013 putaretur
881 4958 959 4996 mor-

111 5018 188 5080 tuus,
206 5018 301 5067 amota
313 5013 426 5080 arbore,
442 5016 474 5067 ut
488 5012 641 5076 credimus,
658 5013 833 5067 orationibus
846 5019 958 5068 sancto-

109 5099 175 5138 rum
205 5085 244 5138 ita
269 5082 423 5138 incolumis
442 5088 573 5154 repertus
588 5086 630 5138 est
644 5099 677 5138 ac
692 5084 716 5137 si
737 5085 777 5137 nil
792 5085 959 5155 pertulisset

111 5154 247 5209 laesionis.

475 5222 539 5278 Cae.
558 5224 602 5277 vl.

141 5296 208 5349 ¹lam
230 5311 298 5350 vero
327 5293 479 5350 tumulatis
506 5294 598 5349 beatis
625 5293 810 5365 martyribus,
841 5296 959 5367 quidam

146 5426 159 5451 ⁸
176 5418 201 5472 ls
221 5423 264 5475 est
291 5420 407 5491 'thegan
436 5435 487 5473 seu
513 5420 618 5488 Tagen,
650 5419 869 5492 chorepiscopus
891 5423 958 5476 'tre-

111 5487 242 5557 virensis,
266 5491 346 5560 cujus
375 5491 497 5545 babetur
525 5489 644 5545 historia
658 5491 693 5545 de
714 5491 800 5562 gestis
825 5491 960 5547 Ludovici

111 5559 243 5630 Augusti,
256 5561 383 5615 carmine
402 5561 570 5616 laudatusa
596 5560 751 5617 Walalrido
775 5562 886 5625 Strabo,
908 5563 959 5634 qui

1012 4362 1108 4400 secum
1133 4352 1284 4418 pergeret;
1314 4348 1389 4403 illae
1417 4354 1515 4402 contra
1539 4352 1691 4419 aspernata
1719 4348 1806 4416 dixit,
1837 4365 1894 4402 s·

1011 4416 1109 4488 potius
1123 4419 1157 4470 ad
1172 4434 1260 4490 opera
1282 4435 1334 4472 sua
1356 4435 1487 4490 pergere,
1509 4435 1574 4473 nam
1598 4434 1656 4473 non
1682 4434 1745 4474 esse
1760 4421 1908 4474 vernn!

1011 4488 1090 4559 quod
1107 4487 1184 4542 fama
1203 4489 1377 4560 vulgaverat.
1406 4491 1455 4544 ltte
1479 4491 1597 4561 quidem
1619 4495 1745 4560 coeptam
1776 4490 1870 4561 perti*
1893 4521 1908 4533 ι

1011 4559 1089 4612 ciens
1105 4560 1291 4625 voluntatem,
1312 4561 1361 4614 illa
1385 4577 1451 4616 vero
1474 4561 1504 4615 in
1517 4577 1569 4615 sira
1584 4576 1705 4633 manens
1729 4561 1855 4631 pertidia
1867 4567 1908 4610 J

1011 4645 1077 4683 cum
1093 4630 1127 4684 ad
1152 4631 1247 4685 locum
1269 4639 1438 4702 properaret
1452 4632 1638 4696 destinatum,
1661 4647 1737 4701 equo
1752 4632 1908 4702 dejecw¹

1011 4699 1159 4755 brachium
1176 4702 1270 4772 tregit,
1286 4707 1317 4756 ut
1330 4704 1467 4757 hacteuus
1482 4702 1523 4756 ita
1538 4718 1656 4758 manens
1672 4703 1756 4757 nulla
1773 4703 1908 4774 possi-J

1012 4771 1155 4827 medicina
1170 4775 1274 4827 curari.
1771 4783 1777 4787 “

1360 4854 1425 4909 Car.
1444 4853 1514 4908 lilll.

1048 4940 1168 5004 Quidam
1183 4942 1322 5012 puerulus
1335 4941 1375 4996 ita
1393 4941 1511 4996 claudus
1527 4941 1562 4995 ab
1579 4944 1659 4995 utero
1677 4940 1791 4995 exstitit
1805 4956 1886 4995 mar
1896 4970 1908 4981 ·

1012 5010 1073 5076 tris,
1091 5017 1124 5066 nt
1135 5013 1268 5066 nativitas
1281 5028 1414 5082 gressum
1430 5017 1557 5082 negaret.
1580 5013 1629 5066 llic
1647 5027 1714 5065 cum
1735 5011 1908 5067 humeris-

1012 5082 1113 5136 matris
1133 5083 1189 5137 tide
1216 5083 1249 5137 ad
1276 5084 1423 5138 tumulum
1447 5084 1597 5138 tolleretur
1619 5086 1800 5146 sanctorum,
1828 5083 1908 5136 ita

1012 5153 1200 5207 sanctissimis
1228 5159 1388 5224 martyrum
1411 5154 1520 5208 meritis
1540 5158 1658 5208 sanatus
1683 5158 1738 5217 est,
1765 5159 1800 5209 ut
1816 5169 1852 5224 qn
1889 5156 1908 5193 1

1012 5222 1130 5277 alterius
1157 5229 1283 5294 gestatus
1309 5230 1427 5280 venerat
1456 5224 1610 5297 gressibus,
1634 5223 1763 5296 propriis
1785 5239 1869 5279 reve*
1891 5232 1908 5261 -‘

1011 5297 1074 5348 ctus
1086 5299 1208 5349 matrem
1224 5295 1457 5367 subsequeretur.

1012 5417 1140 5489 ejusdem
1155 5418 1319 5473 meminisse
1333 5418 1447 5474 videtur
1459 5418 1491 5473 in
1501 5417 1557 5472 alio
1572 5418 1699 5473 carmine
1714 5417 1751 5474 ad
1764 5418 1903 5490 ,ιιιςεκ

1012 5504 1087 5556 rum,
1104 5491 1278 5545 monachum
1293 5490 1535 5561 Elevangeosem.
