3930 6098
141 223 193 279 ate
820 213 949 271 struat
968 213 1210 270 CORDUBENSIS
1841 213 1890 266 stt

140 353 370 426 voluptuosae
386 351 412 406 ei
436 355 512 404 certe
532 349 688 413 demones,
712 349 763 420 qui
786 347 932 403 tenebrosi
954 347 984 400 in
1003 346 1145 401 Asterilis
1168 364 1225 401 non
1247 351 1289 401 est
1310 346 1339 402 in
1368 348 1417 401 eis.
1444 347 1604 401 absorvebit
1629 346 1752 414 pravium,
1783 351 1809 400 et
1838 361 1891 399 neu

140 443 293 514 Scripturis
310 443 583 504 montesrocantur,
605 454 655 492 seu
679 437 822 508 principes
842 443 936 506 terrra,
959 441 987 491 et
1038 436 1186 490 mirabitur
1212 452 1219 490 :
1242 435 1452 490 Multitudinem
1477 434 1610 489 videlicet
1625 434 1756 505 gentium
1780 433 1888 504 absque

139 531 313 604 philosophi,
329 528 378 600 qui
399 527 425 582 ei
440 527 597 598 exquisitos
613 527 703 593 dolos,
729 527 910 597 excultosque
931 526 985 579 de·
1039 523 1110 595 legis
1126 524 1237 587 notitia,
1255 540 1341 594 quem
1359 523 1494 578 radicitus
1508 523 1664 586 devorarit,
1679 527 1705 576 et
1719 523 1800 576 habet
1818 522 1888 593 fidu-

138 620 297 673 ctrinarum
324 617 502 670 diversarum
531 615 685 686 porrigunt
712 616 856 670 mendacii
895 615 983 669 cibos.
1038 614 1111 668 cium
1138 613 1212 682 quod
1234 616 1333 682 influat
1363 613 1491 668 Jorduais
1513 613 1543 665 iu
1569 627 1597 666 os
1621 612 1690 680 ejus,
1713 628 1761 665 eos
1784 619 1889 682 putans

139 707 235 763 Omnes
259 705 349 759 bestia
372 706 436 772 apri
459 705 552 758 luderet
577 705 687 769 ihi,vel
714 705 744 759 in
767 705 853 759 corde
877 703 986 774 impiis·
1039 701 1125 755 etiam
1159 702 1273 772 vipereo
1310 702 1376 756 dolo
1418 716 1587 755 consumere
1615 716 1685 770 quos
1713 701 1789 755 unda
1819 700 1899 780 sacri

137 793 201 847 simi
213 793 369 859 daemones,
385 793 428 847 vel
445 793 474 846 iu
489 793 552 864 lege
568 793 657 863 ipsius
673 792 827 847 multarum
843 793 984 846 heresum
1037 788 1221 860 baptismatis
1235 789 1314 855 lavit,
1336 795 1365 844 et
1391 791 1467 859 regis
1490 790 1638 844 character
1660 789 1775 860 siguum
1795 789 1888 842 crucis

136 881 287 949 novitates,
317 898 350 936 ex
375 882 480 952 quibus
505 882 588 936 sectis
614 897 756 935 venenum
778 886 907 936 sucatum
935 897 985 936 ore
1038 878 1149 934 Christo
1165 879 1223 932 lleo
1238 884 1335 933 nostro
1350 883 1380 932 et
1393 878 1453 948 regi
1474 877 1590 933 dicavit.

136 971 233 1041 patulo
262 987 398 1041 suggens,
423 969 630 1025 conlectionem
655 987 792 1041 operase
818 973 831 1014 Β
854 970 984 1024 inliciens
1071 969 1118 1020 28.
1149 968 1212 1021 lam
1236 983 1268 1021 ea
1298 984 1362 1038 quae
1391 968 1576 1038 sequuntur&
1602 965 1756 1021 habitatori
1782 968 1887 1020 rusculi

137 1058 259 1113 eufrasia
292 1075 342 1112 sua
383 1059 500 1111 milleno
538 1064 681 1112 sectarum
717 1058 773 1113 ritu
806 1059 929 1113 coniecit
963 1068 982 1123 ⁶,
1037 1056 1223 1109 contumelia
1255 1062 1403 1127 perpetuae
1431 1061 1593 1126 preparato
1620 1055 1713 1125 magis
1727 1054 1883 1126 pertinent,

137 1163 223 1218 qnam
249 1163 280 1199 ex
297 1147 506 1215 hoereticorum,
535 1148 786 1218 philosophorum,
802 1148 982 1201 iudaeorum·
1037 1160 1123 1215 quam
1141 1145 1308 1198 biothenato
1324 1145 1437 1198 bomini
1451 1145 1512 1210 illo,
1528 1143 1579 1214 qui
1606 1159 1699 1198 escam
1723 1144 1832 1211 videns,
1858 1149 1887 1198 et

137 1250 192 1306 que
217 1235 354 1289 doctrinis
369 1252 544 1305 componens
559 1236 678 1290 dirersis
691 1236 826 1307 gentihus
840 1237 935 1290 colore
949 1237 983 1290 ll·
1035 1231 1155 1286 hamum
1182 1233 1329 1304 ignorans,
1358 1249 1486 1287 morsum
1516 1234 1607 1304 ligans
1640 1233 1795 1286 translixus
1833 1238 1884 1300 est,

136 1323 182 1378 dei
204 1327 278 1377 tecta
302 1323 422 1391 vestivit,
451 1325 618 1397 cunctisque
645 1325 754 1379 levibus
780 1325 984 1395 pastinatumd
1036 1326 1149 1390 utpote
1177 1321 1228 1392 qui
1251 1321 1442 1391 inreptionem
1466 1321 1565 1375 Zabuli
1588 1319 1726 1386 sentiens,
1749 1322 1887 1390 angelum

136 1413 303 1482 operculum
319 1413 493 1483 propinavit.
515 1414 569 1469 Sub
589 1414 686 1467 umbre
709 1414 810 1468 dormit
826 1415 925 1485 utique
941 1419 983 1468 te·
1036 1408 1108 1463 lucis
1127 1409 1230 1463 leviter
1243 1410 1374 1475 creditit,
1390 1415 1548 1480 captusque
1565 1425 1622 1462 non
1646 1409 1773 1462 nesciens
1798 1410 1852 1463 luit
1878 1427 1885 1464 :

135 1500 291 1554 uubrarum
308 1506 337 1555 et
359 1502 468 1569 mortis,
486 1518 533 1555 seu
550 1503 705 1573 caliginum
721 1508 750 1555 et
768 1503 884 1569 erroris,
901 1519 984 1557 neca
1036 1498 1248 1567 Etpersorubit
1279 1498 1392 1553 sudibus
1421 1514 1500 1552 aures
1533 1497 1601 1568 ejus.
1626 1498 1680 1551 Per
1705 1513 1790 1552 nares
1813 1498 1886 1553 odor

136 1588 258 1657 Christo,
272 1589 321 1661 qui
336 1605 419 1643 verus
434 1595 463 1644 et
486 1597 610 1644 aternus
625 1590 666 1644 sol
691 1590 826 1657 creditur,
843 1592 886 1644 sel
903 1593 982 1644 tenui
1036 1585 1170 1651 trahitur,
1189 1592 1217 1641 et
1232 1602 1276 1639 res
1291 1585 1359 1640 loris
1376 1585 1476 1656 positae
1490 1587 1592 1640 ollautu
1610 1585 1740 1656 protinus
1754 1585 1886 1641 iudican-

136 1678 253 1732 luminis
269 1678 346 1732 radio
363 1678 543 1746 inlustratur,
557 1681 585 1731 in
600 1684 698 1733 secrete
718 1680 826 1747 calami,
848 1683 873 1733 et
891 1682 919 1734 iu
943 1681 982 1735 lo·
1002 1649 1095 1730 Btur.
1126 1675 1260 1745 lllagister
1287 1691 1353 1728 vero
1378 1680 1475 1728 noster
1499 1680 1526 1728 et
1555 1674 1694 1728 Dominus
1715 1691 1799 1729 neres
1824 1677 1887 1746 ejus

134 1767 173 1821 cis
198 1768 379 1836 humectibus,
400 1768 449 1821 ubi
475 1766 608 1821 voluntas
632 1784 822 1838 grammunea
845 1776 866 1835 ⁸,
882 1774 911 1822 et
934 1769 984 1822 ubi
1038 1781 1128 1836 usque
1144 1763 1227 1819 hodie
1244 1764 1364 1818 sudibus
1380 1764 1464 1832 ierat,
1479 1780 1544 1818 cum
1565 1780 1618 1835 per
1636 1769 1800 1818 sanctorum
1816 1779 1884 1833 pru-

134 1853 202 1908 licor
216 1855 333 1922 liuidus,
349 1862 378 1909 et
393 1872 476 1909 erosa
494 1855 626 1922 ludibria,
647 1856 697 1910 ubi
721 1855 859 1910 effrenata
882 1857 981 1911 barba·
1038 1853 1165 1908 dentiam
1180 1859 1285 1908 'omnes
1310 1870 1410 1908 eurum
1436 1851 1625 1907 calliditatum
1652 1852 1732 1907 dolos
1756 1857 1883 1908 enervat.

135 1941 201 2006 ries,
228 1947 256 1998 et
281 1943 463 1997 exsecrabilis
486 1944 571 2011 iuria,
591 1948 619 1998 et
646 1946 783 2015 perplexa
811 1945 934 2013 luxuria,
954 1951 983 2000 et
1037 1943 1118 1998 Nunc
1137 1945 1172 1997 ed
1197 1942 1284 1997 alium
1310 1942 1479 1997 vocabulum
1504 1957 1598 1995 sermo
1620 1942 1734 1995 divinus
1756 1948 1885 2012 apostra-

134 2031 315 2102 propegatio,
333 2036 361 2085 et
381 2031 509 2086 inritatio
524 2038 566 2086 est
582 2033 759 2103 nuptiarum,
776 2038 806 2088 et
819 2033 980 2101 dissolutio,

134 2123 162 2173 et
183 2119 329 2174 enervatio
345 2118 408 2174 lluit
423 2120 596 2189 animarum,
613 2126 640 2174 et
663 2121 692 2174 in
718 2138 775 2192 quo
800 2122 841 2176 illi
857 2123 981 2177 densan-

133 2208 252 2279 tarqui
277 2209 401 2262 exterius
428 2217 570 2279 apparent
598 2209 692 2276 nitidi,
719 2210 892 2265 intrinsecus
919 2228 980 2266 me·

133 2293 211 2350 della
241 2301 307 2350 sunt
332 2297 424 2351 vacui.
455 2300 603 2367 Proiepuut
636 2299 738 2353 umbra
766 2300 891 2355 umbram
913 2301 980 2371 ejus.

133 2384 239 2441 Omnes
253 2390 329 2439 certe
350 2385 443 2456 iniqui
464 2386 614 2441 mendacio
632 2403 684 2440 suo
707 2389 889 2443 mendacium
903 2389 980 2444 illius

131 2473 249 2543 proprio
268 2474 425 2528 detendunt
447 2476 592 2546 obsequio.
610 2475 687 2530 Sicut
707 2477 785 2536 euim
809 2476 839 2531 in
860 2494 979 2549 corpore

22 2608 27 2617 ,
131 2560 244 2628 veritas,
282 2562 321 2615 ita
357 2561 387 2615 in
426 2563 528 2616 umbra
563 2564 693 2634 eorporis
723 2565 839 2620 falsitas.
874 2568 979 2622 Omnes

132 2646 220 2713 enim,
250 2653 282 2702 ut
309 2649 377 2716 dixi,
408 2649 512 2721 iniqui,
539 2655 567 2704 et
594 2652 711 2706 servitia
738 2654 854 2708 iaecibos
887 2656 977 2725 pleni,

131 2736 314 2791 mendacium
351 2738 428 2792 illias
468 2755 519 2792 sue
553 2740 702 2795 mendacio
728 2747 884 2812 protegunt
914 2760 920 2797 :
951 2749 979 2799 et

131 2823 161 2878 in
188 2841 245 2896 quo
279 2826 326 2880 ille
355 2826 428 2880 sorte
455 2843 512 2881 non
540 2833 649 2883 attente
676 2835 793 2884 curante
818 2830 906 2886 debili
935 2847 979 2886 ve·

1036 2031 1094 2086 lam
1108 2029 1115 2066 ¹
1129 2031 1203 2097 iacit,
1225 2037 1254 2085 et
1268 2030 1441 2101 expressiori
1457 2029 1574 2084 nomina
1589 2035 1664 2084 artes
1679 2031 1741 2101 ejus
1765 2035 1794 2085 et
1816 2046 1884 2085 con·

1035 2119 1098 2173 silia
1113 2119 1257 2189 patefacit.
1273 2121 1318 2174 Aa
1332 2121 1487 2186 extrahere,
1504 2118 1610 2190 inquit,
1632 2123 1708 2188 petes
1732 2119 1884 2174 Leuiothou

1035 2208 1133 2263 hume?
1149 2207 1302 2262 Leviatlian
1318 2208 1536 2263 additamentum
1560 2223 1650 2262 cerum
1664 2207 1770 2262 dicitur
1787 2223 1793 2261 :
1811 2223 1884 2277 quo-

1033 2313 1098 2351 rum
1111 2296 1241 2351 videlicet
1254 2297 1310 2351 nisi
1325 2297 1475 2351 hominum
1486 2297 1687 2366 superborum,
1705 2296 1755 2368 qui
1770 2313 1884 2367 semper

1033 2386 1098 2457 plus
1114 2391 1265 2457 appetunt,
1276 2402 1364 2456 quam
1379 2391 1455 2453 sunt,
1471 2384 1581 2440 videri?
1605 2385 1686 2450 Qriod
1708 2385 1775 2440 huic
1795 2385 1882 2454 aptis·

1033 2475 1102 2530 sima
1124 2474 1267 2545 congruit,
1298 2474 1347 2545 qui
1370 2474 1532 2528 temeritate
1557 2474 1674 2544 propria
1701 2480 1883 2528 commentus

1033 2569 1077 2618 est
1089 2580 1175 2632 supra
1190 2581 1224 2617 ea
1239 2579 1304 2634 quas
1320 2563 1371 2618 llai
1390 2579 1439 2616 ere
1454 2571 1536 2617 erant
1550 2563 1654 2628 elicita,
1669 2563 1752 2633 quasi
1765 2563 1822 2617 alia
1836 2562 1881 2616 in·

1032 2650 1240 2719 terrenorum,
1253 2652 1303 2722 qui
1330 2652 1431 2706 merito
1452 2651 1593 2721 serpentis
1614 2650 1731 2704 nomine
1751 2650 1882 2721 designa·

1032 2745 1080 2794 tur
1095 2740 1162 2810 quin
1177 2739 1317 2811 serpentis
1338 2755 1416 2794 more
1432 2739 1568 2793 inccdens
1590 2744 1724 2793 cunctum
1737 2740 1880 2809 generali-

1032 2830 1086 2895 ter,
1101 2826 1199 2880 orbem
1215 2827 1355 2896 serpendo
1370 2827 1503 2896 replevit;
1516 2827 1565 2897 qui
1583 2827 1668 2881 hamo
1691 2842 1756 2881 uere
1778 2827 1881 2882 divini·

131 2911 216 2984 stigio
231 2914 409 2982 claudicarit,
426 2920 453 2968 et
467 2931 496 2969 se
516 2916 635 2972 ueritate
650 2917 739 2972 rictus
753 2918 904 2972 defendere
919 2935 977 2974 non
997 2930 1017 2985 c
1032 2916 1098 2970 tatis
1113 2923 1182 2970 tunc
1195 2921 1294 2986 captus
1308 2922 1359 2981 est,
1383 2917 1497 2986 quando
1516 2931 1620 2985 corpus
1639 2920 1790 2986 appetens,
1815 2932 1879 2970 acn-

130 3003 247 3070 curaril,
272 3003 302 3056 hi
325 3019 466 3074 proceres,
492 3009 520 3058 et
539 3006 680 3076 sapientia
701 3006 854 3061 ‘seculari
868 3008 976 3062 lieren-

129 3093 182 3157 tes,
213 3107 245 3144 ec
273 3092 399 3146 versutia
426 3094 618 3148 assertionum
648 3097 797 3165 pollentes,
826 3096 977 3167 iugeniosa

130 3183 201 3245 arte,
234 3183 261 3232 et
289 3180 401 3235 erudita
428 3194 444 3236 u
471 3181 605 3249 falsitate,
636 3183 786 3254 exquisitis
817 3186 975 3254 sententiis,

129 3272 230 3320 ornate
252 3269 265 3310 ¹1
289 3268 457 3335 detendunt,
483 3274 510 3322 et
533 3269 605 3323 elate
637 3276 829 3340 componunt;
857 3272 976 3342 ejusque

129 3354 224 3424 operis
239 3360 386 3425 patentem
405 3354 411 3389 ¹
437 3356 620 3411 mendacium
646 3358 739 3413 fucata
761 3359 883 3414 falsitate
900 3360 976 3414 colo-

128 3447 194 3496 rant
208 3443 372 3497 verborum.
389 3443 441 3497 Sed
459 3450 488 3497 et
502 3444 603 3499 umbra
622 3452 744 3514 possunt
759 3447 848 3517 accipi
866 3450 974 3502 daemo·

128 3545 179 3586 nes
192 3530 252 3596 alii,
276 3531 326 3599 qm
341 3531 418 3584 hrrnc
433 3531 629 3586 habitatorum
643 3533 855 3588 sceleratissimi
870 3551 975 3606 eorpo-

127 3617 167 3672 ris
194 3618 361 3689 obsequiolo
386 3619 504 3690 proprio
528 3637 557 3674 se
588 3625 737 3691 protegere
761 3622 884 3694 lingunt.
910 3625 976 3679 Tra·

129 3706 217 3760 duntl
239 3706 315 3760 euim
326 3723 391 3761 eum
405 3724 502 3778 pacem
519 3708 595 3763 inter
610 3709 728 3781 spiritus
742 3712 975 3768 sceleratissimos

128 3811 144 3850 a
160 3811 189 3849 se
203 3795 372 3850 dissidentes
388 3797 568 3865 reformasse,
585 3803 614 3853 et
629 3802 734 3854 multos
750 3817 784 3855 ex
794 3800 975 3856 daemonibus

128 3899 185 3938 sure
200 3883 266 3939 fidei
288 3884 450 3953 inclinasse,
467 3888 619 3958 legemque
643 3905 723 3942 suam
749 3889 806 3943 illis
821 3892 973 3946 tenendam

127 3975 294 4027 memoriter
315 3974 473 4029 tradidisse.
492 3977 569 4029 Unde
586 3977 657 4030 etin
672 3978 733 4047 lege
752 3977 814 4046 ipsa
829 3978 973 4046 horribili,

127 4060 293 4131 frequenter
312 4078 344 4115 es
360 4079 482 4132 persona
499 4064 546 4118 Dei
557 4065 738 4119 demonibus
751 4067 794 4119 vel
809 4067 973 4122 hunrinibus

128 4164 221 4203 sermo
248 4151 459 4220 predicationis
494 4152 649 4218 inducitur,
677 4159 705 4208 et
738 4159 769 4207 ut
802 4154 919 4209 credant
946 4157 973 4210 ei

1031 3005 1109 3058 mine
1138 3004 1218 3059 verbi
1245 3007 1397 3060 transfixus
1419 3011 1471 3059 est.
1494 3007 1688 3075 circulumque
1712 3007 1742 3059 iu
1765 3005 1878 3059 numius

1030 3093 1155 3164 positum
1173 3098 1260 3159 tenet,
1277 3094 1344 3165 quia
1368 3093 1544 3173 licetnastute
1561 3093 1646 3148 lurtia
1660 3095 1765 3164 pulset,
1782 3099 1879 3148 tanuen

1030 3184 1105 3237 inira
1120 3191 1140 3218 ²¹
1154 3183 1293 3237 circulum
1310 3182 1421 3253 opificis
1443 3183 1542 3237 currit.
1561 3183 1616 3237 Nec
1639 3186 1749 3236 tantam
1767 3189 1879 3237 tentam

1031 3277 1171 3343 quantum
1197 3273 1314 3343 appetit,
1345 3289 1396 3326 nec
1420 3276 1534 3326 tantum
1563 3277 1701 3342 appetens
1734 3278 1876 3343 quantum

1031 3365 1130 3415 tentat.
1153 3360 1239 3430 Cujus
1256 3364 1284 3413 et
1299 3361 1415 3414 mouille
1429 3361 1573 3428 perforato
1586 3359 1651 3412 ideo
1675 3359 1791 3422 dicitur,
1808 3361 1876 3431 quia

1028 3449 1199 3520 plerumque
1216 3465 1289 3519 quos
1304 3449 1387 3504 avida
1409 3453 1503 3503 mente
1517 3448 1639 3514 invadit,
1655 3449 1812 3518 potentiori
1828 3464 1873 3502 or·

1030 3535 1177 3590 diuatiene
1194 3536 1322 3591 dimittit.
1347 3536 1441 3591 Semel
1463 3536 1569 3608 quippe
1593 3541 1703 3607 raptus,
1728 3537 1805 3591 exire
1820 3553 1878 3591 non

1029 3628 1152 3694 poterat,
1167 3624 1191 3679 si
1215 3640 1273 3678 non
1297 3625 1413 3679 maxilla
1437 3624 1570 3679 draconis
1594 3624 1723 3679 feramen
1747 3625 1877 3680 haberet.

1028 3713 1194 3782 Multiplicui
1213 3714 1247 3768 ad
1264 3716 1355 3768 Deum
1377 3729 1477 3782 preces,
1499 3713 1567 3767 dum
1589 3714 1718 3768 membra
1739 3716 1802 3785 ejus
1825 3731 1877 3785 pre

1028 3815 1062 3853 eo
1078 3803 1232 3856 momentis
1251 3802 1373 3872 singulis
1399 3802 1554 3857 [lominum
1573 3802 1760 3872 interpellant
1782 3821 1789 3857 :
1812 3819 1875 3874 pre·

1028 3903 1074 3943 ees
1089 3891 1261 3960 accipienda
1278 3898 1345 3945 suut
1366 3893 1443 3959 leges
1458 3891 1524 3954 illie,
1551 3907 1623 3962 quas
1637 3890 1770 3946 fabuloso
1785 3893 1845 3946 risu
1862 3907 1876 3937 π

1027 3980 1183 4032 contexuit.
1209 3981 1240 4034 Et
1262 3981 1384 4048 loquitur
1405 3980 1509 4044 mollio,
1535 3995 1598 4049 quae
1619 3995 1671 4051 per
1702 3996 1754 4034 ora
1773 3997 1874 4034 eornm

1029 4068 1120 4120 multo
1135 4068 1309 4138 eloquentiae
1323 4068 1475 4138 splendore
1501 4067 1677 4121 miserationi
1692 4068 1786 4123 vicina
1800 4085 1873 4140 quo-

1026 4154 1259 4220 tidieinsonant;
1276 4156 1343 4209 dum
1365 4156 1475 4227 iugiter
1500 4155 1599 4210 dicunt
1619 4173 1626 4211 :
1649 4160 1770 4225 muriae,
1793 4174 1875 4227 purae

126 4236 293 4306 frequenter
316 4238 466 4307 ingeritur.
489 4240 708 4296 Circumdulruut
724 4257 783 4296 eum
806 4242 901 4297 salices
916 4250 972 4299 ter·
992 4226 1014 4281 Ῑ)
1023 4245 1162 4312 propterte
1175 4246 1226 4298 illi.
1244 4246 1299 4299 Nec
1316 4245 1458 4298 usitatiori
1473 4260 1529 4315 quo
1543 4260 1595 4315 pru
1616 4245 1679 4298 aliis
1700 4262 1806 4316 genere
1832 4246 1873 4300 le·

126 4327 220 4390 realis,
246 4325 376 4379 videlicet
398 4327 579 4390 infructuosi,
603 4333 631 4383 et
654 4331 705 4400 qui
727 4330 805 4384 lluxu
820 4331 972 4387 libidinum

125 4409 317 4477 revirescunt;
349 4412 435 4483 hujus
460 4414 536 4467 enim
568 4416 677 4469 arboris
705 4432 804 4471 semen
843 4417 873 4471 in
910 4418 973 4473 cibo

126 4505 274 4567 sumptum
297 4503 407 4555 steriles
430 4501 526 4557 eflicit.
549 4505 629 4558 Tales
650 4511 716 4558 sunt
738 4505 861 4560 ministri
883 4507 973 4562 hostis

126 4586 268 4655 Ecclesia,
280 4590 425 4643 sterilitate
440 4591 505 4644 fidei
521 4592 605 4659 aridi,
622 4598 649 4646 ct
664 4600 822 4649 sementem
836 4595 973 4655 doctrinae

124 4675 240 4746 penitus
256 4683 417 4745 enecantes,
434 4695 449 4733 e
465 4681 582 4751 regione
601 4683 737 4750 Ecclesia,
749 4683 801 4736 lilii
812 4684 847 4738 de
861 4685 972 4740 lavacro

125 4765 348 4820 conscendentes
363 4783 462 4821 omnes
485 4771 625 4839 gemellos
648 4771 724 4825 letus
745 4771 919 4843 producunt,
944 4780 974 4829 et

158 4920 169 4949 ¹
190 4907 247 4974 lis,
264 4911 423 4964 uoluntates.

158 4981 171 5020 b
192 4978 218 5032 l..
232 4995 348 5048 operose.

158 5058 169 5082 ⁶
188 5050 247 5103 lis..
264 5055 396 5119 aurificuit.

158 5120 173 5163 d
193 5121 220 5174 F.
236 5124 414 5187 fascinatum.

157 5199 168 5226 ⁸
189 5196 231 5243 An
247 5193 435 5259 prummtaea‘l

158 5259 246 5328 tils,
274 5266 423 5331 sapientia.

160 5342 175 5385 u
195 5332 255 5400 tls,
270 5334 414 5389 eruditum.

157 5401 172 5443 h
191 5403 250 5470 lis,
266 5419 373 5459 eruere.

159 5469 165 5503 ¹
186 5473 216 5525 L.
241 5481 347 5543 puteus.

1027 4332 1150 4386 cationis
1162 4333 1279 4386 solitum
1292 4339 1334 4387 est
1345 4334 1449 4400 dicere,
1465 4333 1514 4387 sed
1530 4334 1649 4403 tropice,
1666 4339 1692 4387 et
1704 4335 1797 4389 multo
1811 4335 1875 4390 aliis

1026 4421 1111 4475 rebus
1135 4423 1348 4476 accommodato
1373 4436 1532 4476 sermone:
1561 4423 1664 4477 Psettet
1677 4425 1756 4491 Deus,
1781 4424 1873 4489 aiunt,

1026 4524 1108 4579 super
1134 4526 1203 4567 eum.
1229 4516 1255 4564 et
1284 4511 1369 4564 sotuet
1396 4519 1416 4562 ⁰.
1449 4510 1483 4564 Et
1508 4509 1582 4564 sicut
1606 4527 1657 4564 nos
1678 4511 1875 4567 indesinenter

1027 4614 1078 4669 pro
1111 4599 1190 4652 omni
1222 4604 1310 4669 gestu,
1344 4599 1481 4668 omnique
1509 4615 1651 4653 sermone.
1687 4616 1721 4654 ex
1749 4616 1873 4673 evange·

1027 4687 1080 4741 lica
1121 4689 1290 4741 auctoritate
1330 4688 1463 4757 procellis
1503 4688 1683 4759 urgentibus,
1717 4690 1874 4760 apostolice

1026 4775 1101 4830 docti
1123 4777 1238 4842 Christe,
1263 4777 1341 4830 seluo
1363 4791 1410 4830 uos
1431 4775 1565 4842 dicimus;
1589 4776 1629 4830 ita
1660 4776 1703 4831 illi
1728 4794 1782 4849 per
1804 4794 1872 4833 cun·

1061 4917 1069 4960 ¹
1088 4920 1146 4981 his,
1162 4919 1279 4972 trudent.

1061 4991 1074 5032 t
1093 4989 1154 5055 ils,
1168 5005 1228 5058 qua
1251 4992 1383 5057 sequitur.
1401 4989 1469 5054 Quae
1483 4989 1513 5043 in
1527 4994 1604 5043 textu
1619 4994 1716 5044 eutem
1735 4992 1790 5046 lob
1806 4995 1871 5048 sub-

1025 5066 1194 5129 sequuntur,
1212 5075 1334 5130 quaeque
1353 5060 1399 5113 hie
1424 5060 1556 5113 videntur
1579 5061 1784 5130 pretermissa,
1802 5064 1873 5123 ,haec

1024 5137 1092 5184 suut
1108 5147 1114 5184 :
1129 5133 1160 5185 lu
1177 5132 1259 5185 oeulis
1275 5132 1333 5199 ejus
1354 5133 1435 5198 quasi
1448 5132 1527 5184 homo
1539 5135 1628 5201 cupiet
1640 5147 1710 5186 eum.

1061 5201 1068 5236 ¹
1088 5201 1171 5254 idest
1185 5203 1375 5269 apostrophen.

1059 5279 1080 5306 ³
1100 5273 1179 5338 infru
1192 5271 1239 5325 hic
1253 5272 1327 5325 idern
1344 5286 1375 5325 ac
1388 5274 1473 5338 iutro,
1488 5276 1519 5325 ut
1531 5270 1637 5342 passim
1647 5273 1726 5344 apud
1742 5280 1872 5331 auctores

1023 5341 1132 5397 infime
1153 5343 1314 5396 latinitatis.

1059 5421 1071 5448 ¹¹
1092 5413 1120 5468 F.
1134 5417 1201 5467 ritu.

1058 5492 1069 5518 ⁸
1090 5485 1131 5538 lta
1147 5484 1266 5538 ctdirus
1279 5482 1415 5554 Eulogius
1432 5483 1478 5539 lib.
1496 5500 1525 5551 u,
1541 5499 1604 5554 cap.
1624 5488 1647 5538 l.
