3930 6098
101 234 153 297 itti
786 228 911 299 suvant
932 227 1170 285 CORBUBENSIS
1807 232 1860 285 ste

139 371 212 426 Item
226 369 287 439 ipse
302 368 332 421 iu
346 366 419 421 libro
429 362 553 434 septimo
563 363 737 417 eataLueam
753 379 759 416 :
778 384 792 412 «
808 363 882 434 Ergo
897 378 951 417 nec
968 366 990 419 Δ
1008 364 1110 430 Deum,
1121 368 1150 418 et
1164 362 1252 418 istum
1264 362 1433 418 homiuem:
1448 378 1541 418 unum
1557 364 1696 419 habemus
1715 369 1744 419 et
1758 365 1861 420 edora-

104 473 158 528 ego
184 455 349 510 erubescam
376 449 460 506 lateri
489 449 568 522 quod
600 450 727 505 Christus
753 467 811 505 non
838 451 954 506 erubuit
1008 468 1151 509 muscum
1166 455 1249 508 Patre
1270 456 1299 507 et
1323 452 1432 523 Spiritu
1447 458 1543 507 sancto
1561 454 1671 508 Deum:
1689 469 1748 508 nou
1763 454 1858 509 nomi-

105 561 208 616 magna
223 559 291 596 voce
309 539 450 606 contiteri,
466 540 511 593 vet
536 538 652 594 evidens
678 539 867 594 manifestatio
882 555 953 595 con·
1007 557 1084 608 nem,
1101 544 1231 613 quartam
1243 540 1457 596 introducentes
1472 556 1636 611 personam,
1653 542 1702 597 sed
1715 542 1859 613 cumipse

106 631 237 688 testantis
274 629 325 684 Dei
352 627 541 683 secessionem
574 627 731 682 divinitatis
759 633 786 683 et
812 629 952 700 corporis.
1006 646 1092 685 carue
1107 629 1223 702 propria
1241 645 1333 684 unum
1348 630 1502 685 adoremus
1517 630 1659 686 Christum
1681 631 1787 687 Filium
1808 633 1860 687 Dei

107 729 120 755 ⁸
134 720 184 775 Hic
199 717 276 772 enirn
300 717 408 771 hahes:
424 717 563 771 Clamavit
586 719 663 772 lesus
686 732 749 772 ooee
776 733 878 784 moqno
907 717 953 771 di·
1008 720 1098 774 Deum
1117 717 1198 787 juxta
1224 716 1360 786 Ephesini
1384 716 1497 771 concilii
1521 732 1595 771 verae
1618 717 1687 772 fidei
1702 718 1859 772 documen·

107 820 182 861 cens:
221 808 300 873 Deus,
339 808 408 860 Deus
445 819 529 870 meus,
567 819 653 873 quere
683 820 725 858 me
762 804 955 875 dereliquisti?
1007 804 1583 878 turn,quod⁸aitzcavemnsautemde
1606 806 1717 861 Christo
1739 806 1857 862 dicere:

107 894 204 963 (More.
239 893 297 964 xe.)
320 892 458 950 Clamavit
482 893 570 947 homo
592 892 750 947 divinitatis
774 893 954 964 separatione
1005 896 1126 965 Propter
1149 893 1346 948 adsumentem
1369 893 1456 946 adoro
1471 892 1666 964 adsumptum,
1689 898 1717 948 et
1737 899 1859 965 propter

106 984 273 1038 moriturus.
309 983 378 1037 Nam
407 997 473 1035 cum
504 980 631 1035 divinitis
664 980 755 1035 libera
783 980 883 1035 mortis
907 980 954 1048 sit,
1007 983 1181 1038 invisibilem
1197 982 1283 1037 adoro
1301 981 1453 1036 visibilem.
1478 982 1657 1036 {torrendum
1682 998 1749 1036 vero
1769 1000 1859 1054 super

106 1072 207 1143 utique
229 1087 306 1126 mors
326 1087 387 1125 esse
408 1086 467 1124 non
490 1074 612 1139 poterat,
635 1068 690 1123 nisi
712 1069 768 1123 vita
784 1069 952 1134 diseederet,
1008 1075 1061 1129 hoe
1075 1073 1161 1128 etiam
1183 1073 1255 1128 illud
1271 1072 1385 1127 dicere:
1409 1072 1499 1143 isqui
1515 1077 1665 1144 susceptus
1684 1077 1856 1129 esteumeo

106 1160 174 1230 quia
187 1160 245 1214 vita
260 1158 394 1214 divinitas
418 1162 469 1212 est.
486 1157 545 1211 Hoc
563 1156 671 1211 dictum
687 1156 728 1211 ita
742 1157 952 1229 accipiendum,
1007 1162 1058 1234 qni
1071 1162 1197 1232 suscepit
1210 1177 1267 1215 non
1282 1165 1464 1230 nuncupatur
1480 1161 1564 1215 Deus.
1580 1160 1634 1225 Qui
1647 1162 1724 1215 euim
1740 1162 1803 1217 berc
1816 1162 1858 1216 di-

106 1264 164 1303 non
179 1247 420 1319 quiahumanitas
435 1245 597 1317 passionem
609 1245 727 1301 terebat.
746 1266 761 1299 s
1006 1250 1045 1304 eit
1061 1291 1069 1320 ,
1085 1248 1185 1306 dividit
1209 1249 1313 1303 iterum
1332 1248 1363 1302 in
1379 1249 1451 1303 duos
1479 1248 1599 1303 christos
1625 1265 1690 1303 eum
1710 1250 1761 1321 qui
1782 1267 1859 1304 nnus

142 1339 167 1391 5.
194 1338 264 1391 ilem
281 1352 314 1390 ex
337 1336 411 1391 libro
428 1334 507 1391 Beati
525 1339 621 1389 contra
636 1334 828 1406 Elipandnm:
853 1356 864 1384 ι
883 1334 954 1390 Cum
1008 1343 1060 1405 est,
1076 1338 1221 1394 hominem
1237 1353 1366 1391 seorsum
1381 1337 1412 1391 iu
1427 1343 1551 1408 partem,
1567 1342 1595 1391 et
1615 1338 1705 1392 Deum
1722 1338 1859 1394 similiter

107 1424 192 1480 dicit:
210 1426 262 1491 Qui
281 1441 323 1479 me
338 1427 425 1489 misit,
441 1439 542 1478 meeum
557 1429 604 1488 est,
626 1439 672 1478 nec
693 1439 734 1477 me
747 1423 903 1493 dereliquit.
922 1424 955 1479 nt
1007 1428 1039 1484 in
1052 1433 1131 1499 purte
1147 1426 1333 1482 constituens.
1359 1426 1510 1480 Evidentes
1525 1425 1603 1480 enim
1624 1426 1748 1497 denegat
1761 1427 1859 1481 nnita·

107 1513 258 1568 alioloco:
283 1516 362 1580 Deus,
391 1515 460 1567 Deus
484 1527 566 1581 meus,
590 1528 675 1582 quere
697 1527 737 1566 me
758 1512 955 1582 dereliquisti?
1007 1516 1249 1583 tem,secundum
1267 1515 1861 1586 qnamnonaltercumalterocoedora-

105 1602 166 1673 ipsa
189 1618 264 1656 unus
290 1606 348 1655 est:
370 1600 402 1654 in
427 1599 526 1654 ambas
549 1604 667 1653 naturas
690 1615 731 1654 me
751 1604 779 1654 et
803 1616 843 1654 me
868 1599 949 1656 dicit.
1008 1609 1065 1672 tur,
1087 1609 1137 1660 aut
1160 1606 1352 1675 nuncupatur,
1369 1604 1419 1658 sed
1441 1619 1515 1658 uuus
1537 1603 1709 1674 intelligitur
1729 1604 1860 1660 Christus

106 1690 180 1744 Num
196 1704 261 1743 eum
285 1687 371 1743 dicii?
394 1689 446 1743 Νθΰ
466 1702 508 1742 mi
522 1687 677 1755 deriliquit
694 1686 789 1743 divina
808 1692 859 1742 est.
882 1688 953 1743 Cum
974 1661 1098 1761 Biesus,
1114 1694 1201 1749 Filius
1219 1693 1269 1748 Dei
1285 1692 1462 1764 unigenitus,
1478 1708 1537 1748 unu
1555 1692 1692 1748 servitute
1708 1709 1774 1748 cnm
1790 1710 1859 1766 pro·

105 1781 202 1832 autem
217 1775 304 1832 dicit:
321 1778 363 1831 dte
377 1776 558 1845 dereliquisti,
571 1776 700 1831 bumana
721 1782 773 1830 est.
792 1776 863 1841 Quia
879 1778 953 1832 Deus
1007 1783 1071 1855 pria
1086 1798 1170 1837 earne
1184 1782 1364 1836 venerandus
1380 1782 1400 1834 t.
1414 1801 1428 1831 a

104 1865 253 1921 hominem
275 1870 449 1937 susceperat,
475 1865 581 1936 etipse
607 1865 695 1919 homo
721 1865 794 1920 mori
818 1866 951 1933 habebat,

104 1959 134 2010 et
146 1955 278 2010 divinitas
292 1970 358 2026 quae
378 1953 436 2009 rita
450 1957 521 2020 erut,
544 1954 625 2008 exsul
641 1957 702 2008 erat
724 1970 741 2008 a
764 1962 870 2020 morte;
888 1954 952 2009 ideo

103 2057 157 2113 per
171 2046 292 2097 mortem
308 2039 400 2094 crucis
414 2039 621 2111 relinquendus
630 2044 691 2094 erat
705 2056 796 2112 usque
810 2040 845 2095 ad
861 2056 954 2095 resur-

104 2129 260 2185 rectionem
283 2127 383 2199 ipsius.
402 2128 463 2182 Nou
479 2128 554 2200 quod
574 2127 708 2183 divinitas
728 2129 879 2200 reliquerit
890 2145 952 2183 ear·

104 2233 171 2271 nem
195 2233 289 2285 suam,
314 2217 363 2272 sed
380 2217 458 2288 quod
482 2233 540 2271 nou
556 2216 697 2271 moritura
712 2221 774 2271 crat
787 2233 852 2271 curn
868 2234 952 2272 carne

105 2321 166 2359 sua.
182 2305 254 2370 Quia
270 2304 351 2359 sicin
367 2306 497 2377 sepulcro
521 2321 635 2360 carnem
658 2321 740 2359 suam
764 2321 952 2360 commanen-

106 2392 247 2447 dononb
272 2393 407 2455 deseruit,
434 2393 507 2447 sicut
532 2391 563 2446 in
588 2397 670 2447 utero
695 2391 820 2462 Virginis
842 2409 949 2448 conna-

105 2481 210 2535 scendo
231 2480 374 2536 iormavit.
402 2480 481 2537 Fidei
495 2496 564 2552 ergo
582 2486 688 2535 nostrie
710 2480 749 2534 sic
764 2482 907 2550 convenit,
921 2486 952 2537 ut

105 2564 191 2621 homo
213 2565 290 2622 titius
313 2565 407 2621 dieat:
433 2567 521 2632 Quare
539 2582 580 2620 me
603 2566 800 2636 dereliquisti?
822 2568 854 2621 Et
877 2568 952 2622 Deus

106 2654 204 2722 Filius,
219 2654 268 2725 qui
284 2670 349 2708 eum
366 2656 448 2708 Patre
461 2654 582 2725 equalis
596 2659 648 2722 est,
665 2655 758 2709 dieat:
775 2655 828 2721 Qui
839 2671 880 2710 me
900 2659 951 2710 mi·

105 2745 142 2799 sit
155 2759 257 2799 meeum
280 2748 330 2813 est,
347 2758 393 2798 nec
413 2759 455 2797 me
475 2743 631 2814 dereliquit.
655 2744 686 2797 Et
700 2759 766 2798 cum
780 2760 815 2798 ex
831 2750 952 2815 utroque

104 2848 180 2888 unus
194 2832 230 2886 sit
245 2831 332 2899 fitius,
348 2831 506 2886 cavendum
523 2836 576 2900 est,
589 2847 626 2886 ne
637 2831 741 2903 aliquis
756 2833 847 2886 dieat:
862 2834 951 2888 Homo

105 2925 148 2977 est
166 2928 307 2990 mortuus,
333 2927 362 2976 et
377 2922 468 2976 Deum
482 2937 547 2974 eum
565 2920 706 2976 excitavit.
724 2922 781 2976 Boc
796 2921 838 2974 ilti
854 2922 953 2975 dicunt

105 3009 156 3081 qui
170 3009 328 3065 secundum
345 3025 460 3065 carnem
476 3026 543 3064 eum
565 3010 723 3082 praedieaut
742 3009 909 3080 adoptivum
926 3014 954 3065 et

105 3097 262 3152 secundum
277 3098 457 3153 divinitatem
471 3099 634 3170 proprium.
652 3120 663 3146 ι

140 3187 166 3239 6.
188 3186 257 3240 Item
268 3192 382 3240 sanctus
397 3187 565 3258 Fulgentius
579 3189 608 3241 in
624 3186 696 3241 libro
707 3186 742 3241 ad
752 3189 868 3242 Petrum
881 3187 954 3242 dire-

105 3278 169 3328 cto:
187 3295 198 3322 s
218 3275 255 3329 Ex
272 3281 365 3344 utero,
380 3275 485 3347 iuquit,
504 3276 605 3330 matris
619 3276 694 3330 idem
717 3277 791 3330 Deus
810 3277 896 3331 homo
910 3277 952 3331 ia·

105 3366 166 3416 ctus
183 3363 278 3428 exivit,
303 3367 332 3417 et
349 3363 379 3416 in
403 3379 486 3418 eruce
507 3364 583 3418 idem
604 3364 678 3419 Deus
693 3363 781 3418 homo
802 3363 892 3418 iactus
906 3380 954 3435 pe-

105 3450 226 3522 pendit:
244 3456 271 3505 et
292 3452 321 3505 iu
347 3453 477 3523 sepulcro
499 3451 577 3506 idem
596 3453 668 3506 Bous
689 3451 776 3506 homo
798 3452 889 3506 iaetus
906 3453 952 3522 ja-

106 3539 181 3594 cuit:
198 3543 226 3593 et
244 3540 280 3595 ab
295 3539 393 3594 interis
413 3539 489 3594 idem
514 3540 588 3595 Deus
603 3540 690 3594 homo
705 3539 795 3594 iaetus
809 3541 855 3595 die
869 3540 954 3596 tertis

106 3626 279 3682 resurrexit:
305 3628 354 3683 sad
378 3628 409 3681 iu
434 3629 565 3699 sepulcro
590 3629 750 3683 seeundum
770 3644 886 3683 carnem
911 3645 954 3683 so-

106 3715 164 3771 lam
186 3716 263 3771 idem
285 3717 359 3771 Deus
375 3717 484 3788 jacuit:
503 3723 531 3772 et
544 3717 574 3772 in
598 3717 743 3772 internum
767 3718 953 3773 ⁰secundum

107 3805 197 3859 solam
221 3805 347 3860 animam
364 3806 518 3868 descendit,
539 3822 596 3878 qua
619 3806 653 3861 de
669 3806 768 3861 interis
787 3807 821 3860 ad
837 3823 953 3862 caruem

107 3893 153 3950 die
167 3894 253 3949 tertio
279 3900 450 3965 revertente,
470 3895 548 3951 idem
566 3897 639 3950 Deus
653 3895 810 3951 secundum
825 3912 951 3964 earnem,

107 3983 209 4054 quain
231 3984 363 4055 sepulcro
379 3984 478 4055 jacuit,
499 3984 672 4039 resurrexit:
688 3990 716 4038 et
731 3983 952 4056 quadragesimo

106 4075 171 4143 post
184 4073 422 4127 resurrectionem
447 4073 493 4127 die
513 4072 588 4127 idem
615 4073 688 4128 Deus
708 4072 794 4126 homo
812 4071 901 4126 iactus
922 4072 953 4127 in

106 4161 209 4215 eoelum
227 4160 392 4226 ascendens,
415 4159 445 4214 in
461 4159 576 4214 dextera
598 4159 649 4213 Dei
663 4159 774 4226 sedens,
789 4158 857 4213 iude
868 4159 899 4213 in
914 4159 952 4213 ti-

1043 1917 1069 1969 8.
1082 1912 1355 1968 itemsanctissimus
1365 1912 1561 1984 Augustinus:
1576 1935 1590 1963 «
1599 1915 1678 1969 ldem
1689 1913 1744 1970 sibi
1756 1919 1859 1970 auctor

1008 2007 1037 2058 et
1051 2018 1125 2073 opus
1139 2009 1191 2056 est.
1215 2001 1286 2066 Quia
1301 2001 1368 2056 iecit
1382 2017 1496 2056 earnem
1510 2002 1539 2056 in
1555 2007 1637 2057 utero
1654 2002 1791 2074 Virginis,
1807 2005 1857 2059 ad-

1008 2095 1051 2145 est
1065 2095 1165 2146 auctor
1189 2090 1295 2160 operis.
1317 2090 1390 2156 Quia
1414 2091 1475 2160 ipse
1499 2090 1529 2144 in
1551 2091 1604 2146 hae
1626 2091 1704 2146 nasei
1722 2092 1860 2163 dignatus

1007 2183 1061 2241 ast,
1075 2179 1153 2232 adest
1163 2194 1236 2248 opus
1246 2177 1382 2248 auctoris,
1394 2179 1445 2248 qui
1461 2183 1491 2233 ut
1505 2178 1619 2233 inlocali
1633 2181 1737 2235 motus
1751 2179 1787 2233 ad
1797 2195 1858 2234 me-

1007 2273 1081 2323 trem
1097 2268 1222 2331 veniens,
1245 2267 1386 2322 ineffabili
1410 2268 1540 2338 potentia
1560 2274 1673 2323 uterum
1691 2269 1793 2323 matris
1813 2269 1858 2341 gi·

1007 2356 1139 2428 gnendus
1161 2356 1311 2426 implevit:
1341 2360 1370 2410 et
1398 2356 1476 2427 quod
1503 2361 1596 2411 totum
1626 2361 1668 2411 est
1690 2357 1859 2412 substantie

1007 2445 1187 2516 plenitudine
1203 2461 1262 2499 nou
1278 2443 1410 2515 privavit.
1431 2445 1474 2499 lta
1495 2460 1564 2516 ergo
1580 2460 1638 2499 uno
1653 2450 1739 2516 atque
1754 2446 1857 2501 eodem

1007 2539 1137 2605 tempore
1159 2538 1235 2588 totus
1261 2533 1292 2587 in
1319 2533 1443 2599 interno,
1466 2538 1542 2588 totus
1566 2534 1596 2588 in
1612 2534 1699 2590 coelo:
1721 2535 1781 2589 illic
1805 2551 1856 2606 pa·

1007 2623 1081 2679 tiens
1104 2623 1241 2694 injuriam
1265 2623 1369 2690 carnis,
1397 2622 1522 2678 hicnon
1546 2624 1711 2695 relinquens
1731 2624 1856 2695 glorium

1008 2712 1129 2768 deitatis.
1146 2713 1212 2766 Erat
1227 2712 1350 2783 denique
1371 2712 1447 2782 apud
1462 2711 1569 2766 inferos
1585 2713 1755 2767 resurrectio
1778 2728 1857 2766 mor-

1008 2804 1134 2864 tuorum,
1155 2805 1216 2854 erat
1230 2816 1317 2870 super
1330 2800 1417 2855 eoelos
1431 2799 1489 2855 vita
1503 2800 1678 2854 viventium:
1695 2815 1761 2854 rere
1780 2816 1856 2853 mor-

1007 2892 1084 2950 tuus,
1104 2904 1170 2943 vere
1185 2889 1277 2955 vivus,
1299 2889 1330 2942 in
1353 2904 1410 2959 quo
1430 2892 1459 2943 et
1479 2893 1601 2944 mortem
1616 2888 1758 2960 susceptio
1779 2905 1857 2942 mor·

972 2977 1125 3060 ctalitatis
1140 2977 1258 3047 accepit,
1276 2977 1401 3032 etritam
1419 2976 1576 3032 divinitatis
1588 2983 1699 3032 servata
1714 2993 1772 3031 nou
1789 2993 1858 3048 per-

1006 3065 1088 3121 didit.
1105 3067 1136 3120 tn
1152 3082 1208 3137 quo
1228 3065 1297 3120 dum
1317 3065 1466 3120 humilitas
1489 3065 1618 3137 patienti,
1637 3065 1752 3120 facienti
1768 3068 1859 3120 virtus

1007 3155 1173 3222 ascribitur3
1189 3153 1266 3208 idem
1280 3153 1408 3210 Christus
1421 3170 1480 3208 uno
1491 3159 1577 3225 atque
1593 3156 1693 3210 eodem
1711 3161 1857 3224 tempore,

1006 3259 1066 3298 uno
1082 3249 1167 3316 atque
1188 3244 1290 3298 eodem
1314 3259 1412 3314 opere,
1428 3258 1493 3297 cum
1510 3244 1617 3314 patitur
1631 3243 1776 3310 infirmus,
1792 3259 1859 3297 cum

1006 3331 1073 3387 facit
1087 3332 1272 3402 omnipotens
1296 3331 1489 3386 decolorius
1516 3331 1569 3396 Qui
1593 3337 1729 3402 utrasque
1753 3347 1858 3402 opera·

1006 3420 1100 3475 tiones
1113 3421 1158 3474 vel
1172 3421 1334 3474 voluntates
1349 3436 1448 3474 sensus
1461 3427 1548 3491 atque
1565 3420 1723 3490 sapientias
1738 3425 1789 3474 aut
1807 3436 1857 3473 na-

1006 3512 1087 3564 turas
1099 3508 1255 3563 divinitatis
1271 3525 1304 3564 ac
1318 3508 1507 3564 humanitatis
1523 3508 1686 3563 inconfusas
1698 3512 1728 3562 et
1741 3507 1858 3578 insepu-

1006 3596 1124 3662 rabiles,
1140 3597 1169 3652 in
1188 3597 1305 3651 unitatis
1317 3614 1369 3652 sua
1381 3614 1506 3669 persona
1518 3598 1558 3651 ita
1571 3597 1673 3662 univit,
1689 3601 1721 3652 ut
1733 3597 1860 3651 invicem

1006 3686 1042 3741 ab
1057 3685 1195 3741 alterutro
1215 3686 1310 3741 divelli
1325 3702 1383 3741 non
1399 3687 1518 3757 possint,
1535 3687 1608 3741 sicut
1618 3685 1799 3740 admirabilis
1815 3685 1858 3739 in·

1006 3774 1070 3846 quit
1085 3774 1217 3846 Cyrillns.
1235 3774 1365 3845 Undique
1381 3775 1470 3844 igitur
1484 3774 1665 3829 inconfusum
1679 3778 1766 3845 atque
1782 3773 1858 3828 iudi·

1006 3863 1099 3917 visum
1114 3863 1200 3918 celeri
1215 3879 1283 3917 voce
1302 3863 1442 3917 instanter
1456 3863 1629 3934 proterimus
1644 3879 1735 3917 unum
1751 3869 1858 3918 sancte

1006 3949 1154 4005 Trinitatis
1179 3956 1286 4022 etpost
1300 3951 1538 4021 {incarnationem
1555 3951 1709 4006 Dominum
1725 3957 1857 4006 nostrum

1005 4040 1101 4094 lesum
1134 4040 1277 4096 Christum
1309 4057 1407 4095 verum
1431 4042 1520 4096 Deum
1543 4044 1673 4095 nostruin
1696 4040 1856 4095 credentes.

1042 4165 1068 4218 a.
1091 4164 1162 4218 Item
1184 4163 1245 4233 jam
1269 4163 1358 4218 dictus
1382 4164 1516 4234 egregius
1540 4164 1639 4218 doctor
1662 4164 1854 4232 Fulgentius:

106 4262 174 4301 nem
190 4247 288 4302 sarculi
312 4248 346 4302 ad
368 4245 540 4318 judicandos
566 4247 644 4303 vivos
658 4251 687 4301 et
705 4250 833 4301 mortuos
848 4254 952 4303 ventu·
970 4271 1022 4350 θα
1039 4252 1084 4307 Sic
1105 4252 1181 4307 enim
1206 4253 1237 4307 in
1259 4253 1370 4307 unitate
1392 4269 1520 4325 personae
1545 4259 1676 4307 naturam
1701 4258 1856 4325 utramque

105 4349 163 4388 rus.
181 4353 195 4386 a

141 4427 168 4478 7.
190 4426 259 4479 ltem
284 4423 415 4494 superins
438 4427 620 4494 nuncupatus
643 4424 811 4480 Libanensis
831 4426 951 4481 Beatus:

108 4533 122 4564 a
139 4512 219 4578 Quod
242 4513 266 4567 si
290 4512 430 4567 discutere
445 4513 579 4578 volueris,
595 4519 623 4567 et
643 4514 783 4569 rationem
803 4513 838 4568 de
855 4516 911 4570 Deo
926 4519 955 4569 et

1007 4340 1137 4397 Christus
1162 4341 1311 4412 conjunxit
1339 4341 1576 4397 indissolubiliter
1599 4347 1627 4396 et
1654 4341 1747 4395 univit
1769 4346 1801 4396 ut
1827 4342 1857 4397 iu

1007 4445 1066 4484 uns
1081 4445 1204 4501 persona
1218 4429 1360 4501 unigeniti
1384 4431 1432 4484 Bei
1456 4446 1508 4485 nec
1521 4430 1653 4485 diviuitas
1668 4430 1703 4484 ab
1719 4428 1856 4485 humani·

1007 4523 1065 4573 tate
1078 4535 1139 4584 sna,
1164 4534 1218 4573 nee
1236 4519 1402 4573 humanitas
1424 4535 1505 4573 asna
1528 4518 1620 4589 possit
1640 4518 1792 4573 divinitate
1812 4535 1856 4574 se·

105 4602 223 4656 homine
239 4601 332 4657 iacere
346 4601 573 4673 presumpseris,
588 4603 725 4657 continuo
741 4603 875 4673 taqueum
891 4618 954 4672 per·
1004 4606 1100 4678 jungi.
1114 4607 1323 4662 lndissolubitis
1343 4607 1450 4679 quippe
1468 4605 1541 4660 iacta
1557 4611 1599 4661 est
1620 4606 1703 4660 Verbi
1718 4611 1747 4661 et
1761 4607 1857 4661 carnis

107 4689 223 4745 ditionis
233 4691 426 4762 immergeris.
440 4691 503 4745 Non
513 4691 527 4733 d
538 4706 606 4762 ergo
617 4691 754 4747 debemus
765 4692 860 4746 dicere
870 4691 954 4745 illum

140 4840 153 4866 ⁸
168 4831 250 4903 Apud
273 4831 407 4888 Ambros.
432 4848 520 4904 snper
541 4834 644 4889 Lucam
663 4833 713 4888 lib.
735 4850 763 4901 x,
779 4849 803 4888 e.
827 4835 880 4889 24:
908 4833 953 4889 Sic

106 4905 177 4958 enim
192 4903 275 4958 tobes
284 4903 360 4957 olibi.

128 5121 234 5182 atrum,
250 5116 304 5170 col.
320 5118 381 5183 523,
398 5116 467 5170 edit.
483 5117 524 5182 4⁰,
543 5117 631 5171 Paris.
650 5118 728 5172 teti.

141 5186 225 5246 ‘’bts..
242 5189 272 5241 in
295 5190 412 5254 infervm.
430 5186 561 5259 Fulgent.
582 5188 621 5242 De
636 5188 704 5243 Fide
727 5187 763 5242 ad
783 5188 870 5255 Petu,
885 5204 909 5242 c.
925 5191 952 5256 i,

105 5257 136 5309 in
150 5259 298 5321 insenum.

141 5324 323 5394 ‘Editiouen
339 5343 388 5384 nos
401 5344 474 5399 erqo.

142 5397 229 5464 ⁸lais,
260 5401 298 5453 ui.

143 5466 153 5501 ¹
168 5468 206 5522 Ex
222 5414 273 5523 tii.
288 5486 307 5535 r,
324 5469 402 5524 Beati
413 5474 513 5525 contra
528 5469 708 5541 Elipandum.

144 5550 159 5592 s
174 5538 263 5593 idest
287 5555 341 5594 nort
367 5540 448 5598 loculi
473 5546 557 5609 metu,
575 5545 607 5596 ut
627 5540 732 5598 dicitur
746 5539 776 5598 iu
790 5541 864 5598 libro
876 5540 954 5614 apud

1007 4695 1112 4764 unitio,
1128 4696 1243 4767 quando
1260 4696 1384 4750 Verbum
1399 4695 1523 4750 itactum
1544 4699 1586 4749 est
1601 4710 1677 4762 earo,
1691 4693 1723 4749 in
1737 4710 1797 4767 quo
1818 4695 1858 4749 sic

1008 4835 1203 4916 augustinum
1218 4852 1284 4890 mox
1306 4837 1431 4905 citando,
1447 4854 1480 4892 ex
1496 4855 1552 4964 quo
1566 4839 1704 4892 nonnulla
1720 4837 1857 4892 emenda-

1008 4922 1112 4975 vimus,
1138 4923 1242 4977 nempe
1263 4909 1457 4976 gignendus...
1480 4910 1686 4978 penitudine...
1710 4914 1856 4963 seruato...

140 4976 153 5017 b
168 4976 251 5030 Deest
264 4991 318 5028 nou
332 4974 362 5028 in
376 4972 571 5030 editionibus:
597 4975 645 5030 sed
660 4974 805 5030 deiectum
821 4976 856 5031 ad
872 4990 953 5030 oram
1004 4979 1134 5048 potienti,
1156 4979 1279 5046 facienti,
1300 4979 1349 5033 ubi
1366 4996 1419 5033 ms.
1435 4981 1570 5048 qiqueudo
1583 4981 1688 5034 babet:
1708 4980 1861 5050 plenitudi-

104 5045 218 5170 paginae
232 5050 424 5117 praenotatum
446 5045 576 5101 invenias
591 5052 670 5101 tomo
685 5047 731 5111 lV,
747 5051 819 5117 part.
836 5063 864 5111 11,
881 5045 952 5101 Bibt.
1007 5063 1101 5103 nem..
1116 5054 1286 5103 suentem...
1302 5053 1464 5119 potientis...
1480 5053 1620 5118 facientis.

1043 5121 1058 5162 h
1089 5121 1174 5173 Paulo
1202 5119 1288 5173 latius
1317 5120 1394 5190 apud
1419 5124 1492 5191 Aug.
1523 5121 1583 5176 haeo
1611 5120 1697 5174 verba
1722 5121 1752 5174 iu
1781 5124 1857 5192 App.

1007 5193 1077 5243 tom.
1106 5189 1168 5245 Viti
1195 5191 1301 5245 noviss.
1317 5191 1387 5247 edit.
1406 5192 1508 5256 Paris,
1525 5209 1589 5264 cap.
1619 5193 1652 5246 tt
1668 5191 1732 5245 libri
1758 5192 1863 5248 Coulru

1007 5260 1138 5315 Felicior.
1162 5263 1312 5330 Amanum,
1337 5278 1372 5317 ex
1396 5277 1454 5333 quo
1469 5268 1586 5331 sera-ctu,
1609 5264 1731 5333 potienti
1742 5264 1864 5328 facienti

1007 5331 1150 5414 restituta,
1174 5331 1224 5386 ubi
1247 5348 1304 5387 ms.
1328 5339 1465 5389 suentem
1478 5333 1575 5399 habet,
1593 5335 1737 5404 potientis,
1762 5341 1794 5389 et
1813 5336 1863 5402 so·

1007 5408 1234 5539 ⁶⁸⁶¹⁷³it⁸⁸s'.‚oerto.
