3930 6098
655 279 700 335 DE
716 277 1054 337 anuusrmamoltu
1071 279 1137 335 lilii.
1158 306 1193 319 -
1205 279 1270 334 ΗΒ.
1285 280 1307 334 1.

714 584 968 660 PRAEFATIO
1001 582 1252 657 AUCTORIS.

141 892 266 948 Domino
280 889 407 962 glorioso
425 892 510 961 atque
538 886 805 959 precellentissimo
828 887 954 960 principi
971 891 993 945 Α
1011 888 1133 960 jungere
1145 887 1264 959 dignata
1280 891 1331 952 est,
1349 886 1430 942 atde
1446 902 1540 958 anper
1564 891 1662 942 exorta
1684 889 1857 961 questione,

103 983 218 1038 Caaouo
236 981 414 1035 Rarnarrrrus.

139 1071 211 1124 Cum
226 1068 320 1122 virtus
334 1071 363 1121 ct
383 1065 522 1137 sapientia
549 1064 659 1136 regiam
679 1065 858 1136 majestatem
887 1064 956 1120 illu-

103 1163 205 1223 strent,
236 1156 329 1210 virtus
356 1153 489 1209 videlicet
515 1170 573 1225 qua
596 1153 775 1208 adversarios
799 1158 956 1224 expugnet,

104 1246 248 1317 sapientia
273 1260 331 1317 qua
367 1241 534 1315 reipublicae
560 1258 665 1313 corpus
698 1258 783 1297 omne
811 1241 956 1312 disponat,

104 1334 350 1405 magnificentiam
372 1336 496 1386 vestram
509 1333 572 1387 hec
598 1331 655 1386 duo
681 1330 785 1386 clarius
810 1332 956 1399 attollunt,

104 1423 180 1496 quod
195 1423 320 1477 coelestis
339 1419 491 1492 sapientiae
515 1424 625 1475 secreta
647 1419 816 1491 perquiritis
839 1423 867 1474 et
887 1419 958 1474 reli-

103 1511 198 1585 gionis
215 1527 314 1565 amore
331 1509 470 1581 llagratis.
484 1509 549 1562 llaec
564 1509 641 1562 enim
658 1525 706 1562 vos
721 1507 867 1579 prioribus
882 1524 959 1564 com·

105 1604 208 1672 parant
222 1598 416 1669 principibus,
438 1596 490 1669 qui
512 1596 652 1651 virtutum
676 1596 805 1666 potentia
830 1596 958 1652 hostium

105 1689 177 1743 colla
192 1688 383 1756 subegerunt,
404 1689 433 1739 et
454 1684 603 1756 sapientias
627 1684 740 1755 fulgore
760 1689 787 1738 et
811 1681 959 1754 religionis

108 1773 218 1829 honore
234 1773 321 1828 amici
335 1772 386 1827 hei
401 1771 467 1827 facti
482 1775 548 1826 sunt
566 1788 573 1826 :
588 1771 677 1825 David
699 1770 821 1825 dicimus
836 1775 864 1825 et
877 1769 959 1825 Salo-

108 1879 238 1929 monem,
253 1861 418 1930 Ezechiam,
435 1865 463 1915 et
476 1859 593 1928 Josiam,
611 1860 717 1930 quibus
733 1859 806 1914 sicut
828 1859 884 1913 fuit
897 1863 960 1913 stu-

1011 977 1059 1032 sad
1074 976 1143 1032 olim
1151 976 1213 1047 jam
1229 975 1362 1031 asanctis
1378 975 1511 1031 Patribus
1525 975 1724 1047 determinata,
1740 979 1859 1037 collecta

1011 1081 1044 1120 ex
1060 1070 1224 1121 sanctarum
1240 1065 1321 1120 libris
1336 1064 1460 1136 capitula
1476 1065 1555 1119 vobis
1570 1064 1735 1136 dirigerem,
1755 1068 1859 1138 quibus

1012 1153 1137 1226 qualiter
1152 1154 1186 1209 de
1202 1171 1235 1208 ea
1251 1154 1392 1210 sentirent
1417 1153 1596 1208 manifestius
1619 1153 1700 1208 vobis
1723 1154 1856 1213 eluceret.
1920 1216 1922 1221 .

1013 1242 1083 1297 Cum
1110 1245 1187 1298 enim
1212 1242 1344 1298 universa
1364 1248 1447 1298 caarte
1471 1241 1628 1315 disquiritis
1652 1247 1680 1296 et
1708 1243 1862 1315 diligenter

1013 1330 1177 1402 disponitis,
1193 1335 1255 1386 tum
1271 1348 1387 1404 quoque
1403 1331 1432 1384 in
1447 1331 1499 1386 hae
1510 1329 1680 1403 quaestione,
1697 1333 1778 1403 cujus
1789 1349 1861 1404 pro-

1012 1417 1137 1475 funditas
1162 1421 1267 1475 multos
1307 1420 1431 1491 caligare
1458 1419 1536 1487 lacit,
1562 1419 1689 1475 studiose
1727 1422 1807 1478 valde
1833 1427 1861 1479 et

1014 1509 1139 1564 modeste
1167 1509 1309 1576 inceditis,
1339 1516 1372 1565 ut
1401 1515 1565 1564 sacratorum
1590 1510 1747 1564 sententias
1767 1526 1800 1565 er
1829 1527 1862 1565 ea

1013 1602 1225 1669 cognoscentes,
1240 1598 1310 1669 quid
1325 1602 1424 1668 postea
1442 1596 1627 1669 prudentiam
1642 1602 1766 1653 vestram
1777 1615 1862 1670 agera

1014 1691 1147 1757 oporteat
1157 1686 1331 1742 deliberetis.
1348 1688 1405 1759 Ego
1420 1693 1528 1753 autem,
1547 1686 1665 1755 cupiens
1683 1701 1785 1756 parere
1800 1703 1862 1743 me·

1014 1775 1173 1848 gnitudinis
1189 1778 1287 1829 vestrm
1300 1775 1433 1846 imperio,
1450 1774 1586 1845 colligere
1603 1773 1700 1828 studui
1714 1791 1747 1829 er
1764 1776 1861 1831 catho-

1015 1863 1134 1919 licorum
1157 1862 1306 1918 doctorum
1327 1863 1486 1931 sententiis,
1504 1879 1569 1933 quae
1589 1877 1641 1933 pro
1657 1860 1796 1917 brevitate
1818 1863 1863 1918 sui

108 1951 277 2007 diumcirca
293 1950 398 2005 divinas
426 1949 574 2019 sapientie
600 1948 736 2020 mysteria
764 1948 897 2016 detineri,
921 1948 961 2002 ita
1016 1952 1251 2023 occupationibus
1278 1952 1379 2006 restris
1410 1968 1468 2007 uon
1498 1952 1570 2006 liant
1601 1969 1741 2021 onerosae,
1759 1957 1787 2008 et
1811 1968 1863 2023 pro

109 2056 208 2095 eorum
225 2040 304 2094 fama
318 2045 347 2093 et
361 2037 532 2092 immortalis
548 2036 653 2104 existit,
670 2040 698 2091 et
713 2035 864 2107 stipendiis
879 2040 961 2090 aeter·
1016 2040 1224 2095 sententiarum
1238 2040 1418 2112 plenitudine
1433 2040 1474 2095 rei
1493 2040 1643 2096 veritatem
1668 2058 1727 2098 non
1744 2041 1865 2097 abscon·

110 2144 154 2182 aaa
167 2127 357 2183 beatitudinis
372 2130 473 2180 ornatu
489 2125 620 2196 refulget.
645 2125 773 2189 Quorum
803 2123 961 2178 imitatores
981 2128 1096 2222 B(iant,
1112 2129 1147 2183 Et
1160 2129 1229 2201 quia
1243 2128 1329 2199 hujus
1344 2129 1521 2199 (lamponis,
1538 2129 1565 2184 jd
1582 2136 1623 2186 θεῖ
1638 2131 1673 2186 de
1684 2129 1867 2202 pfaedesqna.

111 2217 213 2281 effecti,
229 2215 396 2271 admirabili
411 2214 565 2286 prudentia
589 2213 756 2284 reipublice
778 2216 878 2268 vestra
905 2217 962 2266 sta·
1021 2218 1112 2287 tione,
1129 2218 1398 2289 profundumralde
1422 2218 1588 2288 mysterium
1604 2222 1658 2284 est,
1681 2217 1766 2273 statui
1787 2217 1867 2288 prius

110 2309 171 2358 hrm
183 2303 347 2375 disponitis,
364 2307 393 2358 et
405 2302 517 2374 potenti
530 2302 634 2357 virtute
651 2301 779 2356 hostium
793 2301 868 2355 viros
894 2301 966 2354 sub·
1022 2307 1057 2362 de
1072 2306 1170 2362 divina
1184 2306 1371 2377 dispositione
1391 2310 1554 2361 sanctorum
1578 2307 1697 2361 Petrum
1721 2306 1868 2378 proferens

115 2393 192 2463 igitis
198 2409 207 2463 3
224 2397 253 2446 et
267 2391 406 2447 ineffabili
417 2391 563 2463 religionis
577 2389 841 2445 amorecoelestium
854 2388 967 2460 sapien·
1021 2394 1187 2450 testimonia
1204 2395 1309 2463 dicere,
1327 2395 1431 2449 deinde
1447 2394 1482 2449 ad
1492 2393 1756 2465 praedestinationis
1772 2410 1869 2449 narra·

119 2481 188 2535 tiam
210 2485 388 2535 secretarum
408 2478 577 2552 disquiritis,
598 2482 626 2533 et
649 2477 896 2550 quemadmodum
917 2492 966 2531 co·
1020 2483 1130 2540 tionem
1157 2485 1255 2539 venire
1284 2487 1340 2539 :ut
1359 2500 1425 2538 cum
1445 2484 1599 2553 probatum
1620 2483 1708 2539 luerit
1738 2483 1869 2538 universa

115 2570 229 2624 tholicoe
258 2569 328 2625 fidei
358 2573 450 2623 status
483 2566 657 2622 inviolabilis
686 2570 858 2637 perseveret,
886 2564 967 2620 omni
1022 2590 1086 2645 quae
1101 2577 1243 2643 geruntur
1253 2573 1283 2626 in
1299 2571 1406 2626 mundo
1423 2570 1526 2625 divinae
1543 2572 1764 2643 dispensationis
1778 2586 1869 2626 secre-

115 2658 265 2730 vigilantia
280 2657 444 2713 elaboratis.
460 2658 519 2711 lloc
533 2660 629 2711 autem
644 2655 771 2710 studium
786 2659 815 2708 et
831 2653 891 2707 haec
908 2651 967 2706 vir·
1021 2663 1057 2718 115
1073 2660 1226 2730 moderari,
1243 2660 1352 2717 facilior
1366 2659 1565 2728 intelligentias
1580 2660 1626 2715 vig
1639 2665 1739 2730 pareat
1750 2661 1784 2715 ad
1796 2676 1869 2731 μω.

115 2753 210 2801 tulum
227 2746 427 2817 insignianon
451 2749 590 2818 tanquam
614 2743 768 2816 peregrina
791 2741 967 2797 etlahorum
1022 2750 1222 2807 destinationis
1247 2748 1520 2804 manifestationem.
1541 2751 1575 2803 In
1599 2765 1656 2819 quo
1686 2763 1774 2820 opere
1797 2747 1871 2802 sicut

116 2836 218 2891 studiis
233 2839 402 2905 comparata
420 2834 501 2889 vobis
516 2834 632 2900 adsunt,
650 2833 697 2888 sed
708 2831 796 2886 veluti
808 2829 966 2885 naturalia:
1023 2838 1232 2910 magnitudinis
1245 2844 1347 2892 vestrae
1357 2836 1517 2908 jussionem
1537 2836 1654 2908 exsequi
1670 2837 1813 2908 cupimus,
1830 2835 1870 2890 ita

118 2924 262 2996 siquidem
281 2923 414 2994 gloriosas
434 2921 581 2978 memorie
598 2921 719 2993 Augusti
733 2925 815 2993 pater
838 2925 867 2974 et
888 2934 967 2985 avus,
1022 2927 1203 2983 clementiam
1220 2941 1370 2981 exoramus
1391 2929 1423 2979 ut
1449 2940 1550 2979 eorum
1566 2941 1631 2995 quse
1659 2924 1816 2981 dixerimus
1843 2928 1873 2980 et

117 3019 143 3066 et
152 3014 296 3067 virtutum
313 3011 409 3080 armis,
427 3014 457 3065 oi
471 3010 621 3082 sapientia
637 3010 751 3076 decoro,
768 3013 797 3064 et
820 3006 969 3079 religionis
1023 3017 1158 3089 pransor
1173 3015 1235 3070 sitis
1250 3019 1278 3069 et
1290 3014 1378 3086 jadex
1395 3030 1402 3068 :
1418 3018 1447 3068 et
1462 3014 1487 3067 si
1501 3012 1568 3085 quio
1579 3013 1653 3068 bens
1666 3013 1773 3069 uictum
1784 3013 1873 3068 fuerit

118 3100 387 3156 ⁵¹¹bli¹1¹ii³i⁰³d⁰0
413 3099 591 3166 eff⁰¹⁵⁰i¹1¹¹b
608 3103 640 3153 ut
669 3098 808 3153 Vistilium
836 3094 968 3167 magnifi·
1023 3108 1117 3158 vestra
1145 3102 1287 3156 sententia
1315 3101 1515 3168 confirmetur;
1544 3101 1569 3154 si
1596 3101 1665 3171 quid
1692 3117 1758 3155 aero
1788 3100 1872 3156 aliter

119 3191 212 3244 centia
236 3193 265 3244 et
278 3189 391 3261 priores
405 3193 471 3243 ante
493 3204 522 3243 se
547 3204 629 3260 reges
648 3185 888 3257 incomparabiles
914 3182 970 3237 sibi
1024 3190 1105 3247 vobis
1119 3190 1212 3244 visum
1235 3189 1333 3255 luerit,
1354 3204 1406 3259 per
1426 3204 1475 3242 aas
1500 3188 1703 3258 redarguatur,
1731 3188 1871 3259 nobisque

120 3277 508 3348 111⁰¹¹⁵ir³i0¹¹b0ili⁰⁵i0rl³
532 3274 704 3331 imiifliiffliis
725 3274 858 3345 ⁶¹0mpli¹
880 3270 968 3326 relin-
1024 3278 1210 3335 correctionis
1224 3281 1326 3332 restrae
1342 3275 1483 3332 sententia
1496 3279 1615 3348 propter
1634 3275 1750 3346 pietatis
1771 3281 1873 3330 vestrae

123 3370 266 3439 querssflit
282 3365 415 3437 aquibus
429 3364 617 3436 ui⁰iissi¹i0m
633 3363 781 3435 sanguinis
800 3360 913 3427 docilis,
930 3361 970 3414 iia
1025 3367 1206 3424 clementiam
1241 3381 1299 3420 non
1331 3365 1534 3434 abscondatur,
1567 3381 1619 3419 nec
1651 3364 1687 3419 ad
1714 3364 1873 3420 multorum

121 3457 274 3526 utriusque
302 3453 429 3527 parentis
446 3458 474 3508 et
492 3454 626 3508 virtutem
642 3455 670 3507 et
685 3451 856 3523 religionem
877 3447 971 3520 possi·
991 3445 1010 3500 C
1027 3460 1211 3528 conspectum
1235 3454 1341 3522 ueniat,
1364 3453 1418 3509 nisi
1448 3453 1588 3525 sapientia
1616 3456 1709 3508 vestra
1737 3469 1872 3525 compro-

122 3543 205 3596 detis.
222 3542 279 3597 Sed
292 3542 316 3595 si
325 3541 411 3596 altius
427 3542 559 3597 uolumus
575 3540 735 3596 nobilitatis
747 3542 849 3593 vestrae
869 3553 972 3609 proge·
1025 3545 1135 3600 baveris
1148 3549 1223 3600 recto
1239 3543 1313 3598 dicta
1335 3559 1396 3598 esse
1411 3559 1476 3616 quoe
1499 3541 1714 3613 protulerimus.
1740 3542 1775 3596 Et
1797 3540 1875 3611 quod

124 3631 201 3685 niem
223 3629 375 3702 speculari,
403 3630 535 3686 videmus
550 3628 669 3701 originis
695 3633 795 3683 vasirae
821 3629 974 3681 stemmata
1027 3633 1088 3687 haec
1120 3632 1265 3704 postulare
1292 3632 1507 3703 praesumimus,
1534 3647 1594 3686 non
1622 3630 1783 3685 temerariae
1797 3645 1874 3701 prar-

124 3717 271 3773 saecularis
285 3719 422 3789 potentioe
432 3717 555 3790 gloriam
568 3733 681 3788 semper
695 3715 844 3787 religionis
865 3715 974 3769 honore
1029 3719 1187 3791 sumptioni
1202 3719 1320 3789 deputat
1335 3719 1504 3791 magnitudo
1518 3724 1622 3785 vestra,
1644 3718 1695 3773 sed
1719 3716 1876 3772 humilitati

124 3808 285 3861 decorasse.
308 3807 387 3862 Unde
398 3810 509 3861 constat
522 3821 571 3860 ros
584 3822 644 3860 non
663 3805 755 3859 solum
771 3803 860 3874 regali
883 3800 977 3873 digni·
1031 3807 1263 3874 etverecundiae,
1280 3823 1344 3878 quae
1359 3823 1417 3861 non
1442 3808 1536 3862 solum
1561 3822 1613 3877 pro
1642 3806 1744 3860 erratis
1771 3805 1876 3861 timent

123 3901 179 3950 tate
197 3895 396 3966 insignitatem
411 3895 527 3961 habere,
543 3894 591 3948 sed
612 3898 640 3948 et
664 3898 769 3948 sancta
790 3891 886 3962 stirpis
905 3905 972 3960 pro-
1025 3896 1139 3966 puhlice
1152 3895 1266 3962 discuti,
1282 3910 1381 3950 verum
1396 3895 1483 3949 eham
1497 3894 1528 3949 in
1540 3894 1615 3949 bene
1637 3893 1720 3949 dictis
1739 3897 1874 3948 verentur

123 3984 230 4055 pagine
245 3983 395 4054 religionis
410 3983 548 4055 [stadium
572 3982 729 4054 possidere.
754 3980 841 4052 Cujus
856 3993 972 4051 quoque
1025 3985 1177 4058 publicari.

125 4072 276 4144 religionis
298 4087 394 4127 amore
418 4070 574 4127 humilitati
593 4076 700 4126 nostrae
723 4069 856 4141 majestas
879 4071 973 4122 vestra

820 4384 963 4460 LIBER
994 4382 1188 4457 PRIMUS.

779 4565 823 4621 nr
841 4563 964 4618 naum
983 4558 1235 4617 orsuosrrroua.

931 4720 1081 4736 —

167 4842 220 4898 Sed
230 4843 291 4913 jam
308 4839 345 4896 ad
360 4836 539 4912 propositam
564 4835 723 4891 veniamus.
741 4834 830 4889 Nemo
852 4831 983 4904 quisquis
1037 4828 1115 4883 nuda
1130 4829 1198 4881 sunt
1213 4829 1241 4880 et
1260 4828 1360 4896 aperta
1372 4822 1463 4879 oculis
1476 4821 1537 4893 ejus
1554 4819 1665 4892 :etqui
1682 4820 1780 4875 omnia
1795 4818 1883 4884 novit,

132 4931 205 4986 bene
221 4931 312 4986 credit
326 4930 357 4985 in
371 4931 473 4996 ileum,
488 4925 600 4981 dubitat
611 4922 767 4997 presentia
788 4921 865 4977 illius
879 4920 983 4976 coelum
1037 4914 1165 4988 disponit
1179 4914 1313 4969 universa
1327 4913 1427 4980 (Heba.
1445 4911 1491 4980 iv).
1509 4929 1523 4961 a
1540 4909 1621 4964 Unde
1646 4909 1720 4964 liber
1733 4903 1886 4979 Sapientiae

129 5025 296 5090 terramque
312 5015 678 5085 contineri,‘mundumquo
689 5010 872 5084 providentia
887 5008 984 5064 divina
1037 5003 1168 5076 loquitur
1183 5019 1190 5057 :
1207 5026 1221 5049 «
1236 5003 1268 5056 ln
1288 5016 1376 5056 manu
1391 4999 1469 5054 enim
1482 4998 1559 5053 illius
1578 5001 1607 5053 et
1621 5013 1682 5059 nos,
1700 5001 1729 5050 et
1741 5006 1887 5048 sermones

130 5108 206 5179 regi;
232 5112 261 5162 et
276 5106 350 5161 sicut
365 5105 438 5160 nihil
454 5107 523 5160 latet
542 5102 710 5174 sapientiam
728 5102 801 5172 ejus,
824 5099 866 5167 ita
884 5098 981 5168 dispo·
1038 5091 1139 5160 nostri,
1156 5097 1184 5147 et
1211 5090 1304 5145 omnis
1326 5089 1483 5161 sapientia,
1513 5093 1542 5142 et
1557 5102 1677 5158 operum
1707 5080 1837 5149 scientia,
1859 5084 1888 5136 et

129 5197 195 5251 sitio
211 5196 289 5250 illius
304 5194 438 5249 universa
460 5193 627 5248 moderatur
643 5196 671 5247 et
686 5190 771 5263 regit.
800 5188 879 5244 Sicut
899 5186 977 5242 enim
1039 5179 1190 5252 disciplina
1208 5196 1215 5235 ε
1233 5180 1295 5251 ipse
1310 5178 1387 5232 enim
1403 5177 1483 5232 dedit
1502 5176 1572 5230 mihi
1583 5173 1711 5229 omnium
1735 5187 1800 5243 quae
1820 5175 1889 5227 sant

129 5285 208 5338 nulla
224 5288 266 5338 est
285 5287 418 5337 creatura
431 5282 542 5335 occulta
556 5281 587 5334 in
607 5283 760 5350 conspectu
786 5276 874 5344 illius,
896 5275 936 5328 ita
951 5277 979 5327 et
1034 5269 1183 5325 scientiam
1199 5285 1309 5336 reram,
1328 5272 1360 5321 ut
1386 5266 1474 5320 sciam
1495 5261 1710 5334 dispositionem
1727 5260 1806 5316 orbis
1827 5266 1885 5317 ter·

130 5373 260 5426 actiones
272 5371 425 5425 hominum
440 5373 468 5423 et
481 5368 669 5439 cogitationes
683 5366 772 5434 novit,
789 5365 868 5436 quia,
880 5378 979 5417 secun·
1033 5375 1141 5424 raram,
1157 5361 1184 5412 et
1211 5357 1349 5411 virtutem
1371 5355 1600 5415 elementorum
1619 5347 1735 5404 initiam
1759 5355 1788 5407 et
1811 5367 1883 5407 con·

131 5457 199 5513 dum
230 5457 385 5530 Scriptura
407 5456 512 5513 divina
533 5456 755 5511 auctoritatem:
781 5471 794 5507 r
826 5452 909 5507 Nulla
937 5454 980 5506 est
1033 5449 1259 5506 summationem
1274 5444 1498 5502 etmedietatem
1513 5445 1690 5509 temporum,
1711 5439 1883 5496 uicissitudi-

134 5551 268 5602 creatura
283 5545 437 5602 invisibilis
459 5545 489 5601 in
513 5550 667 5618 conspectu
696 5543 789 5611 illius;
806 5542 855 5599 sed
886 5541 984 5597 omnia
1038 5555 1107 5596 num
1120 5535 1360 5610 permutationes,
1376 5537 1404 5587 et
1429 5525 1693 5584 consummationes
1711 5532 1873 5599 temporum
