3930 6098
126 243 181 298 493

909 248 1097 305 EPlSTOLAE.

1824 256 1877 313 tat

126 375 367 431 Animadvertere
391 376 477 431 debes
500 376 557 431 rim
574 391 738 430 sermonum
755 393 819 448 que
843 394 860 432 a
880 383 907 432 te
931 378 975 431 in·
995 378 1182 438 Aauxilium.
1197 378 1227 434 Si
1240 380 1427 451 angelorum?
1448 399 1516 453 ergo
1532 383 1627 455 angeli
1642 390 1708 440 sunt
1736 384 1779 440 illi
1799 387 1878 441 simi-

127 463 246 518 condite
266 465 370 536 prolati
390 470 467 529 sunt,
484 470 512 519 et
527 466 655 535 intellige
682 466 748 536 quia
775 466 876 521 bifarie
904 467 975 520 inte

126 551 191 620 ipse
206 553 363 606 dirisnses.
388 553 496 608 Dicitur
511 554 589 607 enim
608 554 687 618 tides,
705 571 739 608 eo
754 555 832 625 quod
845 555 901 610 fnit
922 555 974 608 ali-

128 641 208 711 quid.
226 642 305 696 Unde
320 645 349 694 et
366 641 436 696 tides
450 650 463 675 ⁸
476 642 611 696 dicuutur
637 644 769 698 homines
784 644 834 715 qui
858 643 974 698 veritate

127 728 445 785 suntlirmes.Sienim
461 731 531 784 fides
555 737 606 797 est,
634 737 749 786 nonest
770 733 902 803 reproba,
932 733 974 786 rel

126 817 177 871 illa
197 818 254 871 alia
269 834 333 889 quae
357 818 551 889 ignominioso
568 836 617 873 ore
633 820 745 874 illinon
763 819 849 875 fanda
872 822 975 876 attitu-

127 904 202 958 lasti.
218 903 247 959 Si
263 910 360 960 autem
384 911 464 960 tantu
489 912 517 960 et
545 907 613 960 talia
639 907 745 977 probra
769 908 812 961 illi
837 908 974 976 attitulas,

128 1009 196 1064 rogo
211 999 243 1048 ut
256 994 344 1049 iidem
364 994 488 1050 nominis
506 995 615 1050 demas.
635 997 706 1050 llum
723 996 799 1050 enirn
821 997 974 1067 reprobam

126 1081 276 1147 dicis,trro
297 1099 346 1137 ore
374 1084 486 1138 nescius
516 1084 662 1155 teipsum
687 1084 780 1139 elidis.
810 1086 973 1156 Reprobam

126 1171 202 1223 enirn
218 1171 323 1225 dicitur
338 1172 413 1242 quod
430 1178 495 1226 ante
512 1172 631 1227 electum
653 1173 770 1238 exstitit,
790 1176 974 1242 postmodum

126 1259 161 1313 ob
174 1260 287 1331 aliquid
302 1261 482 1333 reprobatur.
494 1261 574 1326 Quod
595 1267 627 1315 ut
644 1262 783 1333 legalibus
802 1263 974 1317 instrumen-

126 1349 160 1401 tis
173 1349 355 1411 confirmem,
371 1350 437 1405 audi
448 1348 525 1421 q'uod
540 1350 670 1421 sequitur
687 1366 693 1405 :
710 1355 863 1419 Argentum
881 1367 973 1417 repro-

127 1437 187 1492 bam
201 1445 295 1494 nocete
316 1453 368 1506 eor,
385 1441 452 1508 quic
475 1441 603 1494 Dominus
624 1440 741 1508 projecit
757 1441 817 1494 illos
840 1441 905 1510 (Jcr.
935 1457 972 1504 vr,

126 1529 181 1592 30).
211 1526 336 1582 intueris
352 1532 450 1582 contra
465 1533 492 1582 te
512 1528 599 1582 fnisse
614 1528 718 1590 locum,
734 1535 763 1582 et
785 1533 866 1583 tuum
890 1530 919 1582 in
946 1535 974 1583 te

125 1631 294 1669 mucronem
324 1616 411 1671 fuisse
439 1621 589 1671 retortum.
619 1616 698 1671 Idem
727 1617 803 1671 enim
833 1617 973 1686 abjectum

1030 467 1070 520 les
1085 475 1113 520 et
1133 467 1241 538 pariter
1251 469 1401 523 hominnm
1417 478 1556 526 creatores
1572 489 1578 527 :
1596 477 1625 527 et
1639 474 1707 528 dum
1723 475 1876 531 uniusveri

1031 555 1080 609 liei
1095 558 1236 611 culturam
1258 557 1406 628 praedicas,
1428 561 1583 615 multorum
1607 562 1724 617 deorum
1753 565 1872 619 servitu-

1029 647 1086 697 tem
1102 645 1235 699 incurris.

1064 734 1090 786 3.
1112 732 1194 786 Vides
1215 733 1308 803 legem
1326 733 1349 787 si
1372 733 1533 789 carnaliter
1549 735 1715 791 observetur
1739 753 1798 792 esse
1822 738 1875 793 de·

1030 824 1175 875 structam.
1192 822 1322 876 Poteram
1340 822 1391 876 tibi
1407 823 1495 876 totins
1516 824 1588 893 legis
1611 825 1759 880 historiam
1783 827 1873 880 blani-

1029 910 1174 964 chaeorum
1202 926 1281 964 more
1306 911 1524 982 impugnantem
1554 928 1583 965 se
1613 912 1731 967 invicem
1755 914 1876 969 demon-

1029 1004 1134 1053 strare:
1152 999 1200 1054 sed
1213 999 1277 1054 vide
1289 1000 1357 1070 quia
1373 1016 1430 1054 non
1444 1001 1537 1054 solnm
1552 1001 1619 1055 deos
1638 1002 1733 1072 plures
1752 1002 1874 1069 inducis,

1028 1103 1128 1141 rerum
1148 1088 1235 1141 etiam
1253 1089 1391 1142 creaturis
1416 1089 1527 1143 ceteris
1551 1095 1707 1144 creatorem
1733 1096 1814 1146 tuum
1834 1092 1875 1146 si·

1029 1177 1127 1230 milcm
1154 1193 1213 1231 esse
1237 1178 1344 1232 lirmas.
1363 1177 1482 1241 Quodsi
1502 1195 1516 1232 a
1534 1195 1578 1232 me
1598 1178 1721 1249 requiris
1752 1181 1876 1250 qualiter

1028 1266 1082 1319 hoc
1092 1265 1274 1333 sententiam,
1288 1266 1345 1320 mei
1364 1266 1452 1320 animi
1466 1283 1524 1321 nou
1539 1267 1679 1337 percipies
1691 1269 1875 1334 sententiam,

1029 1355 1095 1425 quia
1111 1358 1141 1408 in
1169 1356 1299 1410 malivolo
1325 1358 1419 1409 estimo
1442 1371 1495 1409 non
1518 1358 1605 1410 intret
1630 1359 1768 1425 sapientia
1797 1357 1875 1427 (Sap.

1028 1462 1047 1509 1,
1064 1444 1101 1515 il.
1119 1446 1223 1499 Verum
1239 1445 1306 1516 quia
1320 1461 1399 1499 casso
1416 1445 1512 1499 labore
1529 1446 1559 1499 in
1587 1446 1814 1500 confirmandam
1838 1446 1878 1500 le.-

1029 1550 1099 1604 gem,
1123 1533 1254 1598 desudas,
1279 1534 1422 1604 surdaque
1449 1551 1518 1587 arrre
1544 1539 1573 1587 et
1596 1535 1765 1589 indomabili
1789 1535 1876 1589 corde

1028 1639 1074 1677 me
1095 1623 1257 1693 compedire
1282 1622 1408 1689 festinas,
1439 1622 1498 1675 noli
1527 1623 1659 1690 expansis
1689 1623 1776 1677 labris
1798 1625 1877 1678 testi-

123 1703 202 1774 quod
218 1704 374 1774 reprobum
393 1721 399 1758 :
416 1705 482 1776 quia
506 1705 581 1775 qnod
597 1704 738 1775 abjicitur,
754 1710 819 1760 ante
842 1706 974 1775 abjectio·
993 1694 1013 1747 Β
1030 1710 1132 1764 moniis
1147 1710 1321 1781 applaudere
1339 1724 1454 1776 vanum,
1475 1726 1540 1763 cum
1560 1709 1632 1762 scias
1652 1726 1697 1763 me
1722 1711 1793 1781 legis
1816 1727 1874 1765 non
1949 1770 1955 1781 Ι

123 1807 191 1846 nem
208 1792 360 1863 proprium
377 1809 438 1848 esse
451 1793 678 1864 deprehenditur
694 1809 700 1847 :
718 1793 793 1864 quod
811 1793 902 1861 robis,
914 1809 972 1848 non

121 1880 270 1950 gentibus,
285 1881 428 1951 congruit,
448 1885 606 1952 vestraque
626 1881 694 1951 legi,
719 1897 775 1935 non
799 1886 903 1936 nostrae
927 1883 972 1936 in·

119 1968 206 2023 sedit.
222 1968 392 2034 Quisenim‚
408 1985 425 2023 o
442 1969 609 2023 stultissime
627 1969 789 2038 hominnm,
805 1970 844 2023 ile
868 1984 973 2023 cesano

119 2073 171 2111 ore
185 2064 289 2112 contra
303 2074 334 2113 se
358 2058 488 2129 garriens
517 2059 546 2112 in
567 2058 686 2128 pacilico
701 2058 798 2112 animo
827 2074 856 2112 se
878 2058 972 2129 ipsum

115 2145 244 2201 occisit?
262 2147 295 2201 et
319 2146 386 2200 licet
407 2144 513 2200 fetidus
539 2146 629 2200 fetida
660 2145 750 2200 multa
775 2161 854 2200 more
874 2161 972 2216 proca·

112 2236 209 2295 cium.
241 2250 301 2288 nou
330 2234 529 2301 facundorum,
550 2233 715 2305 protuleris,
741 2240 770 2288 et
795 2250 852 2288 non
875 2238 907 2287 nt
931 2234 973 2288 tui

98 2322 255 2393 jactitant
278 2338 330 2393 per
355 2324 585 2393 syllogismorum
615 2328 643 2377 et
666 2338 719 2392 pro
748 2322 972 2376 soloecismorum

109 2411 247 2482 spineta,
272 2412 406 2465 acumina
422 2411 504 2483 quasi
530 2410 679 2482 Chrysippi
692 2410 855 2480 jactareris:
871 2411 973 2464 saltem

105 2500 336 2572 despectibilem
353 2500 447 2555 dicere
469 2516 529 2554 non
553 2499 703 2568 debueras,
728 2515 780 2553 nec
799 2498 884 2553 rilem
906 2514 972 2569 pro-

103 2588 210 2658 ferre,
226 2604 313 2660 quam
337 2589 448 2659 regiam
467 2593 496 2643 et
519 2592 667 2643 tonantem
691 2588 779 2641 oculis
806 2586 971 2658 praevidisti.

108 2677 171 2733 *tel
190 2679 226 2733 de
246 2677 300 2731 boc
313 2677 577 2731 erubesceradebes
593 2691 626 2730 ea
641 2676 723 2730 nobis
745 2675 887 2746 ingerere,
908 2691 973 2746 ques

105 2766 174 2820 tihi
189 2781 251 2820 uon
264 2765 378 2820 nescius
397 2781 427 2820 es
442 2765 599 2819 abundare.
617 2764 805 2819 conculcatur
817 2764 893 2819 enim
921 2764 973 2817 ho-

96 2855 167 2911 die
179 2871 240 2909 non
255 2853 326 2909 fides
350 2870 415 2926 quae
429 2870 530 2925 parum
546 2853 665 2907 existitit
686 2857 793 2916 sancta,
816 2853 865 2907 sed
881 2856 974 2906 restra

99 2944 368 3017 prevaricationis
387 2949 532 3015 portenta,
548 2949 576 2998 et
591 2942 686 2997 omnia
703 2943 774 2999 falsa
789 2943 860 3015 pede
870 2947 970 2997 teron·

98 3040 171 3088 tarr
184 3034 349 3104 figmenta:
372 3037 400 3086 ct
423 3033 512 3087 audes
535 3032 628 3086 dicere
652 3032 739 3086 vilem
767 3047 854 3102 quam
880 3028 973 3100 gloria

99 3123 201 3176 vrdes
225 3121 397 3187 florentem,
426 3121 535 3175 honore
561 3125 732 3187 tumentem,
748 3119 803 3174 lato
828 3119 972 3189 longeque

106 3207 306 3277 fulgentem?
320 3210 351 3263 tn
366 3213 477 3263 tantum
492 3207 570 3262 enim
584 3207 670 3261 bodie
681 3221 752 3276 gens
766 3211 860 3260 vestra
874 3203 972 3276 despi-

110 3297 208 3367 citur,
218 3302 251 3353 ut
264 3298 343 3353 velut
357 3312 486 3369 pannum
500 3301 686 3351 menstruata
696 3311 748 3368 per
767 3310 856 3365 regna
875 3293 973 3348 omnia

117 3386 300 3454 diffametur,
322 3387 362 3440 ita
389 3392 421 3440 ut
446 3402 498 3457 pro
528 3401 633 3455 magno
661 3383 834 3438 contumelio
857 3384 973 3438 tudens

121 3477 189 3545 quis
203 3492 266 3531 esse
280 3476 400 3530 dicatur.
417 3473 499 3538 Quod
516 3489 583 3528 vero
600 3472 692 3542 digito
707 3472 756 3526 Dei
773 3471 825 3526 tibi
841 3470 972 3542 gloriaris

126 3561 219 3635 legem
234 3564 383 3633 scriptam,
395 3562 467 3617 adde
483 3562 505 3615 si
516 3561 558 3614 ris
568 3566 597 3615 et
612 3561 702 3616 multa
713 3558 866 3622 mirabilia,
886 3574 972 3628 quam

130 3665 185 3706 non
198 3652 262 3721 tibi,
277 3652 326 3707 sed
339 3651 468 3724 patribus
488 3649 585 3704 divina
601 3648 666 3703 lecit
679 3647 817 3718 potentia,
832 3662 897 3717 quae
910 3662 972 3701 om·

134 3742 176 3796 nia
188 3739 395 3811 omnipotentis
410 3739 460 3795 Dei
482 3738 537 3794 fuit
559 3737 713 3808 magnalia,
737 3751 795 3789 non
813 3740 972 3789 vestrorum

137 3827 223 3885 insana
236 3828 392 3900 protervia.
410 3828 464 3882 Lex
483 3828 559 3881 enim
578 3825 739 3897 specialiter
749 3825 831 3895 juxta
846 3823 877 3877 in
900 3823 972 3893 lapi-

139 3917 187 3972 deis
211 3918 347 3974 scribitur
374 3917 486 3984 tabulis,
516 3915 585 3986 qnia
607 3913 709 3968 vestris
746 3913 887 3984 praeduris
913 3917 974 3968 erat

141 4006 219 4064 denda
241 4006 417 4080 precordiis.
443 4006 477 4060 Et
492 4009 523 4060 ut
545 4009 653 4059 certum
682 4003 735 4057 tibi
759 4003 805 4068 sit,
830 4002 971 4072 patulum,

142 4098 276 4165 specialem
292 4097 355 4168 ejus
367 4111 483 4151 ornnem
506 4094 626 4148 existere
641 4097 762 4157 textum,
790 4091 839 4146 Dei
868 4091 973 4162 scripta

143 4186 292 4252 predicitur
324 4184 426 4256 digito,
456 4199 514 4254 quo
548 4180 708 4253 expressius
732 4179 854 4251 Spiritus
882 4180 973 4234 sancti

145 4271 290 4344 designetur
309 4273 400 4327 virtus
415 4271 569 4325 vocabulo:
585 4285 644 4322 non
667 4268 744 4321 enim
762 4266 898 4320 membris
920 4283 970 4320 er·
991 4285 1012 4338 ῃ
1029 4284 1093 4322 rum
1112 4273 1138 4321 te
1153 4266 1322 4336 compilasse
1338 4264 1496 4332 volumina,
1513 4280 1545 4318 cx
1559 4280 1680 4335 quorum
1695 4263 1779 4319 hodie
1792 4264 1876 4336 quusi

147 4364 186 4413 stat
197 4361 379 4433 compositus,
397 4367 430 4415 ut
444 4358 565 4414 carnalis
580 4358 642 4428 ejus
657 4357 768 4411 dicatur
792 4355 908 4424 digitus,
925 4354 974 4409 sed

147 4443 231 4514 Spiritu
258 4455 301 4504 est
326 4448 376 4505 liei
399 4448 590 4518 conscriptum
620 4444 760 4515 quidquid
777 4459 828 4513 per
851 4442 974 4511 digitum

149 4541 218 4592 exstat
229 4540 385 4610 signatum.
400 4537 470 4592 Nam
487 4536 510 4589 si
527 4537 620 4606 legem
645 4532 788 4588 carnalem
813 4531 974 4600 intelligere

150 4624 260 4696 volucris,
282 4643 341 4682 uon
366 4627 459 4680 solum
479 4625 536 4679 Deo
560 4622 688 4676 membra
716 4619 845 4685 ascribis,
874 4634 974 4673 verum

151 4711 216 4769 etiam
232 4716 355 4771 similem
372 4715 424 4769 tibi
454 4728 520 4767 eom
542 4709 681 4766 firmabis.
712 4710 745 4764 Et
770 4708 840 4762 dum
868 4705 975 4778 refugis

152 4795 219 4856 bourn
239 4805 334 4859 dicere
358 4801 513 4866 Christum,
537 4814 654 4854 omnem
682 4812 802 4868 prorsus
828 4794 974 4850 bominem

153 4885 474 4962 beoprobabissequum.
497 4889 541 4944 Sic
569 4903 646 4942 emm
662 4886 724 4940 ait.
756 4886 899 4940 Faciamus
928 4883 974 4936 bo-

151 4979 227 5035 minem
240 4981 277 5035 ud
304 4982 451 5048 inopinam
473 4983 499 5033 et
521 4975 729 5032 similitudinem
752 4977 875 5028 nostrum
898 4972 974 5041 (Gen.

151 5066 220 5135 ¹329).
234 5069 286 5134 Oui
304 5068 374 5123 dicit
398 5067 497 5138 utique
513 5066 587 5119 Deus
602 5067 654 5129 est,
676 5061 727 5133 qui
754 5059 878 5114 faciendi
904 5059 976 5129 gerit

149 5153 288 5213 arbitrium.
303 5158 347 5212 Tu
362 5157 447 5211 modo
462 5154 533 5210 mibi
549 5151 690 5223 responde
705 5149 809 5220 quibus
827 5149 903 5204 dicat
930 5151 976 5215 su·

148 5242 241 5314 nomm,
271 5251 299 5301 et
326 5261 448 5317 quorum
477 5246 650 5314 potestatem
688 5237 811 5292 faciendi
837 5235 977 5306 desquirit

174 5388 261 5459 ‘teg
276 5389 378 5459 ptdeles.
452 5390 455 5395 “

173 5459 362 5531 bEptaticum,
387 5457 416 5513 id
442 5461 494 5524 est,
520 5452 757 5526 Heptateuchum,
787 5465 837 5505 seu
867 5452 975 5521 septem

1027 1813 1133 1868 negare
1161 1803 1348 1869 preceptum,
1382 1798 1428 1851 sed
1456 1813 1507 1868 per
1532 1797 1708 1851 intellectum
1738 1813 1875 1853 venerare

1027 1885 1166 1940 divinum.
1184 1886 1317 1955 Nunquid
1340 1901 1393 1955 ego
1417 1884 1520 1939 similis
1550 1884 1592 1939 tui
1612 1901 1686 1949 sum,
1711 1891 1791 1940 ntea
1809 1902 1874 1957 qnae¹

1028 1975 1090 2028 luce
1118 1973 1241 2028 clariora
1267 1975 1403 2039 existunt,
1428 1973 1516 2027 dubia
1542 1973 1643 2027 faciam
1672 1974 1876 2044 praedicando?

1026 2063 1108 2117 Absit
1124 2078 1222 2132 ergon
1238 2079 1294 2128 me,
1310 2063 1405 2134 utqui
1429 2063 1579 2116 veritatem
1596 2066 1668 2127 colo,
1690 2064 1871 2118 mendacium

1027 2153 1139 2223 loquar.
1165 2152 1255 2207 Credo
1269 2151 1345 2205 euim
1372 2152 1448 2222 quod
1472 2153 1517 2206 lex
1544 2167 1602 2205 non
1621 2151 1714 2205 solum
1730 2151 1793 2217 tibi,
1824 2154 1873 2206 sed

1028 2241 1163 2294 omnibus
1189 2246 1231 2294 est
1258 2240 1393 2310 gentibus
1422 2240 1497 2307 data,
1524 2257 1588 2311 quae
1613 2241 1743 2311 decalogi
1768 2240 1873 2295 tabulis

1028 2328 1082 2383 fuit
1110 2329 1225 2382 inserta.
1253 2327 1391 2398 Conspice
1415 2327 1523 2397 primes
1548 2328 1658 2382 tabulas
1683 2335 1776 2383 vestro
1806 2328 1875 2382 vitio

1027 2413 1140 2480 tractas,
1157 2418 1185 2467 et
1204 2411 1333 2483 intellige
1360 2417 1467 2465 vestras
1492 2411 1665 2483 significasse
1681 2412 1806 2467 insanias
1822 2412 1875 2467 fal-

1027 2517 1081 2556 sas.
1104 2501 1158 2565 Qui
1178 2501 1313 2572 primitus
1337 2500 1453 2571 quidem
1477 2500 1569 2567 eiecti,
1594 2500 1663 2553 vitio
1690 2506 1783 2554 restro
1808 2500 1875 2554 estis

1027 2588 1156 2660 projecti.
1183 2593 1295 2656 averte,
1325 2605 1386 2656 oro,
1419 2588 1557 2642 secundas
1586 2588 1699 2642 tabulas
1723 2587 1875 2642 velamini-

1028 2677 1081 2731 bus
1096 2676 1176 2730 vobis
1191 2677 1327 2743 obtectas,
1344 2681 1376 2730 ut
1399 2676 1592 2730 cordavestra
1620 2692 1699 2730 casso
1727 2679 1801 2730 tecta
1826 2692 1874 2731 ve·

1028 2764 1134 2819 lamine
1149 2781 1208 2819 non
1234 2766 1449 2819 illustrarentur
1472 2779 1597 2834 superno
1623 2763 1809 2819 inenarrabili
1828 2764 1873 2820 iu·

1028 2854 1116 2908 mine.
1134 2853 1201 2908 Ideo
1217 2858 1245 2907 et
1262 2855 1369 2922 ldoyses
1392 2852 1517 2906 relatum
1546 2852 1643 2906 retulit
1658 2853 1778 2921 vultum,
1806 2853 1874 2925 quia

1028 2948 1154 2996 vestrum
1165 2940 1307 3012 significat
1321 2941 1497 2995 intellectum
1512 2940 1775 2997 hactenuscaecum.
1792 2942 1873 3006 Quod

1028 3047 1119 3102 usque
1141 3030 1224 3084 hodie
1252 3030 1371 3084 usitatos
1395 3029 1510 3084 ludaice
1536 3028 1637 3096 facitis,
1664 3028 1732 3083 dum
1763 3029 1874 3099 Eptati-

1026 3122 1119 3175 cumb
1143 3120 1237 3173 siricio
1253 3119 1394 3173 velamine
1411 3119 1519 3189 tegitis,
1537 3123 1566 3172 et
1589 3118 1762 3188 legislatoris
1788 3118 1875 3172 verba

1026 3212 1100 3263 tecte
1121 3207 1255 3262 omnihus
1276 3207 1380 3277 legitis.
1397 3208 1462 3276 Ipsa
1477 3223 1543 3260 vero
1566 3205 1731 3260 testimonia
1752 3221 1781 3260 se
1803 3205 1875 3259 inri-

1026 3313 1088 3352 cem
1106 3296 1307 3367 impugnantia
1320 3295 1375 3350 sibi
1399 3299 1442 3349 est
1465 3294 1626 3366 specialiter
1650 3293 1737 3348 tuisse
1753 3295 1872 3365 digesta.

1027 3388 1096 3444 Cone
1117 3401 1150 3439 ne
1178 3386 1347 3439 obliuiscaris
1374 3385 1513 3438 verborum
1551 3398 1611 3453 qua
1636 3382 1763 3437 uiderunt
1792 3386 1872 3452 oculi,

1028 3476 1079 3540 tui,
1101 3479 1125 3528 et
1144 3488 1177 3527 no
1191 3472 1320 3526 occidant
1342 3471 1375 3525 de
1397 3471 1475 3526 corde
1500 3475 1544 3524 tuo
1568 3473 1670 3525 cunctis
1684 3470 1784 3525 ’diebus
1810 3473 1874 3524 otta

1027 3567 1080 3618 tuac
1105 3563 1199 3629 (Dent.
1225 3578 1262 3628 ιν,
1277 3559 1314 3631 o.)
1329 3561 1462 3626 Advorte,
1491 3558 1606 3613 inimice
1622 3568 1632 3593 ⁰
1651 3558 1701 3612 Dei
1718 3559 1831 3625 excelsi,
1847 3563 1876 3612 et

1026 3651 1180 3721 diligenter
1197 3649 1253 3702 vim
1275 3664 1439 3702 sermonum
1456 3648 1604 3702 considera
1621 3664 1627 3701 :
1644 3649 1684 3704 Nc
1706 3648 1875 3702 oblivisceris

1026 3739 1167 3794 uerborum
1196 3753 1256 3806 quac
1287 3737 1415 3791 cederunt
1438 3737 1508 3790 oculi
1536 3739 1586 3790 tui.
1616 3736 1651 3789 Et
1677 3740 1753 3790 certe
1780 3736 1875 3806 potius

1027 3827 1184 3881 audiuntur
1212 3826 1308 3891 verba,
1338 3840 1423 3895 quam
1452 3823 1595 3878 ridentur.
1626 3824 1717 3879 Verba
1740 3826 1816 3878 enim
1840 3824 1874 3878 ad

1026 3931 1121 3983 aures,
1138 3931 1197 3968 non
1213 3914 1247 3968 ad
1272 3913 1369 3968 oculos
1385 3913 1539 3983 pertinent.
1556 3912 1610 3967 Sed
1635 3913 1660 3966 si
1681 3912 1735 3966 scis
1751 3911 1874 3982 qualiter

1026 4004 1080 4059 ista
1102 4003 1245 4069 dicantur,
1274 4017 1404 4073 expone;
1418 4001 1442 4054 si
1469 4005 1565 4055 autem
1584 4000 1686 4068 nescis,
1703 4016 1807 4054 moneo
1834 4005 1873 4061 te.

1026 4109 1093 4146 cara
1114 4092 1189 4163 qnod
1215 4091 1316 4145 nescis.
1332 4091 1386 4145 Sed
1412 4105 1560 4144 assumens
1588 4089 1710 4143 formem
1742 4088 1875 4158 discipuli

1026 4186 1103 4252 pete,
1124 4196 1233 4250 qnaere,
1257 4180 1381 4249 pulsare.
1400 4178 1534 4242 Quamvis
1551 4194 1609 4232 non
1624 4178 1754 4249 ignorem
1775 4177 1873 4233 docto-

1027 4357 1120 4427 lulges
1139 4356 1258 4410 fluente.
1283 4355 1362 4420 Quod
1378 4371 1445 4409 vero
1463 4370 1508 4408 me
1523 4354 1622 4408 audire
1645 4352 1754 4407 cunctis
1774 4353 1875 4408 diebus

1027 4445 1093 4500 vitre
1117 4449 1173 4498 tuas
1200 4460 1230 4497 es
1246 4443 1322 4497 risus
1343 4443 1509 4510 admonere,
1539 4445 1568 4495 et
1594 4441 1675 4511 qnasi
1699 4441 1802 4496 sciolus
1829 4458 1874 4495 ca·

1026 4533 1148 4587 rendam
1185 4532 1256 4586 mihi
1286 4531 1443 4585 cecitatem
1466 4529 1555 4584 oculis
1580 4531 1677 4598 aperte
1708 4529 1874 4600 predicere.

1027 4621 1123 4676 minor
1145 4625 1203 4674 tuae
1218 4618 1399 4689 procacitatis
1418 4617 1561 4671 insaniam
1589 4615 1618 4670 in
1641 4617 1794 4672 momentis
1808 4634 1876 4689 pro·

1028 4713 1104 4762 terre
1119 4707 1276 4772 vesaniam,
1302 4722 1366 4777 quae
1390 4710 1417 4760 te
1440 4721 1497 4758 non
1520 4704 1589 4758 sinit
1613 4709 1689 4759 recta
1714 4706 1832 4774 sentire,
1848 4709 1877 4759 et

1028 4797 1134 4851 calcata
1160 4795 1336 4850 conscientia
1367 4809 1400 4848 ca
1427 4793 1498 4847 mihi
1531 4792 1673 4863 ingerere,
1701 4809 1765 4865 quae
1788 4792 1877 4846 nostri

1028 4885 1081 4940 tibi
1096 4885 1210 4955 tuisque
1226 4883 1329 4938 inesse.
1346 4883 1379 4936 Et
1396 4881 1426 4935 in
1441 4882 1496 4936 hoc
1510 4882 1683 4937 declamator
1704 4881 1756 4935 tibi
1773 4897 1833 4935 esse
1848 4896 1877 4933 es

1028 4973 1120 5041 risus;
1146 4974 1195 5028 sed
1219 4972 1288 5027 audi
1310 4971 1386 5043 quod
1410 4978 1506 5025 noster
1532 4986 1626 5025 sermo
1649 4974 1763 5042 promat
1782 4968 1878 5023 facun-

1030 5064 1093 5126 dus,
1114 5067 1143 5117 et
1164 5061 1321 5116 cecitatem
1345 5064 1422 5114 tuam
1453 5076 1510 5114 uno
1535 5061 1579 5113 rel
1609 5059 1708 5113 saltem
1742 5056 1877 5112 erubesce

1030 5150 1172 5220 exemplo.
1196 5149 1349 5218 Nunquam
1365 5147 1441 5201 enim
1462 5163 1495 5201 cx
1520 5146 1606 5201 corde
1620 5151 1720 5200 nostro
1745 5143 1881 5198 excidunt

1029 5254 1136 5309 magna
1151 5236 1202 5291 Dei
1225 5235 1379 5300 mirabilia,
1396 5251 1459 5306 quae
1484 5234 1541 5305 legi
1556 5238 1668 5288 exstant
1689 5233 1795 5287 inserta
1812 5248 1818 5286 :
1836 5232 1879 5286 rel

1031 5379 1143 5450 priores
1174 5375 1240 5432 libri
1275 5375 1384 5430 Veteris
1414 5374 1609 5429 Testamenti:
1638 5389 1752 5444 nempe,
1777 5374 1880 5430 Penta·

1031 5451 1170 5506 teuchum
1185 5449 1297 5519 Moysis,
1310 5447 1397 5501 libros
1411 5447 1506 5511 tosus,
1524 5450 1553 5499 ct
1565 5443 1706 5499 tudicum.

1066 5530 1076 5555 ⁶
1094 5521 1156 5590 lde,
1175 5520 1275 5575 lvere
1290 5519 1405 5572 trrtmici.
