3930 6098
168 250 219 302 iul

531 242 761 302 utssuurarlo
781 245 814 300 tu
836 245 903 301 tiu.
925 245 970 301 DE
991 245 1154 303 CORPORE
1172 244 1408 301 ur-sauuuutu
1430 243 1561 301 llOllle.

1868 247 1921 304 208

170 386 256 456 Cujus
275 385 328 451 rei,
343 382 438 450 inquit
457 380 632 447 dissertator,
649 384 703 435 tolo
724 382 754 434 in
777 395 855 449 opere
875 381 916 436 ael
938 386 1014 435 tenue
1031 384 1054 434 h
1070 379 1169 433 valuit.
1187 399 1200 427 o
1216 378 1245 434 Si
1260 377 1348 442 enim,
1361 383 1394 433 ul
1407 378 1462 433 sibi
1473 377 1558 449 fingit
1566 378 1733 435 dissertator
1745 381 1919 448 narduinus,

168 459 312 523 vestiarum
327 451 480 522 appareat?
498 451 559 515 Ouo
575 451 641 520 jure
657 451 712 505 sibi
728 452 811 521 fingit
825 453 1014 506 Retramnum

169 543 274 597 negare
296 537 392 592 corpus
412 522 521 574 Christi
541 523 673 576 rnalorum
693 522 817 575 dentibus
838 524 934 591 premi,
955 537 1016 576 cum

170 599 297 653 bonarum
320 592 484 647 solummodo
507 594 614 646 animas
635 592 750 661 pasaut‘l
774 593 817 645 hu
840 593 900 646 vult
920 593 1014 647 dicere

169 670 312 722 banorum
328 669 358 716 et
374 663 515 716 malorum
531 663 711 732 aquabiliter
728 664 839 716 animas
858 679 974 733 pascere
988 668 1016 718 et

169 742 266 806 aperte
281 733 398 788 haeresis
422 734 598 786 contumelia
614 734 780 803 inquinari?
795 736 838 786 dn
861 734 950 787 nescit
972 733 1015 788 di-

169 805 355 878 judicandum
370 819 473 873 corpus
485 804 609 868 Domini,
621 811 716 857 sancte
730 804 937 874 accipiendum,
955 819 1016 858 esse

168 877 256 931 vitam
272 876 355 929 bonis
379 881 561 945 mortemque
578 875 679 927 malis?
696 876 728 928 lta
744 876 793 945 qni
809 874 921 946 indique
941 889 1015 928 rece·

168 950 222 1017 pil,
247 963 322 1001 reum
348 961 403 1000 esse
428 949 547 1015 carparis
568 952 594 998 et
619 948 761 1013 sanguinis
793 947 919 1000 llaminil
943 944 1016 1008 uuio

171 1019 290 1072 attineat
303 1023 413 1070 tautam
437 1017 466 1069 in
493 1016 656 1085 recipienda
681 1016 855 1069 Eucharislia
879 1015 1016 1069 adhibere

170 1089 409 1159 praeparationem
432 1094 461 1140 et
482 1103 546 1140 cum
562 1092 641 1139 tanta
655 1091 755 1156 gratim
769 1089 798 1139 et
813 1086 899 1140 animi
918 1088 1016 1156 prori-

171 1160 251 1214 sione
265 1159 396 1212 accedere
420 1158 454 1210 ad
477 1158 567 1211 altare
590 1157 685 1222 Dei,si
701 1157 884 1227 mquabilitex
907 1157 1017 1210 animas

172 1232 312 1285 bonorum
339 1235 367 1282 et
390 1229 530 1294 malarum
553 1234 662 1298 pascat3
678 1230 721 1281 vel
737 1228 759 1280 si
784 1228 821 1281 sit
844 1243 948 1297 negare
970 1244 1016 1281 re·

172 1314 355 1370 veracorpus
380 1299 484 1353 Christi
508 1300 601 1368 quoad
627 1298 815 1352 substantiam
839 1299 954 1351 amalis
970 1313 1017 1352 re·

171 1373 239 1441 cipi,
253 1387 319 1426 curn
334 1371 478 1423 bursarum
501 1369 680 1423 solummodo
697 1374 794 1439 pastus
819 1373 846 1422 et
868 1371 935 1436 vita,
953 1385 1016 1422 ma-

172 1443 264 1497 lorum
279 1454 357 1494 mors
371 1446 399 1492 et
414 1439 549 1494 interitus
565 1440 678 1492 dicitur.
940 1448 946 1459 ·

206 1513 317 1568 XXXlV.
340 1513 455 1565 Numero
465 1511 580 1579 denique
594 1512 628 1565 28
643 1511 740 1563 similis
755 1509 1016 1578 apparellmprobi·

173 1589 214 1638 tas
224 1598 255 1637 ac
265 1585 395 1645 amaritia,
406 1597 469 1634 nam
481 1581 569 1635 uerbis
580 1582 719 1634 catholicis
731 1583 817 1633 utitur
831 1595 883 1650 quo
893 1583 975 1633 etiam
984 1578 1017 1650 fi·

171 1656 232 1708 dnn
245 1656 352 1722 spirare
363 1651 501 1717 videatur,
516 1666 575 1704 cum
591 1656 679 1704 lamen
688 1650 822 1718 adjuncta
836 1651 928 1704 eudem
942 1666 1017 1704 man·

1069 449 1218 504 llatramni
1243 451 1393 503 sententiae
1417 449 1595 504 subscribere
1618 467 1676 504 non
1699 457 1802 505 renuat
1825 453 1920 507 Calvi·

1070 536 1134 584 uris,
1150 520 1225 574 Seoti
1241 521 1351 591 placitis
1370 536 1497 574 anuvrere
1511 536 1569 592 qua
1588 522 1653 591 jure
1670 523 1831 577 recusabit?
1847 524 1880 577 Et
1896 524 1919 577 si

1070 606 1169 644 revera
1190 591 1221 644 iu
1236 591 1288 644 bac
1312 592 1429 660 negotia
1449 592 1545 645 schola
1569 590 1753 646 Scatistarum
1780 597 1919 648 tuendam

1071 662 1218 715 veritatem
1231 660 1341 731 recipit.
1358 661 1424 730 quis
1435 662 1495 715 lalsi
1507 668 1556 715 aut
1571 663 1712 716 mendacii
1729 664 1920 719 llatramuuru

1070 731 1234 786 accusabit?
1251 732 1310 785 lma
1335 747 1401 785 vera
1424 733 1488 802 quis
1510 749 1543 786 ex
1567 735 1611 786 his
1636 749 1694 787 nou
1714 735 1867 805 intelligat,
1887 743 1918 788 ut

1071 803 1219 856 observavi
1235 803 1265 856 iu
1280 803 1356 856 notis
1369 803 1442 856 nihil
1457 803 1558 857 falsum
1575 805 1666 858 visum
1687 820 1747 858 esse
1763 804 1920 860 listramna

1071 874 1101 926 in
1118 873 1254 943 mysterio
1274 873 1601 928 transsubstantiationis
1624 871 1751 926 αδὸνατον
1769 883 1798 930 et
1818 878 1919 930 absur-

1071 943 1151 1012 dum,
1167 943 1275 1014 quippe
1290 959 1355 996 cum
1371 944 1401 996 in
1414 959 1519 997 manua
1533 949 1561 997 et
1577 961 1652 1015 aqua
1665 945 1700 999 de
1715 951 1795 1015 petra
1812 947 1920 1001 deserti

1070 1015 1310 1080 incarnationem,
1328 1015 1400 1067 sicut
1414 1015 1514 1069 Scalas
1528 1015 1746 1082 Eucharistiarn,
1763 1018 1921 1072 consistere

1071 1085 1198 1156 patuisse
1213 1090 1242 1139 et
1255 1088 1395 1156 quantum
1415 1085 1452 1139 ad
1466 1085 1716 1155 significationem,
1736 1095 1764 1141 et
1779 1094 1920 1158 quantum

1070 1156 1105 1209 ed
1129 1171 1189 1209 rem
1211 1155 1234 1210 si
1257 1156 1400 1209 nilicatarn
1424 1163 1453 1210 et
1473 1162 1648 1222 contentam,
1664 1157 1826 1212 crediderit.
1856 1160 1922 1214 llaec

1071 1224 1188 1297 quidem
1215 1171 1351 1280 adversus
1383 1226 1555 1281 calvinianae
1592 1229 1807 1298 superstitionis
1833 1231 1920 1284 mini·

1071 1304 1161 1351 strum
1176 1297 1337 1368 prolerree
1360 1297 1457 1350 schola
1477 1297 1663 1352 Scatistarum
1688 1299 1861 1368 quibusdam
1879 1301 1919 1355 ri·

1072 1367 1187 1421 debitur
1213 1382 1472 1438 supervacaneum,
1502 1369 1552 1438 qui
1580 1370 1764 1439 opinameuta
1801 1372 1921 1426 loannis

1072 1438 1146 1491 Scati
1168 1439 1331 1492 subtilitates
1355 1438 1428 1492 Saali
1442 1454 1507 1491 cum
1533 1438 1680 1493 Francisco
1696 1440 1845 1495 flabelesio
1869 1459 1920 1513 ap-

1072 1508 1180 1578 pellare
1203 1511 1312 1574 saleut;
1337 1510 1384 1562 sed
1409 1509 1574 1563 meminerit
1602 1512 1694 1563 lector
1723 1526 1768 1565 me
1795 1513 1921 1567 scribere

1071 1579 1207 1632 adversus
1229 1580 1365 1633 lesnitam
1394 1580 1584 1646 llarduinum,
1606 1582 1683 1652 apud
1712 1597 1798 1653 quem
1822 1584 1919 1637 schola

1073 1648 1220 1703 Scatistiaa
1240 1649 1417 1704 rationabilis
1434 1658 1462 1704 el
1477 1650 1638 1720 theologica
1660 1667 1774 1722 semper
1790 1653 1850 1707 visa
1865 1662 1917 1715 est,

170 1741 211 1779 na
227 1730 252 1777 et
267 1738 344 1791 uqrre
359 1722 537 1775 similitudine
557 1723 703 1788 penuiaum
720 1723 833 1775 illarum
845 1737 939 1775 uocum
957 1736 1015 1775 sen-
1037 1720 1107 1781 nsd
1130 1721 1211 1790 eujus
1234 1720 1326 1774 instar
1349 1720 1548 1775 Moliuisticarn
1571 1723 1693 1776 fundare
1708 1729 1737 1777 et
1756 1723 1867 1794 erigere
1883 1727 1917 1779 ah

170 1810 230 1849 sum
244 1798 355 1847 euertat.
375 1792 472 1846 «Sicut
487 1807 559 1858 erpo,
576 1794 677 1860 inquit,
690 1792 772 1861 paula
787 1799 933 1861 certequam
942 1798 1017 1861 pate-

170 1870 255 1930 retur,
270 1866 350 1933 panis
373 1863 553 1916 substantiam
571 1867 596 1918 et
616 1865 675 1916 uini
700 1868 851 1916 creaturam
867 1869 1018 1917 conuertere

169 1938 259 2006 potuit
278 1937 307 1988 in
324 1935 467 2002 proprium
482 1947 579 2002 corpus
600 1934 673 2002 quod
691 1949 837 2001 passurum
852 1939 920 1994 erat.
942 1938 967 1987 el
987 1935 1017 1986 in

170 2023 248 2062 surim
270 2006 429 2070 sanquinem
460 2006 509 2072 qui
531 2008 592 2072 pasl
616 2003 773 2068 irridendus
801 2005 945 2057 restabat:
978 2006 1017 2058 sic

170 2080 252 2132 etiam
268 2079 298 2129 in
322 2077 425 2128 aerato
440 2089 542 2126 marina
560 2080 585 2126 et
608 2089 709 2142 aquam
732 2075 765 2126 de
787 2078 865 2141 petra
885 2077 915 2127 in
937 2089 1016 2128 suam

170 2162 277 2203 carnem
297 2151 321 2200 et
344 2147 504 2212 sanquinem
523 2148 675 2197 conuertere
689 2145 846 2213 prevaluit.
865 2166 875 2191 v
899 2146 944 2198 Au
963 2160 1017 2198 nan

171 2221 234 2274 buia
245 2218 383 2271 sentmtiae
397 2215 547 2269 subscribet
562 2215 634 2268 ultro
649 2216 802 2268 Caluinus?

515 2333 669 2372 Responsio.

205 2430 275 2485 Cum
296 2442 330 2480 eo
355 2425 452 2479 animo
473 2440 533 2478 uon
548 2424 684 2479 scriberet
699 2425 871 2479 llatramuus
894 2430 926 2478 ul
941 2441 1015 2497 prae·

170 2500 291 2555 sentiam
307 2512 402 2551 veram
419 2496 546 2566 carparis
571 2495 674 2550 Christi
695 2496 727 2548 iu
748 2496 923 2549 Ericharistia
948 2513 1014 2565 pro·

172 2574 261 2634 baral,
278 2568 324 2622 cui
348 2583 434 2621 nemo
453 2582 487 2619 ea
501 2572 583 2620 aetate
599 2565 788 2635 repugnabat,
809 2567 858 2620 sed
875 2569 967 2621 solum
984 2567 1015 2622 iu

170 2658 202 2695 ea
217 2641 344 2711 aliquam
362 2637 482 2709 repe-riri
503 2637 634 2707 figuram,
652 2652 738 2707 qnam
754 2637 950 2707 perurgebant
964 2637 1014 2692 ad·

170 2714 298 2775 versarii,
314 2709 364 2779 qui
378 2708 474 2762 amnia
490 2707 519 2760 iu
536 2707 613 2760 edita
627 2713 655 2761 et
670 2712 770 2778 aperta
785 2707 1014 2762 manifestatione

171 2782 293 2836 exterius
307 2791 461 2833 clarescere
476 2777 688 2831 coartendebant
700 2778 761 2830 sine
783 2779 841 2831 ulla
858 2779 951 2848 ligura
965 2783 1014 2832 aut

171 2850 407 2907 adumbratione:
426 2849 531 2902 mirum
546 2865 603 2902 nan
621 2854 663 2902 est
686 2849 873 2902 llatramnum
896 2848 930 2902 ad
947 2865 1012 2919 pra-

170 2923 294 2976 baadam
317 2921 531 2974 conversionem
550 2918 718 2988 simpliciter
731 2918 882 2987 figuratam
899 2935 1012 2973 assum·

171 2995 260 3065 psisse
297 2998 500 3060 argumentum
528 3005 561 3042 ex
589 2990 775 3043 eriuversiane
803 3005 869 3043 vere
899 2995 926 3043 et
957 3006 1013 3044 uua

171 3066 292 3135 liguram
310 3061 502 3120 Eucharistiae.
519 3061 576 3114 Hoc
591 3066 633 3113 est
647 3061 724 3113 euim
740 3060 890 3114 eonsilium
906 3066 935 3114 et
949 3060 1015 3115 ani·
1033 3063 1140 3129 crium
1167 3076 1228 3114 uere
1253 3063 1449 3115 conam-sionem
1475 3063 1534 3130 lteri

171 3151 234 3189 mus
263 3132 421 3196 llalramni,
448 3131 493 3185 cni
518 3131 641 3185 valuisse
663 3130 839 3185 subscribere
865 3132 1014 3186 Calvinum

169 3207 351 3260 vehementer
366 3202 476 3257 dubito.
493 3201 655 3266 Enimvero,
672 3207 817 3272 atcunque
834 3218 878 3255 res
900 3202 946 3271 sit,
962 3203 1015 3257 hac

170 3275 388 3331 ratiocinatione
417 3273 523 3326 ulitur:
550 3272 662 3326 Scilicet
692 3288 756 3325 cum
794 3271 881 3325 dubio
913 3274 1014 3343 procul

171 3348 299 3403 Christus
329 3343 466 3399 llominus
500 3343 626 3412 patuerit
651 3342 840 3395 substantiam
873 3343 955 3412 panis
983 3343 1012 3397 in

169 3417 319 3488 proprium
334 3429 437 3484 corpus
458 3419 623 3466 convertere
638 3417 666 3484 el
689 3413 877 3465 substantiam
902 3412 962 3466 vini
982 3413 1012 3466 in

169 3488 339 3559 sauguinem
355 3485 405 3555 qui
420 3498 472 3553 pro
487 3483 576 3536 salute
592 3481 742 3535 hominum
762 3482 923 3536 continenti
936 3487 1012 3536 tem·

168 3574 238 3629 pore
266 3554 432 3612 landandus
458 3558 533 3620 erat,
561 3552 742 3622 prevaluisse
775 3552 861 3607 etiam
891 3552 1013 3623 figurata

169 3628 356 3683 conversione
371 3625 400 3678 iu
417 3624 528 3678 deserta
544 3635 649 3677 manna
660 3622 689 3674 in
704 3623 854 3692 proprium
870 3636 973 3693 carpus
984 3629 1013 3677 et

170 3715 274 3770 aquarn
292 3701 381 3768 petroe
397 3695 426 3749 iu
449 3694 618 3764 sauguinem
634 3693 798 3748 transferre.
815 3698 851 3748 at
865 3708 932 3747 vero
947 3694 1012 3764 quis

171 3787 186 3824 a
202 3770 317 3825 Calvino
339 3768 398 3821 haec
413 3765 466 3819 sibi
488 3764 613 3835 propitia
628 3763 775 3819 inventum
797 3764 833 3818 iri
847 3765 1011 3834 reputabit?

168 3842 318 3906 l'mterum,
334 3839 399 3891 lieet
414 3836 579 3907 opinionem
593 3850 658 3905 quoe
673 3850 769 3889 veram
785 3834 967 3904 praesentiam
984 3838 1012 3889 et

168 3911 345 3966 existentiam
366 3906 492 3977 carparis
515 3913 544 3960 et
559 3906 706 3975 sanguinis
730 3905 833 3959 Christi
860 3904 889 3958 in
905 3921 1011 3960 manna

167 3987 195 4035 et
207 3986 288 4051 petra
303 3980 407 4033 deserti
428 3975 555 4031 delendit
569 3976 668 4029 lalsam
685 3979 817 4044 reputare
842 3990 899 4028 nan
922 3976 1009 4045 perti·

167 4066 301 4115 mascam,
315 4065 370 4101 nan
384 4047 567 4100 adea-tamen
581 4045 747 4098 incredibile
762 4052 811 4099 aut
827 4044 1010 4116 incogitabile

166 4128 210 4174 est
224 4119 364 4190 placuisse
388 4119 553 4183 Retramno.
578 4115 688 4186 Quippe
708 4131 772 4168 cum
794 4117 918 4170 lriauues
933 4117 1010 4171 uuna

166 4190 276 4258 Scotus,
293 4189 322 4242 in
348 4202 385 4254 rr,
410 4185 592 4240 distinctione
617 4187 658 4252 to,
685 4191 785 4256 quaest.
810 4186 837 4249 4,
860 4187 1009 4242 corollaria

166 4260 223 4315 dua
239 4259 324 4312 abdat
338 4258 373 4311 ab
383 4256 524 4327 ejusmodi
539 4255 675 4326 opinione
689 4271 747 4309 nau
764 4255 918 4311 alieniora:
934 4273 1007 4329 quo-

166 4346 230 4384 rum
253 4331 284 4384 iu
307 4329 402 4399 prima
427 4325 555 4381 delendit
578 4330 643 4380 ante
669 4326 896 4382 incarnationem
924 4328 1008 4383 Verbi

1072 1794 1135 1843 orlu
1152 1792 1211 1845 lere
1226 1806 1277 1844 sno
1290 1791 1456 1845 moliantur.

1107 1861 1202 1916 XXXV.
1225 1864 1262 1916 At
1287 1865 1328 1915 ait
1351 1875 1426 1916 num.
1449 1862 1493 1929 30,
1522 1861 1619 1932 inquit
1645 1863 1822 1930 dissertator,
1849 1881 1915 1936 pag.

1071 1933 1123 1986 lue
1140 1932 1208 1987 edit.
1230 1932 1331 1998 Paris,
1353 1939 1378 1986 el
1398 1935 1450 1987 293
1468 1933 1536 1986 edit.
1564 1937 1692 2001 amaret,
1710 1950 1789 1991 num.
1806 1941 1834 2002 7,
1860 1952 1919 1990 aere

1070 2017 1119 2070 per
1140 2005 1299 2070 mysterium
1313 2018 1411 2070 panem
1426 2008 1451 2056 et
1475 2006 1569 2057 uinum
1583 2007 1612 2057 in
1626 2009 1747 2074 corporis
1762 2011 1787 2061 et
1802 2009 1916 2074 sanam·

1070 2075 1113 2126 nis
1128 2076 1246 2128 conanti
1255 2074 1448 2138 substantiam,
1459 2090 1476 2126 a
1489 2075 1660 2130 credentibus
1674 2077 1813 2131 sumenda.
1828 2078 1918 2143 Quom

1070 2142 1213 2210 inpmiosa
1238 2145 1346 2198 haeresia
1380 2143 1417 2196 ad
1451 2144 1588 2207 tollendas
1614 2153 1714 2201 mentes
1741 2151 1915 2203 mortalium!

1069 2214 1124 2269 Gur
1143 2229 1190 2281 epo
1215 2219 1287 2268 cauit
1311 2217 1352 2267 ita
1366 2214 1511 2280 dilipmler
1530 2231 1563 2269 ne
1583 2220 1659 2270 suini
1681 2217 1839 2272 eradicent
1861 2234 1917 2273 cor-

1066 2292 1142 2352 poris
1165 2286 1267 2341 Gbristi
1280 2285 1484 2340 substantiam?
1499 2286 1554 2341 Gur
1576 2290 1716 2342 sumenda
1739 2290 1851 2358 scripsit
1864 2305 1917 2344 non

1069 2355 1249 2421 sumendam,
1272 2358 1329 2409 nisi
1353 2370 1461 2424 panem,
1485 2364 1533 2410 aut
1561 2359 1655 2412 uinum
1681 2359 1756 2413 haud
1773 2363 1917 2414 immutate

1069 2427 1248 2495 corporaliter
1259 2426 1417 2480 inlelleaitt

1413 2546 1568 2586 desponsio.

1104 2635 1229 2691 Arduum
1243 2639 1287 2690 est
1301 2635 1460 2706 inlelligere
1475 2637 1609 2692 astutiam
1624 2638 1779 2710 ingeniose
1801 2641 1917 2696 haeresis

1068 2707 1104 2761 ad
1114 2707 1252 2761 fallendas
1263 2713 1373 2761 mentes
1385 2707 1536 2763 hominum
1550 2725 1585 2762 ex
1598 2708 1643 2762 his
1658 2710 1768 2766 verbis:
1786 2712 1855 2766 Vere
1868 2729 1918 2782 per

1067 2780 1225 2845 mysterium
1237 2780 1319 2847 panis
1333 2783 1359 2831 et
1371 2780 1465 2832 uinum
1474 2782 1505 2831 in
1519 2783 1640 2848 corporis
1654 2785 1680 2834 et
1693 2785 1838 2850 sanguinis
1856 2799 1917 2838 can·

1067 2852 1210 2902 uelantur
1231 2849 1422 2903 substantiam.
1449 2849 1478 2904 Si
1502 2852 1701 2906 tantummodo
1725 2853 1832 2907 diceret
1861 2854 1916 2909 lla-

1068 2925 1197 2972 lramnns
1217 2934 1268 2988 per
1288 2923 1448 2986 mysterium
1472 2924 1599 2988 converti,
1623 2923 1836 2993 relinqueretur
1861 2925 1916 2979 ali-

1069 2990 1134 3059 quis
1147 2989 1302 3060 suspicioni
1318 2989 1412 3053 lacns;
1428 2990 1476 3044 sed
1491 2992 1515 3044 si
1534 2991 1654 3062 insuper
1667 2993 1742 3047 dicat
1755 3010 1805 3063 per
1819 3002 1917 3063 musle-

1068 3132 1250 3186 iatvicatiaue
1285 3130 1427 3201 ejusmodi
1454 3071 1915 3206 prapo'sitiqoualalihllh’lismplldtehl'l

1069 3202 1141 3266 Quid
1156 3203 1233 3256 enirn
1257 3203 1405 3272 praeselert
1427 3202 1555 3257 doctrina
1574 3203 1704 3258 Ecclesiae
1721 3207 1870 3261 catholicoe
1884 3208 1914 3262 in

1069 3273 1205 3342 mysteria
1221 3272 1560 3341 transsubstantiationis,
1577 3275 1634 3328 nisi
1659 3291 1724 3329 vere
1745 3292 1796 3358 per
1813 3293 1840 3330 m
1862 3282 1917 3333 ste·

1068 3343 1145 3395 rium
1162 3357 1265 3411 panem
1280 3347 1307 3395 et
1321 3342 1421 3396 vinum
1438 3344 1467 3394 in
1483 3359 1597 3398 carnem
1613 3350 1641 3398 et
1653 3362 1819 3416 sangumem
1857 3349 1915 3402 hri·

1068 3412 1102 3465 sti
1118 3413 1256 3475 converti,
1278 3428 1335 3464 uon
1358 3413 1479 3483 ligurale
1504 3419 1624 3475 tantum,
1651 3422 1682 3468 ut
1698 3418 1916 3488 'superstitionis

1068 3481 1239 3536 Calviniauoe
1262 3483 1377 3551 patroni
1407 3497 1520 3537 morose
1548 3492 1578 3538 et
1606 3487 1789 3555 pertinaciter
1815 3489 1915 3544 delen·

1067 3552 1158 3605 dvrut‘?
1174 3551 1214 3606 Xd
1229 3558 1354 3606 mentem
1372 3553 1521 3608 llatramni
1534 3557 1679 3627 conceptis
1692 3559 1786 3612 verbis
1800 3559 1915 3614 locutus

1067 3627 1110 3676 est
1125 3622 1301 3689 Paschasius,
1318 3622 1399 3693 cajus
1424 3623 1510 3678 iidem
1526 3625 1555 3680 iu
1580 3643 1627 3680 sus
1649 3627 1740 3682 icione
1760 3645 1817 3683 nan
1832 3632 1917 3701 pouit

1066 3692 1240 3759 dissertator,
1265 3692 1320 3748 lib.
1350 3695 1385 3748 de
1414 3696 1538 3766 Corpore
1568 3703 1597 3751 et
1624 3645 1768 3770 §anguine
1795 3701 1912 3767 Christi,

1065 3763 1158 3834 capite
1172 3764 1208 3818 4:
1224 3785 1235 3812 ι
1253 3764 1292 3818 lta
1314 3779 1367 3833 per
1387 3767 1520 3820 eumdem
1536 3782 1568 3820 ex
1591 3769 1750 3823 substantia
1775 3772 1856 3841 panis
1880 3787 1915 3826 ac

1065 3835 1125 3888 viui
1139 3835 1255 3905 mystice
1276 3834 1352 3888 idem
1377 3836 1479 3890 Christi
1496 3853 1600 3909 corpus
1623 3843 1651 3893 et
1674 3842 1791 3909 sanguis
1814 3857 1915 3897 cause·

1065 3910 1168 3958 cretur.
1187 3925 1200 3954 »
1215 3905 1255 3958 Et
1274 3909 1366 3976 eapite
1381 3909 1408 3960 lt
1424 3922 1430 3959 :
1449 3908 1547 3972 «Quis
1568 3909 1656 3963 nescit
1674 3925 1738 3963 vere
1757 3913 1835 3982 quad
1850 3929 1915 3967 ear·

1065 3991 1119 4055 pus
1135 3982 1163 4029 et
1177 3975 1293 4045 sangnis
1308 3977 1344 4029 sit
1359 3976 1475 4030 Domini
1496 3980 1652 4033 secundum
1669 3982 1829 4049 veritatem,
1843 3983 1913 4040 licet

1064 4060 1095 4098 ru
1111 4052 1287 4099 sacramenta
1310 4046 1466 4117 accipiatur
1490 4064 1543 4119 per
1564 4049 1692 4104 hdeml»
1710 4055 1740 4106 2⁰
1763 4053 1826 4116 Qua
1845 4056 1912 4122 jure

1064 4120 1124 4169 lam
1152 4115 1278 4170 elllictim
1307 4118 1432 4186 postulat
1458 4117 1625 4174 dissertator
1650 4137 1763 4176 cansam
1793 4131 1914 4195 propter

1064 4202 1151 4256 quam
1176 4187 1348 4241 llatramuns
1377 4197 1436 4241 tam
1466 4189 1619 4259 diligenter
1645 4196 1719 4246 cavit
1745 4209 1780 4247 aa
1803 4194 1913 4250 diceret

1063 4259 1135 4311 sumi
1148 4272 1194 4311 ore
1213 4260 1334 4327 corporis
1354 4259 1458 4314 Christi
1476 4261 1676 4316 substantiam?
1701 4265 1721 4317 Ν
1727 4264 1835 4335 uuqoid
1852 4281 1911 4320 non

1061 4327 1167 4381 latetur
1180 4343 1301 4382 numera
1317 4329 1332 4381 5
1348 4328 1383 4383 de
1405 4330 1458 4383 hoe
1476 4346 1595 4401 corpore
1610 4337 1700 4385 totam
1717 4335 1909 4405 questionem

165 4400 255 4456 divini
280 4398 407 4470 patuisse
429 4413 511 4467 aeque
542 4396 747 4451 Eucharistiam
769 4398 855 4451 luisse
880 4398 953 4454 stavit
980 4404 1009 4454 et
1027 4395 1091 4451 llet
1113 4397 1337 4466 disputationem
1359 4398 1520 4454 institutam
1544 4401 1642 4466 luisse,
1660 4404 1768 4458 scilicet
1787 4406 1824 4459 de
1849 4422 1909 4460 aar

165 4488 250 4539 nuuc,
268 4476 296 4524 et
310 4471 364 4523 bac
395 4474 514 4522 uantum
529 4469 565 4523 ad
575 4467 814 4538 significationem
825 4475 853 4523 et
868 4475 1007 4540 quantum

163 4544 198 4596 ad
222 4558 282 4596 rem
306 4540 379 4611 sigui
403 4543 494 4593 catam
520 4544 549 4592 et
572 4541 746 4593 contentam.
774 4540 809 4594 Et
830 4539 861 4592 iu
882 4541 1007 4595 secundo

163 4612 244 4667 docet
272 4616 335 4684 past
371 4608 598 4664 incarnationem
626 4625 710 4679 posse
747 4609 878 4663 desinere
906 4626 1009 4681 corpus

163 4683 268 4739 Christi
285 4682 401 4736 subesse
416 4679 552 4748 natarali,
568 4685 596 4733 et
608 4684 706 4734 tamen
721 4678 927 4735 Eucharistiam
943 4697 1008 4737 vare

163 4768 320 4815 remanere,
340 4757 367 4805 et
390 4757 530 4822 quantum
548 4751 582 4803 ad
608 4750 757 4804 veritatem
773 4751 857 4819 signi,
873 4755 901 4805 et
916 4767 1007 4822 quan-

162 4829 224 4879 tum
242 4823 277 4877 ad
301 4821 449 4876 raritatem
470 4821 574 4892 signati
595 4825 623 4873 el
645 4821 784 4875 contenti.
809 4820 919 4892 Quippe
941 4839 1007 4878 cum

162 4894 313 4950 existentia
328 4892 379 4947 sub
398 4892 481 4946 modo
497 4891 620 4945 naturali
633 4906 692 4945 uon
707 4890 744 4945 sit
761 4891 795 4944 de
809 4891 933 4946 essentia
946 4893 1006 4947 exi-

161 4966 274 5021 sleutiae
289 4963 341 5018 sub
365 4963 451 5017 moda
462 4961 671 5028 sacramentali,
687 4977 740 5016 uec
762 4962 799 5016 sit
825 4963 886 5033 eJ'us
909 4978 1005 5030 causa,

161 5038 291 5108 adeoque
306 5035 361 5089 ista
383 5050 441 5087 non
459 5032 621 5102 dependeat
644 5035 679 5086 ab
704 5033 762 5098 illa,
778 5033 846 5103 quia
870 5032 941 5087 nihil
962 5032 1007 5087 de·

161 5109 266 5176 pendet
280 5105 315 5160 ab
330 5104 427 5174 aliquo
451 5103 527 5174 quad
551 5111 660 5156 aerest
684 5102 718 5157 de
734 5103 855 5157 essentia
875 5106 938 5172 ejus
953 5119 1005 5158 uec

161 5178 223 5245 ejus
244 5190 347 5232 caiisa:
370 5175 517 5229 enimvero
540 5172 563 5226 si
578 5172 720 5244 ejusmodi
734 5172 920 5241 opinamenta
930 5173 1005 5228 Saati

96 5302 102 5313 ,
160 5247 317 5300 orthodoxe
336 5246 470 5300 videnlur
484 5249 512 5297 et
526 5244 555 5296 iu
573 5244 696 5299 Ecclesia
714 5243 854 5298 catholica
868 5244 1005 5298 tolerabi-

160 5315 208 5380 lia,
244 5317 290 5370 uid
310 5316 415 5371 mirum
439 5319 488 5369 aut
502 5314 628 5368 insolens
642 5313 671 5367 iu
688 5313 842 5368 llatramna
861 5313 1005 5368 videbitur

160 5333 240 5454 quad
252 5386 355 5440 dixerit
369 5401 446 5439 uum.
464 5387 510 5449 28,
525 5383 670 5454 conceptis
684 5381 778 5436 verbis
792 5398 799 5435 :
817 5405 827 5431 ι
844 5381 921 5438 Sicut
934 5398 1003 5455 ergo

158 5455 246 5524 paulo
262 5462 415 5526 autequam
431 5461 588 5527 pateretur,
604 5453 688 5523 panis
702 5452 891 5508 substantiam
906 5457 934 5506 et
944 5453 1003 5508 vini

157 5529 316 5579 creaturam
328 5538 493 5580 convertere
508 5525 600 5594 patuit
611 5525 639 5578 iu
650 5523 799 5594 proprium
810 5539 914 5594 carpus
924 5523 1003 5595 quod

156 5610 310 5665 passurum
326 5601 397 5663 erat,
413 5604 442 5652 et
456 5598 485 5650 in
505 5612 590 5649 sivum
605 5594 775 5663 sanguinem
791 5594 841 5664 qui
856 5599 921 5663 past
936 5595 1001 5649 lun·

155 5666 268 5721 dendus
292 5668 439 5722 exstabat:
469 5665 510 5720 sie
533 5666 620 5720 etiarn
645 5666 674 5719 in
697 5665 811 5719 deserta
844 5679 951 5718 manna
974 5667 1003 5720 et

1062 4484 1132 4539 pora
1151 4469 1255 4523 Christi
1281 4468 1357 4539 quad
1381 4469 1482 4524 lideles
1505 4487 1553 4525 are
1581 4473 1762 4543 percipiunt?
1788 4476 1828 4530 lle
1855 4476 1911 4531 hoa

1063 4554 1182 4608 corpore
1198 4539 1352 4593 consilium
1374 4546 1402 4593 et
1424 4541 1596 4596 sententiam
1612 4544 1758 4598 llatramui
1775 4546 1911 4602 Curatum

1062 4610 1180 4665 Calvum
1192 4612 1371 4679 postulasse:
1388 4632 1398 4659 ι
1416 4610 1495 4675 Quod
1513 4612 1542 4665 in
1568 4614 1690 4680 Ecclesia
1705 4631 1754 4669 are
1778 4617 1910 4674 fidelium

1062 4679 1186 4734 sumitur
1211 4696 1315 4750 eorpus
1339 4686 1368 4734 et
1395 4682 1513 4753 sanguis
1538 4682 1650 4750 Christi,
1676 4686 1780 4756 quaerit
1808 4695 1910 4743 vestrm

1062 4749 1269 4822 magnitudinis
1284 4749 1452 4804 excellentia
1466 4751 1496 4805 iu
1516 4755 1653 4823 mysteria
1666 4755 1716 4810 liat
1731 4772 1769 4810 an
1784 4758 1812 4811 iu
1829 4760 1907 4814 veri-

1061 4825 1154 4875 tate.»
1172 4819 1321 4884 Quodnam
1336 4821 1503 4890 presidium
1528 4823 1581 4877 sibi
1604 4840 1771 4896 comparare
1794 4834 1908 4899 poterat

1061 4890 1233 4945 llatramnos
1254 4906 1288 4944 ex
1313 4894 1406 4944 astute
1429 4896 1458 4944 et
1481 4892 1581 4946 callide
1604 4896 1693 4950 celata
1714 4913 1781 4952 vace
1796 4914 1863 4970 qua
1878 4901 1909 4955 in

1059 4960 1264 5030 expositionem
1288 4961 1442 5032 propositae
1465 4964 1633 5032 quaestionis
1658 4969 1818 5023 necessaria
1845 4977 1910 5026 erat

1058 5029 1208 5102 ingressa?
1223 5032 1286 5085 Non
1300 5031 1383 5085 video
1399 5031 1486 5087 etiam
1496 5034 1567 5104 quid
1581 5036 1700 5090 attineat
1714 5038 1907 5096 llatramnum

1059 5101 1163 5156 dixisse
1184 5102 1324 5169 sumenda,
1354 5103 1399 5155 rel
1422 5104 1591 5172 sumendam,
1619 5123 1685 5162 cum
1713 5110 1743 5163 iu
1768 5113 1907 5168 eumdem

1058 5186 1173 5226 sensum
1197 5186 1310 5242 semper
1333 5171 1472 5227 recidant.
1501 5175 1709 5248 manuscriptus
1737 5180 1825 5235 codex
1853 5185 1907 5238 ho·

1057 5240 1163 5296 biensis
1183 5241 1271 5296 habet
1293 5243 1433 5305 sumenda,
1462 5244 1510 5298 alii
1540 5249 1667 5316 aequales
1693 5251 1737 5304 vel
1766 5268 1908 5321 suppares

1057 5310 1165 5366 habent
1178 5312 1345 5366 sumendam.
1366 5313 1495 5383 Explicet
1517 5315 1607 5384 igitur
1629 5318 1712 5372 nobis
1736 5321 1909 5378 dissertator

1056 5397 1145 5452 quam
1163 5381 1265 5436 uberes
1279 5383 1389 5437 fruetus
1404 5384 1545 5454 percipiat
1564 5403 1598 5441 ex
1619 5389 1725 5443 stillato
1745 5391 1773 5444 iu
1791 5393 1844 5446 has
1857 5394 1909 5449 tri-

1056 5467 1103 5507 cas
1115 5459 1143 5505 et
1156 5452 1328 5506 subtilitates
1344 5456 1485 5511 cerebro?

1091 5521 1200 5578 XXXVI.
1219 5522 1322 5578 Eadem
1337 5527 1379 5580 ais
1394 5527 1474 5580 uerba
1488 5540 1691 5584 manseausuur
1710 5531 1745 5585 ab
1769 5547 1799 5586 ea
1817 5535 1908 5604 affin·

1054 5595 1131 5659 pitur
1143 5608 1217 5647 num.
1233 5593 1280 5648 il.
1298 5613 1312 5644 a
1333 5596 1417 5650 Panis
1439 5599 1488 5665 qui
1506 5597 1629 5665 offertur,
1645 5603 1747 5669 inquit,
1764 5608 1793 5657 in
1807 5620 1910 5676 carpus

1054 5664 1168 5730 Christi,
1183 5664 1248 5718 dum
1271 5668 1467 5735 ammittantur,
1487 5671 1693 5736 transponitur:
1719 5676 1789 5726 narrt
1808 5681 1835 5729 et
1859 5681 1908 5731 vi-

153 5751 259 5808 aquam
270 5738 305 5793 de
319 5743 402 5811 petra
417 5737 449 5793 iu
463 5752 549 5791 suum
563 5735 912 5806 sauguinemcaarertere
927 5751 1000 5806 prm·
1053 5748 1129 5803 num,
1144 5749 1205 5791 cum
1230 5749 1265 5790 ea
1285 5738 1341 5790 aito
1354 5736 1509 5805 deluserit,
1525 5736 1615 5793 divini
1634 5746 1723 5796 larun
1743 5747 1907 5818 sanctifica·
