3930 6098
46 255 49 258 ’
59 251 109 303 221

423 245 651 304 uissehrarlo
669 246 703 302 m
723 245 853 302 1111116
873 244 1033 301 CORPORE
1053 244 1097 302 ΕΤ
1116 245 1291 302 SANGUINE
1311 244 1441 303 ltOilllll.

1759 249 1810 301 122

59 382 103 434 sio
121 383 192 434 certe
201 381 261 449 jam
280 380 444 449 praemonuit
467 380 581 433 antistes
595 378 798 433 illustrissimus
817 379 910 431 Petrus
928 380 950 432 A
966 375 1033 430 anni
1059 376 1137 442 1686,
1163 376 1197 430 ad
1220 393 1307 447 quam
1323 377 1500 432 curationem
1524 378 1691 432 nonlevem
1710 377 1809 440 1661661,

60 451 96 505 de
123 452 227 509 116666,
261 452 291 503 16
324 465 353 503 66
378 451 529 504 1661166616
555 448 628 517 quod
656 450 787 517 impostor
813 450 910 502 recitat

59 524 199 587 6616639,
224 522 278 575 hec
299 521 380 575 aerbo
400 521 488 582 fuisse
506 526 657 589 repatriatu:
676 521 733 574 1166
748 519 825 591 quod
841 535 909 573 6616-

59 593 177 647 lieimus
193 608 296 662 eorpus
310 607 345 646 66
360 591 476 661 Virgine
491 597 543 645 est.

410 694 567 734 meseonem.

99 769 162 823 Nou
177 766 278 822 1616611
293 784 346 822 nec
357 769 487 838 corrupit
499 768 527 822 S.
542 767 726 822 Ambrosium
739 768 912 822 Retramuus

61 855 128 894 cum
144 855 212 893 eum
227 839 323 893 locum
341 855 374 893 66
398 838 482 892 111666.
506 839 543 893 116
568 839 602 892 116
617 839 666 909 qui
692 838 836 908 mysteriis
855 838 913 892 ini·

60 911 183 976 1166166,
201 925 263 980 cap.
284 913 311 975 9,
328 910 357 963 in
373 910 503 964 medium
515 909 645 976 adducit;
663 925 756 980 neque
774 909 910 963 illustris·

61 983 153 1036 simus
166 996 200 1035 aa
221 981 403 1035 doctissimus
421 981 520 1035 Petrus
531 981 566 1035 de
581 981 673 1035 116666
696 996 731 1034 eo
755 981 913 1049 corruptio-

62 1053 107 1107 nis
121 1051 242 1106 crimiuc
258 1067 388 1121 unquam
408 1052 559 1105 accusavit.
577 1052 636 1106 1166
654 1050 818 1117 intelligere
829 1051 912 1106 166116

63 1127 105 1178 661
134 1122 252 1192 exejus
280 1122 402 1192 epistola
431 1123 466 1175 ad
492 1121 631 1176 66166666
661 1122 765 1175 Lucam
793 1121 911 1176 d'Ache·

62 1195 151 1260 rium,
177 1195 269 1248 relata
296 1201 373 1247 tomo
400 1191 599 1264 VSpieilegii.
630 1192 683 1248 Sed
705 1193 837 1247 observat
852 1199 913 1247 tan·

63 1264 215 1318 tommada
239 1264 313 1318 bene
343 1281 375 1317 ac
398 1265 543 1335 sapienter
571 1263 697 1334 potuisse
723 1263 912 1318 116166666666

64 1337 123 1391 16166
136 1335 227 1390 rerba
247 1334 375 1404 ejusdem
400 1335 501 1403 eapitis
524 1334 552 1389 S.
573 1333 736 1390 Ambrosii:
762 1335 817 1390 Hae
841 1334 914 1404 quod

65 1408 221 1475 6661161666
248 1421 346 1474 carpas
370 1421 403 1459 ea
432 1408 545 1474 Virytue
567 1409 617 1472 661,
641 1421 705 1474 qum
731 1404 863 1475 superius
882 1405 913 1459 in

66 1478 167 1531 eadem
201 1476 294 1547 capite
316 1481 479 1542 occurrunt,
506 1475 681 1546 interpositis
704 1476 914 1547 quinquaginta

66 1548 160 1603 lineis.
194 1548 300 1602 Eadem
326 1547 414 1601 verba
439 1547 564 1616 prolerre
589 1550 709 1617 poterat.
738 1546 911 1610 Paschasius,

68 1635 119 1673 uec
132 1624 231 1672 166666
249 1624 402 1690 propterea
417 1617 560 1672 Ambrosii
574 1623 724 1687 corruptor
738 1617 845 1671 audiet.
860 1617 913 1671 Sed

66 1690 90 1743 si
103 1689 182 1744 bona
197 1689 254 1744 1166
269 1705 399 1761 agamus,
414 1705 450 1744 an
467 1694 562 1758 potest
572 1689 636 1758 jure
656 1688 758 1742 merito
776 1690 916 1758 deprava-

66 1760 154 1815 tionis
179 1766 208 1814 61
231 1760 425 1831 corruptionis
450 1759 575 1814 accusari
600 1759 721 1829 scriptor
745 1759 916 1814 eeclesiasti-

66 1848 126 1900 cus,
141 1837 172 1885 et
194 1831 317 1885 crimine
332 1831 515 1901 expunctaris
539 1837 566 1886 et
591 1830 755 1902 impostoris
777 1828 916 1900 postulari

65 1908 186 1982 propter
208 1903 316 1956 omissa
331 1902 463 1972 quaedam
478 1902 567 1955 verbs
585 1902 678 1954 alueo
691 1900 776 1954 citato
793 1900 913 1955 interca·

65 1975 171 2044 pedine
187 1972 401 2043 qninquaginta
416 1973 556 2026 linearum
572 1971 729 2025 distantia?
753 1971 844 2026 Absit.
861 1970 916 2026 Sed

66 2044 89 2098 si
118 2050 305 2114 percontarer
333 2043 369 2097 ab
389 2044 522 2097 omnibus
550 2043 592 2097 rei
613 2041 760 2097 litterariae
784 2041 916 2097 Patribus

66 2115 177 2169 conseri
198 2114 237 2168 tis
267 2114 336 2185 quid
367 2115 405 2168 sit
434 2119 541 2168 1661666
566 2113 690 2168 66616616
719 2129 914 2183 corrumpere,

66 2131 561 2255 66666616666666666666616666
585 2199 684 2238 vacem
709 2200 742 2238 ex
764 2189 842 2237 textu
864 2199 916 2237 66-

66 2271 208 2382 pungere,
232 2261 259 2309 et
274 2257 337 2327 ejus
361 2271 414 2326 ope
432 2270 549 2310 sensum
563 2254 729 2309 hereticum
749 2254 916 2324 666661166-

77 2327 120 2381 ’eo
144 2327 282 2381 inducere
311 2330 340 2381 et
367 2325 476 2380 auctori
505 2326 656 2380 ascribere.
689 2325 834 2395 Ejusmodi
859 2325 915 2379 cri·

67 2398 154 2452 minis
180 2397 313 2468 exempla
328 2397 482 2467 perspiciet
496 2397 583 2450 lector
605 2395 827 2465 amplissimam
849 2397 913 2449 Cot·

66 2468 166 2539 loquio
180 2468 279 2522 critico
294 2468 329 2522 de
354 2467 522 2538 sphalmatis
544 2467 671 2521 virorum
685 2467 714 2520 iu
731 2484 761 2520 re
777 2467 916 2521 litteraria

67 2538 235 2605 illustrium,
260 2539 290 2592 in
315 2538 461 2609 opusculis
487 2538 610 2592 Marcelli
633 2537 774 2606 Ancyrani
798 2553 915 2607 compa·

67 2614 155 2664 ctam.
172 2610 229 2664 Sed
248 2609 364 2663 iuterim
393 2609 601 2663 animadvertat
616 2608 808 2662 dissertatoris
829 2607 915 2662 auda-

67 2681 139 2735 ciam
155 2695 224 2750 pag.
241 2681 300 2744 181,
317 2683 346 2734 16
362 2696 419 2751 qua
434 2680 587 2749 assumptis
601 2678 645 2733 his
660 2678 753 2733 verbis
769 2677 917 2733 1161661661

67 2768 101 2806 66
114 2767 241 2806 6616666
254 2753 307 2804 56:
336 2773 347 2799 ι
368 2751 499 2820 lntellige
521 2750 597 2830 quod
614 2765 671 2803 non
687 2749 717 2803 in
737 2749 841 2821 specie,
866 2749 915 2803 sed

67 2822 96 2876 iu
115 2823 239 2876 veritate
257 2837 362 2890 corpus
391 2828 420 2876 et
439 2836 556 2890 sanguis
585 2819 689 2874 Christi
703 2820 829 2874 existunt
850 2835 916 2890 quae

66 2898 263 2959 cernuntur,u
284 2908 349 2963 quae
363 2908 479 2947 sonsum
495 2891 669 2947 catholicum
686 2895 714 2944 et
729 2890 849 2945 omniuo
866 2907 916 2944 or-

67 2963 223 3018 thodoxum
245 2968 394 3034 praestant,
418 2962 584 3017 dissertator
607 2960 744 3031 expunxit
769 2961 823 3016 1666
848 2972 953 3028 ver-c

67 3033 133 3088 bom
155 3038 314 3102 6666116166,
338 3040 367 3087 61
388 3032 502 3103 scripsit
523 3032 554 3086 in
568 3037 648 3086 testu
673 3032 831 3090 Ratramui.
857 3049 913 3086 cre-

67 3105 179 3171 dmstru,
206 3111 239 3159 ut
256 3104 365 3159 dictum
386 3105 575 3159 116166666666
601 3102 717 3157 haeresis
741 3103 915 3158 Calvinianm

67 3177 187 3231 erimine
215 3175 408 3241 convinceret,
432 3175 473 3228 uti
494 3173 554 3244 jam
579 3173 793 3228 observavimus
817 3174 848 3227 in
868 3190 916 3227 re-

68 3246 222 3318 sponsione
255 3246 289 3301 ad
315 3245 509 3316 objectionem
534 3246 578 3310 39,
608 3261 695 3315 quam
720 3244 765 3298 bic
785 3248 915 3315 repetere

68 3317 249 3373 lastidiosum
265 3322 294 3371 et
307 3332 551 3385 supervacaneum
564 3316 719 3370 videretur.

100 3389 152 3444 tx.
178 3387 264 3459 (Peg.
302 3390 352 3444 193
386 3386 487 3453 Ρ6616.,
517 3391 546 3441 61
574 3388 625 3441 196
658 3385 826 3452 6166616166.)
854 3388 916 3440 lam

70 3462 96 3512 iu
110 3460 268 3527 Aupustiai
280 3458 369 3513 666616
382 3459 458 3513 laud
471 3459 555 3528 poulo
569 3459 662 3512 leuior,
681 3458 751 3513 Num
764 3472 823 3511 cam
838 3457 915 3510 ittae·

69 3534 105 3584 rit
130 3534 245 3584 sauctus
271 3529 364 3585 doctor
389 3532 419 3584 16
442 3544 561 3584 sormam
583 3528 620 3582 66
647 3529 767 3594 infantes
791 3529 916 3596 superius

70 3602 167 3656 allato:
186 3600 352 3671 hlysterium
376 3604 500 3654 vestrum
526 3598 665 3669 accipitis,
691 3599 786 3666 teyisse
808 3598 917 3651 uidetur

71 3671 368 3738 166116-1161666666,
392 3686 467 3726 uum.
491 3673 534 3725 91.
551 3669 714 3740 ldysterium
739 3667 851 3724 Domini
867 3684 916 3721 ac-

72 3743 172 3814 cipitis.
204 3740 260 3812 (Sic
278 3741 479 3796 661661666661
500 3741 643 3796 editiones
655 3739 718 3808 ejus
733 3739 798 3793 libri
814 3754 915 3792 oannes

71 3814 203 3886 aprima,
226 3828 291 3884 qum
311 3828 387 3866 anuo
406 3815 472 3867 1512
487 3811 604 3882 prodiit,
621 3815 725 3880 praeter
741 3815 915 3880 postremam

72 3885 136 3939 anni
160 3882 254 3953 1686.)
279 3883 336 3937 Ν66
360 3899 427 3937 vero
455 3885 513 3937 siae
542 3881 653 3936 coasilia
671 3882 742 3935 huuc
766 3882 918 3948 Aupustiai

72 3959 154 4010 16666
171 3958 212 4009 616
234 3955 419 4022 interpolavit.
435 3955 535 4022 Nempe
549 3958 580 4007 ut
598 3955 690 4007 statim
710 3953 846 4019 colliyeret
864 3967 917 4020 pa·

72 4041 126 4079 6616
153 4029 338 4079 eoruecratum
366 4029 422 4078 tam
447 4039 502 4078 esse
524 4025 681 4089 mysterium
705 4024 811 4077 666166
835 4038 918 4091 quom

73 4101 107 4150 sst
120 4098 282 4163 mysterium
302 4100 435 4160 nostrum,
460 4096 633 4149 1666661166
655 4109 710 4148 6666
733 4091 918 4147 tautummodo

73 4169 176 4232 616666
213 4167 332 4236 corporis
368 4163 505 4221 Dominici
541 4180 624 4235 quom
661 4169 700 4219 est
733 4163 918 4219 1661666666

74 4241 177 4306 sunum
193 4236 328 4292 6661166116
337 4238 443 4307 populi.

414 4339 569 4379 6666661616.

105 4414 146 4469 Ad
161 4415 224 4470 haec
236 4413 411 4486 respondero
426 4413 508 4468 166116
521 4416 574 4481 661,
598 4412 755 4468 editionem
769 4410 917 4466 1161666661

966 447 1078 501 6616616
1095 447 1310 502 anteferendam
1325 463 1397 511 esse,
1421 465 1485 503 cum
1506 449 1667 519 presertim
1690 465 1723 503 66
1739 449 1812 503 anti·

966 535 1023 589 qao
1058 519 1153 572 codice
1184 518 1376 587 manuscripto
1410 520 1641 590 octingentorum
1669 536 1811 574 annorum

966 589 1089 644 abbatiae
1112 588 1259 645 bobiensis
1280 605 1412 659 expressa
1441 591 1487 654 sit,
1511 605 1574 643 cum
1603 606 1672 644 cura
1698 593 1727 644 et
1754 592 1811 644 tide
1893 647 1896 653 ,

966 659 1117 731 singulari.
1134 660 1278 715 Caeterum
1291 659 1314 713 si
1326 661 1555 728 interpolationis
1566 660 1740 715 contumelia
1755 677 1812 714 sor-

966 731 1062 784 descat
1078 731 1249 785 Retramnus
1264 736 1383 800 propter
1400 731 1458 784 haec
1478 730 1562 784 verba
1576 733 1735 802 mysterium
1761 734 1813 786 lto·

965 803 1036 855 mimi
1054 803 1190 871 accipitis,
1211 802 1273 854 loco
1288 801 1409 855 istorum
1434 804 1591 869 mysterium
1605 807 1723 856 oestntm
1737 804 1812 856 ucci-

965 874 1042 942 pitis,
1067 873 1166 927 eadem
1193 873 1336 926 notandus
1362 871 1415 925 erit
1434 873 1461 926 S.
1495 872 1637 941 Fulgentii
1652 888 1745 926 sermo
1762 870 1812 943 qui

965 942 1090 997 occurrit
1114 943 1144 997 in
1164 943 1222 998 1166
1242 944 1371 1014 epistole
1396 941 1432 996 66
1461 941 1635 997 Ferrandum
1660 941 1812 996 diaconum

966 1029 1032 1067 eum
1055 1014 1109 1068 hoc
1133 1014 1266 1078 lectione,
1291 1015 1448 1081 mysterium
1473 1014 1579 1068 966161
1596 1014 1731 1081 accipitis.
1756 1014 1813 1067 lios

987 1088 1147 1152 erspeotum
1170 1085 1277 1139 hahere
1301 1083 1383 1139 166116
1408 1088 1451 1137 est
1479 1099 1512 1137 66
1541 1082 1667 1137 66111666
1692 1098 1812 1152 operum

966 1101 997 1210 B.
1028 1155 1169 1224 Fulgentii
1193 1155 1267 1210 16616
1292 1154 1423 1225 Lugduni
1447 1153 1672 1209 Sebosianorum
1694 1168 1763 1206 cura
1785 1158 1814 1208 et

966 1225 1062 1280 studio
1085 1225 1176 1281 Patris
1197 1226 1272 1281 Thea
1296 1225 1347 1280 hili
1360 1224 1509 1285 1161661661,
1524 1224 1639 1278 16661116
1654 1239 1711 1277 666
1731 1223 1815 1277 iudo-

967 1296 1004 1350 cti
1033 1312 1086 1351 nec
1108 1296 1255 1351 imbecilli.
1273 1242 1326 1352 166
1354 1301 1440 1350 61666
1464 1311 1498 1349 66
1524 1311 1569 1349 res
1591 1295 1637 1360 sit,
1658 1294 1681 1348 si
1710 1298 1815 1365 praeter

968 1367 1165 1422 auctoritatem
1198 1367 1378 1438 antiquitatis
1412 1313 1517 1420 6611616
1543 1365 1733 1436 manuscripti
1758 1364 1815 1418 Lo·

968 1439 1075 1492 hiensis
1092 1438 1197 1509 aliquis
1210 1439 1383 1508 conjecturae
1398 1437 1479 1492 lacus
1495 1437 1569 1490 inter
1583 1437 1659 1489 viros
1674 1437 1815 1490 litteratos

968 1525 1028 1563 esse
1042 1509 1142 1579 possit,
1156 1508 1287 1563 existimo
1303 1509 1399 1579 potius
1414 1507 1568 1578 legendum
1588 1509 1745 1574 mysterium
1766 1521 1815 1560 66-

968 1585 1055 1634 strum
1079 1582 1206 1649 accipitis
1234 1596 1320 1649 quam
1340 1583 1498 1647 mysterium
1526 1581 1641 1643 Domini,
1665 1592 1730 1630 61616
1753 1577 1814 1648 ipse

936 1651 1145 1727 gilstramnus
1179 1649 1255 1703 linea
1282 1650 1424 1720 superiori
1456 1649 1560 1702 dixerit
1587 1651 1747 1718 mysterium
1769 1663 1815 1701 oe·

970 1725 1057 1775 strum
1074 1724 1105 1775 16
1127 1737 1219 1776 66666
1234 1721 1345 1775 Domini
1360 1719 1478 1788 positum
1492 1724 1545 1785 est;
1562 1719 1692 1789 adeoque
1703 1720 1815 1787 justum

970 1792 1062 1872 magis
1075 1791 1188 1846 videtur
1209 1797 1236 1845 et
1250 1807 1366 1861 aequum
1377 1791 1411 1845 da
1426 1791 1483 1845 tide
1500 1790 1649 1844 1161666661
1664 1788 1758 1859 potius
1782 1804 1814 1841 66

970 1866 1089 1933 antiquo
1118 1862 1349 1931 octingentorum
1382 1876 1524 1915 annorum
1556 1859 1651 1913 codice
1687 1858 1815 1928 judicare

970 1948 1058 2003 quam
1094 1948 1128 1986 66
1157 1932 1364 1987 recentioribus
1396 1933 1432 1986 ab
1471 1931 1613 1986 haereticis
1641 1929 1814 1992 hominihus,

969 2003 1070 2074 primis
1084 2002 1171 2072 hujus
1188 2003 1253 2057 libri
1268 2002 1437 2066 editoribus,
1463 2001 1604 2072 corruptis
1622 2003 1650 2054 et
1664 1999 1816 2070 interpola·

969 2074 1015 2128 tis.
1043 2075 1082 2130 m
1110 2074 1221 2145 reliquo
1243 2073 1407 2142 conjectura
1428 2071 1618 2126 dissertatoris
1638 2071 1708 2124 adeo
1730 2070 1816 2123 fallax

970 2150 1023 2210 est,
1038 2150 1070 2200 ut
1085 2160 1144 2198 non
1159 2146 1313 2198 obscurum
1329 2143 1366 2197 sit
1384 2143 1597 2198 dissertatorem
1613 2141 1704 2195 nimio
1716 2145 1816 2195 contra

971 2216 1158 2270 116166666666
1174 2214 1268 2269 616616
1284 2218 1432 2287 obreptum
1449 2213 1545 2268 luisse.

1007 2287 1071 2341 LXl.
1100 2287 1179 2356 (Peg.
1206 2285 1340 2353 ibidem.)
1370 2286 1415 2340 Sis
1445 2299 1555 2339 rursum
1576 2298 1651 2336 666.
1681 2284 1726 2348 33,
1757 2295 1817 2335 666

971 2359 1143 2424 6666611666
1170 2372 1188 2410 6
1213 2357 1291 2410 uobis
1321 2359 1421 2409 citatus
1449 2355 1562 2419 dixerit,
1592 2355 1817 2420 suscitaretque

969 2431 1076 2483 utiliter
1094 2428 1292 2482 recorideudum
1306 2429 1336 2480 16
1350 2429 1480 2480 memoria
1493 2427 1650 2493 mysterium
1669 2423 1815 2491 6161616616,

969 2501 1037 2566 ipse,
1051 2501 1193 2568 reponetis
1213 2496 1396 2566 detractisque
1418 2496 1527 2551 6661666
1542 2495 1648 2550 duabsu
1666 2493 1816 2563 prioribus,

971 2569 1093 2623 tideliter
1126 2569 1341 2623 recondendum
1370 2567 1503 2622 exhibuit.
1536 2567 1602 2632 Qua
1629 2564 1816 2634 interpolatio,
1890 2626 1893 2628 .

971 2642 1079 2694 tametsi
1101 2640 1169 2694 61111
1190 2655 1238 2708 per
1258 2655 1286 2694 se
1307 2640 1373 2694 16611
1391 2641 1478 2707 possit
1490 2637 1587 2698 616661,
1607 2652 1637 2690 66
1653 2641 1740 2689 tamea
1754 2648 1816 2688 666-

970 2712 1032 2765 silio
1044 2715 1084 2764 est
1098 2711 1132 2764 ab
1158 2713 1209 2764 isto
1231 2710 1358 2764 66116116
1372 2715 1403 2763 61
1417 2725 1451 2764 66
1472 2723 1501 2762 eo
1528 2709 1639 2774 oottiyat
1653 2707 1784 2777 mysteria
1798 2718 1816 2757 a

969 2781 1095 2851 16611666
1107 2783 1207 2850 peroyi
1225 2796 1277 2836 sua
1289 2780 1353 2850 1166,
1368 2795 1421 2834 666
1440 2780 1474 2834 ab
1488 2781 1548 2849 ipsa
1569 2781 1620 2834 1166
1644 2780 1674 2832 in
1689 2774 1817 2846 symbolis

970 2853 1158 2922 sanctificatis.

1316 2955 1469 2993 responsio.

1006 3065 1066 3120 Hoc
1079 3063 1261 3133 probandum
1274 3061 1416 3116 incumbit
1426 3061 1614 3128 dissertatori,
1629 3062 1816 3115 Ratramnum

970 3151 1004 3189 eo
1027 3134 1146 3188 consilio
1172 3132 1360 3202 interpolasse
1387 3131 1595 3201 Augustiuum:
1618 3130 1665 3183 sed
1682 3134 1740 3182 tam
1756 3130 1817 3184 leve

969 3211 1118 3276 peccatum
1134 3207 1177 3258 est
1196 3202 1338 3273 ejusmodi
1362 3201 1594 3271 interpolationis
1614 3204 1641 3252 et
1666 3199 1761 3260 futile,
1785 3205 1817 3253 ut

970 3275 1134 3347 pronihilo
1158 3274 1312 3329 habuerint
1332 3272 1500 3339 calviniani,
1523 3286 1575 3325 uec
1596 3271 1652 3324 sibi
1674 3270 1818 3322 ullatenus

969 3346 1145 3417 patrocinari
1169 3345 1404 3399 existimaverint.
1430 3345 1499 3399 Nam
1522 3342 1552 3397 16
1571 3341 1748 3396 editionibus
1763 3340 1816 3393 116-

969 3417 1077 3473 1666661
1106 3432 1229 3487 quarum
1265 3415 1443 3470 6666116666
1469 3413 1606 3478 habuere,
1642 3411 1819 3480 scripserunt

969 3491 1091 3544 suaviter
1105 3493 1187 3557 atque
1212 3488 1320 3540 utiliter
1342 3502 1400 3540 uon
1414 3485 1540 3554 fideliter,
1567 3488 1597 3537 ut
1610 3483 1760 3552 potissime
1777 3481 1819 3536 iu·

970 3561 1113 3630 telligitur
1126 3575 1159 3612 66
1172 3557 1298 3612 66111666
1313 3557 1508 3611 recentissima
1525 3553 1728 3608 Londinilacto
1743 3568 1819 3606 auno

970 3631 1129 3700 16661661.
1146 3633 1174 3683 61
1202 3628 1375 3682 6666111666
1403 3625 1606 3682 6616161Ρ6161
1629 3624 1702 3678 Allia
1718 3623 1818 3693 templi

971 3698 1304 3760 Charentoniimiuistri,
1333 3714 1409 3752 anno
1437 3700 1515 3759 1671,
1540 3701 1568 3749 61
1595 3695 1731 3750 omnihus
1754 3693 1818 3748 aliis

964 3760 1191 3827 ’666661616616
1207 3769 1358 3823 hominum
1375 3767 1595 3837 protestantium
1616 3765 1768 3834 publicatis
1782 3764 1816 3818 ab

971 3859 1047 3897 anno
1065 3843 1142 3895 1532.
1160 3842 1282 3909 Insuper
1301 3839 1325 3891 si
1339 3839 1480 3910 ejcismodi
1507 3838 1710 3906 conjecturam,
1726 3836 1818 3888 levem

972 3912 1156 3985 quantumvis
1173 3916 1201 3965 et
1221 3910 1345 3974 totilam,
1369 3908 1576 3962 contumaciter
1590 3907 1726 3959 tuendam
1750 3905 1819 3958 reci-

972 4000 1039 4055 pere
1051 3984 1120 4037 66111
1134 3983 1309 4047 dissertator,
1327 3980 1440 4051 appello
1457 3979 1491 4033 ad
1507 3993 1621 4032 sensum
1635 3990 1817 4029 communem

972 4057 1098 4110 virorum
1115 4055 1274 4109 doctorum.
1294 4052 1362 4116 Quis
1383 4051 1459 4104 euim
1476 4048 1529 4103 sibi
1549 4048 1722 4118 persuadeat
1736 4061 1818 4116 possa

971 4128 1001 4181 in
1021 4126 1191 4180 memoriam
1214 4129 1342 4178 nostram
1365 4121 1493 4176 revocari
1513 4134 1628 4173 carnem
1645 4117 1748 4173 Christi
1766 4131 1818 4186 pro

972 4199 1063 4252 salute
1091 4196 1241 4249 hominum
1268 4192 1346 4247 cruci
1375 4192 1488 4246 61166666
1519 4193 1640 4244 suaviter
1657 4194 1683 4244 61
1701 4189 1817 4242 utiliter.

972 4269 1001 4324 Si
1011 4284 1068 4322 uon
1082 4268 1208 4336 fideliter,
1225 4271 1253 4319 et
1268 4264 1414 4335 quomodo
1427 4263 1565 4331 1166111661
1582 4261 1683 4315 Sinon
1696 4262 1820 4315 suauiter

972 4346 1001 4394 et
1013 4340 1126 4401 utiliter,
1142 4337 1211 4407 quid
1224 4352 1292 4405 ergo
1307 4335 1362 4388 sihi
1372 4334 1433 4387 vult
1447 4333 1613 4387 dissertator
1626 4331 1681 4385 nisi
1694 4330 1818 4402 quadam
1877 4337 1883 4345 ·

973 4407 1169 4483 1666666166
1183 4423 1217 4462 ex
1232 4406 1345 4478 pumice
1364 4419 1469 4476 aquam
1484 4402 1650 4458 extraheret
