3930 6098
114 303 167 359 teu
661 298 921 356 wsuutteuurl
939 297 1152 356 Pnuutunsts
1171 296 1325 355 uouauur

115 441 178 493 ilica
216 437 249 492 li
267 432 437 491 Pachcmius
453 430 555 503 pridie,
572 431 735 500 Victorque,
750 429 895 503 simulque
912 446 959 485 co·
979 430 1002 485 Α
1103 432 1137 485 25
1157 428 1326 501 Augustino,
1352 431 1434 483 taum
1456 428 1642 484 commendat
1664 395 1761 499 septin

883 517 964 592 [rona

257 610 429 683 splendent,
467 609 514 665 hic
556 607 677 663 eremita
709 612 824 679 potens,
862 607 962 680 illique

842 693 962 768 [cruoris

258 785 443 858 ldartyriique
460 785 547 841 llenm
565 783 640 840 socia
659 783 761 839 virtute
771 784 871 839 secuti.

290 877 324 931 ln
348 875 428 939 Asia,
458 878 547 930 sancti
571 876 695 929 Maniai.
729 874 762 927 ln
797 873 959 937 Mediolano,

331 965 457 1026 Victoris,
474 963 569 1018 Felicis
586 966 612 1016 et
624 963 738 1017 Rustici.

206 1057 236 1109 li
256 1051 410 1108 Pontifices
439 1054 547 1122 septem
576 1049 742 1121 Hesperiam
765 1048 850 1103 simul
865 1049 961 1105 ldibus

832 1135 959 1212 [ornant.

291 1231 324 1284 ln
337 1230 448 1290 Sinniu,
472 1228 566 1282 natale
588 1227 728 1282 Timothei.
753 1226 959 1295 Aupustiduno,

327 1318 420 1373 natale
435 1321 524 1371 sancti
538 1315 655 1385 Proiecti
667 1320 795 1386 episcopi.

205 1409 237 1462 lb
256 1405 386 1475 Septima
407 1404 550 1460 Timothei
574 1420 640 1458 cum
664 1404 740 1459 dena
768 1403 885 1459 nomine
905 1402 960 1457 lul-

892 1490 959 1565 laet.

255 1582 384 1638 Veridica
402 1581 509 1638 Paulus
528 1581 627 1637 docuit
647 1597 733 1654 quem
756 1596 824 1636 voce
848 1580 959 1636 beatus.

290 1673 323 1726 ln
351 1673 472 1733 Eraclia,
504 1672 597 1726 natale
626 1675 783 1726 sanctarum
820 1671 1000 1764 ilpuitini,B

327 1761 436 1815 Herodi
450 1763 476 1814 et
489 1760 612 1816 Paulini.

205 1853 237 1904 Π
256 1848 400 1920 Sertaque
431 1863 497 1903 eum
537 1848 611 1903 dena
645 1848 802 1920 Peregrina
836 1853 960 1918 martyre

839 1937 959 2010 [vernat.

291 2026 323 2080 lu
357 2027 451 2088 Mina,
487 2028 612 2089 Partimi,
649 2027 740 2081 Liberi
770 2030 898 2097 episcopi.
930 2028 961 2081 lu

327 2114 510 2176 Alexandria,
526 2115 694 2183 Serapionis.

206 2204 237 2258 tt
257 2200 392 2268 Quintam
422 2218 489 2257 cum
517 2201 630 2257 decima
668 2206 776 2273 martyr
808 2202 961 2258 Dioscorus

840 2288 958 2363 [implet.

256 2376 318 2448 (llic
332 2377 446 2433 Gemini
458 2377 555 2433 aestivo
565 2377 692 2449 jungunt
706 2395 756 2432 sua
777 2377 870 2434 sidera
885 2379 960 2450 soli.)

206 2467 236 2521 19
257 2465 303 2520 Bis
319 2470 439 2537 septena
456 2465 636 2521 Pudentiana
651 2465 763 2538 virgine
777 2467 875 2522 claret.

291 2554 324 2608 ln
350 2553 532 2616 Aleuandria,
555 2555 648 2610 natale
672 2559 761 2610 sancti
785 2555 873 2611 Arent
900 2557 960 2612 dia·

327 2645 395 2696 coni.
432 2643 465 2696 ln
494 2642 614 2697 Cesarea
654 2644 839 2713 Cappadocia,
868 2647 961 2700 natale

326 2732 415 2784 sancti
427 2731 517 2784 Pauli.

202 2817 236 2873 20
256 2815 327 2872 Cum
340 2816 414 2871 dena
428 2821 536 2871 terram
557 2817 661 2872 retinet
678 2817 817 2890 fulcitque
845 2819 958 2889 Basilia,

256 2904 465 2978 Baudeliusque
480 2905 567 2960 simol
582 2907 728 2962 trabeatus
742 2906 884 2980 sanguine
899 2924 960 2964 ver-

290 3084 326 3137 Et
343 3083 475 3154 depositio
490 3087 586 3140 Fausti
600 3089 727 3156 episcopi.
887 2996 957 3071 [nat.
977 3006 998 3062 C

201 3173 234 3227 ul
256 3169 304 3226 Bis
327 3187 396 3227 sena
419 3173 525 3242 Polius,
544 3174 706 3248 ,Eutychiae
719 3184 732 3210 ⁸
751 3180 838 3249 alque
861 3176 959 3232 Timo·

255 3349 361 3404 Praesul
376 3354 406 3405 et
418 3348 471 3405 hac
499 3353 667 3423 martyrque
684 3354 741 3408 Deo
754 3264 957 3408 valengflzzllllz:

832 3439 957 3513 pandus,

253 3523 346 3596 lugia
357 3528 385 3579 te
401 3523 474 3579 luetis
490 3524 568 3580 ducit
587 3540 639 3597 per
656 3526 762 3598 gaudia
777 3527 861 3584 rotis.

199 3613 234 3668 tt
254 3611 439 3668 Undecimum
464 3614 564 3669 bastin
582 3630 670 3683 sacer,
699 3615 889 3689 AEmiliusque
911 3618 957 3673 di·

824 3702 953 3780 [aarum.

288 3790 325 3844 Et
346 3790 491 3844 translatio
513 3795 634 3860 corporis
657 3795 758 3848 sanctae
778 3794 886 3849 Helena
904 3798 958 3849 oir-

341 3893 405 3933 unas.

199 3967 233 4020 23
254 3894 440 4038 tingznieam
471 3965 582 4022 decima
613 3967 775 4023 Desiderius
797 3975 890 4025 sacrat
909 3987 956 4025 ur·

251 4140 388 4208 Antiates,
417 4147 583 4214 martyrque
608 4143 658 4198 Dei
686 4143 814 4214 galeatus
846 4055 956 4203 unffi

197 4229 233 4282 il
252 4229 427 4283 Donatianus
441 4230 594 4285 Namnetes
608 4247 673 4287 cum
690 4233 851 4304 Bogutiana

254 4316 359 4383 Fratre,
371 4316 420 4387 pio
432 4323 550 4372 exornat
558 4317 626 4373 fidei
636 4321 803 4387 certamine,
815 4338 900 4378 nona.
974 4313 996 4367 Ῑ)

286 4404 319 4458 ln
343 4409 424 4474 porta
451 4406 582 4470 lienum,
611 4410 704 4463 rramle
733 4415 821 4465 saneti
858 4413 955 4468 Vince·

321 4495 370 4547 nii.
396 4493 428 4548 ln
456 4493 554 4549 Galliis
585 4500 693 4552 deitate
720 4500 871 4563 Nantuatis,
903 4517 954 4556 ua·

322 4582 376 4635 tale
398 4587 555 4638 sanctarum
581 4588 730 4641 Donatiaui
751 4591 777 4642 et
797 4589 952 4657 liupatiani.

197 4669 231 4722 25
249 4667 354 4725 Octava
384 4669 516 4726 Urbanus
537 4673 706 4729 meritorum
730 4680 879 4731 stemmate
898 4677 953 4732 lul·

250 4845 343 4902 lniula
368 4863 465 4919 quenn
497 4849 628 4906 doctrina
653 4851 751 4918 simul,
779 4761 952 4932 sangpiffidtd

284 5023 446 5088 Mediolano,
487 5026 620 5096 depositio
659 5030 784 5097 Itionpsii
822 4939 950 5101 epligcaovpl

1105 609 1139 661 ub
1160 604 1259 661 melea
1274 621 1332 677 quo
1354 603 1481 660 retinent
1500 604 1661 677 anglorum
1678 602 1761 659 millia

1159 693 1300 765 Principe,
1335 709 1392 765 quo
1431 693 1576 749 Christum
1609 692 1711 749 domiti
1748 709 1762 747 s

1104 871 1249 926 arturius
1270 871 1339 926 hinc
1359 877 1470 926 sextum
1494 871 1576 926 miles
1591 779 1760 941 merendune:

1193 1049 1225 1102 ln
1247 1048 1430 1111 Alexandria,
1460 1049 1553 1102 natale
1582 1051 1738 1102 sartctarum

1229 1139 1280 1192 lini
1290 1138 1455 1207 presbyteri,
1471 1138 1614 1205 Euaupelii

1104 1229 1139 1282 ‘28
1158 1225 1262 1291 Ortinta
1274 1225 1375 1282 Parisii
1390 1226 1564 1281 Germanum
1580 1223 1664 1279 turba
1677 1224 1761 1296 frequ

1158 1315 1230 1369 Tum
1245 1329 1361 1387 quaque
1376 1312 1543 1384 pontificem
1558 1312 1683 1367 celebrat
1697 1326 1749 1365 sua

1712 1401 1761 1454 loa

1103 1494 1139 1546 29
1159 1491 1310 1547 Maximine
1335 1490 1388 1546 tihi
1404 1494 1507 1562 quarto
1520 1490 1618 1546 Trevir
1639 1398 1761 1544 alta[coi

1192 1600 1227 1653 Et
1242 1599 1376 1669 depositio
1390 1602 1478 1652 sancti
1491 1599 1606 1651 Muciani
1618 1599 1748 1666 episcopi.

1103 1689 1137 1745 30
1151 1685 1263 1742 ‘lartius
1288 1685 1444 1749 Hucberto,
1472 1701 1547 1755 papa
1568 1689 1596 1738 et
1623 1684 1712 1739 Felice
1735 1683 1761 1739 di

1191 1795 1225 1848 la
1245 1793 1403 1856 Antiochia,
1427 1794 1520 1847 natale
1541 1796 1698 1848 sauctorum
1722 1792 1761 1847 Sir

1228 1882 1318 1944 latini,
1352 1885 1400 1948 qui
1420 1882 1508 1936 multa
1535 1885 1668 1935 tannenta
1688 1895 1761 1950 pass

1104 1972 1133 2025 tt
1154 1970 1226 2024 Tum
1254 1969 1348 2041 pridie
1381 1970 1540 2026 Petronilla
1557 1970 1635 2025 Petri
1663 1971 1698 2025 de
1732 1984 1761 2041 ga

1158 2149 1276 2220 Fulgida
1298 2149 1378 2220 virgo
1407 2149 1502 2213 micat,
1538 2147 1641 2203 Christi
1666 2147 1761 2203 trabea

1156 2325 1285 2393 Cautius,
1300 2329 1329 2380 et
1341 2325 1497 2381 Gentianus
1512 2341 1577 2380 cum
1593 2235 1761 2383 centranegis

1157 2415 1312 2471 Collucent.
1339 2415 1443 2470 llaium
1467 2415 1528 2470 hec
1553 2413 1692 2469 claudunt
1722 2413 1761 2468 sol

1708 2500 1761 2575 [me

1191 2611 1290 2674 Rasna,
1329 2614 1374 2664 uia
1408 2610 1533 2672 Aurelia,
1574 2611 1667 2664 natale
1705 2624 1761 2664 san

1226 2700 1348 2753 Processi
1363 2703 1389 2753 et
1402 2701 1574 2753 Martiniani.

1371 2890 1503 2946 lUNlUS.

1154 3051 1255 3107 lunius
1288 3051 1469 3123 imbrifugo⁰
1509 3050 1615 3105 aestatis
1641 3051 1694 3106 sub
1730 3067 1761 3107 ca

1153 3230 1272 3301 Templa
1294 3229 1399 3303 quibus
1422 3229 1494 3284 festa
1523 3229 1599 3285 velet
1632 3229 1668 3284 de
1693 3137 1761 3285 larg:

1737 3315 1761 3391 [n

1013 3410 1075 3462 Dies
1114 3410 1123 3461 l
1145 3406 1231 3461 lunia
1244 3405 1326 3477 origo
1343 3409 1426 3460 tuum
1449 3404 1575 3461 sustollit
1598 3405 1626 3459 in
1643 3409 1719 3460 astra
1735 3407 1761 3460 ni

1154 3494 1313 3566 Pamphile,
1332 3493 1465 3566 huncque
1482 3493 1559 3549 diem
1573 3495 1677 3550 festum
1697 3493 1761 3549 Nic<

1715 3583 1761 3655 [ad

1188 3692 1253 3747 Kal.
1276 3694 1354 3746 lunii
1375 3691 1510 3746 dedicatio
1537 3694 1626 3745 sancti
1647 3692 1761 3747 Nicome

1223 3781 1311 3834 sancti
1330 3779 1447 3835 Claudii.

1154 3887 1211 3941 llac
1228 3897 1371 3957 quoquae
1396 3888 1511 3939 sanctus
1533 3883 1699 3939 conscendit
1722 3882 1759 3939 ad

1719 3971 1761 4045 [lo

1099 4061 1295 4118 ullarcelline
1324 4077 1413 4130 sacer,
1454 4063 1536 4117 Patre
1570 4065 1599 4115 et
1625 4060 1761 4117 exorcista

1758 4156 1761 4199 t

1152 4238 1239 4293 Nonis
1277 4252 1462 4293 communem
1490 4236 1666 4309 dignamque
1694 4147 1761 4292 titel

1152 4414 1341 4487 lugdunique
1366 4413 1415 4484 pio
1433 4414 1573 4470 Blandina
1592 4417 1710 4468 vocatur
1737 4324 1761 4468 h[‹

1150 4502 1397 4575 Quadragenaque
1420 4503 1504 4557 simul
1531 4504 1608 4557 clara
1630 4507 1761 4574 octonaqi

1757 4608 1761 4642 Ι

1150 4682 1220 4736 Cum
1241 4680 1324 4752 plebe
1348 4680 1483 4736 devenitc
1505 4678 1688 4751 tlammisque
1713 4589 1761 4734 αἱ

1114 4860 1129 4913 3
1149 4856 1318 4928 pergentius
1332 4857 1401 4912 item
1417 4855 1644 4928 Laurentiusqne
1663 4765 1761 4911 απαξ

1148 4945 1181 5000 Et
1205 4945 1319 5016 generis
1347 4949 1443 5000 ternas
1477 4944 1593 5016 gemino
1622 4944 1736 5015 fulgore

140 5202 326 5284 *damalius
349 5202 381 5258 ln
407 5202 505 5259 codice
531 5204 631 5275 Regio,
660 5206 821 5275 liutplticus.
844 5207 877 5263 ln
903 5225 950 5264 eo·
1007 5226 1064 5265 non
1084 5210 1190 5281 inepte.
1208 5210 1241 5265 ln
1257 5211 1357 5267 eodem
1374 5216 1402 5266 et
1416 5211 1447 5266 in
1466 5211 1557 5283 Bigot.
1574 5210 1654 5266 deest
1662 5225 1761 5266 verens

105 5269 182 5339 dem,
198 5280 272 5327 etin
288 5274 349 5344 Big.
366 5273 472 5329 desunt
494 5290 593 5330 versus
607 5276 663 5330 duo
688 5277 738 5349 qui
760 5278 888 5349 proxime
907 5295 951 5335 se·
1006 5286 1075 5350 tyris
1087 5281 1221 5348 luneque,
1237 5288 1291 5338 etc.

104 5347 241 5410 quentin.

1039 5354 1123 5408 ellac
1136 5368 1251 5420 quoquc.
1274 5353 1356 5410 Hunc
1379 5368 1504 5419 versam,
1523 5353 1573 5426 qni
1588 5369 1603 5406 a
1618 5351 1712 5423 priori
1726 5353 1761 5410 cd

139 5411 267 5468 leristi
282 5416 439 5482 trabeaque.
458 5414 503 5472 Sic
516 5416 598 5472 codd.
616 5417 686 5489 Reg.
701 5423 729 5473 et
744 5418 854 5546 mim*
870 5420 950 5493 prior
1003 5421 1094 5489 abest,
1110 5423 1295 5492 ascripsimus
1310 5440 1342 5479 ex
1358 5424 1454 5479 codice
1470 5424 1562 5495 Rigot.

104 5479 203 5543 editio,
227 5482 328 5540 Christi
349 5486 475 5541 trabeata
490 5485 592 5546 maore.
621 5488 759 5544 nimirum
803 5491 946 5547 etronilla.

1039 5492 1131 5548 ·cum
1141 5494 1221 5563 plebe
1240 5495 1356 5551 deueait.
1373 5497 1406 5552 ln
1430 5495 1520 5567 Regio
1544 5494 1642 5550 codice
1653 5496 1683 5548 et
1701 5492 1761 5552 inl

138 5553 262 5608 tlunius
289 5555 450 5624 imbrisupo.
479 5557 513 5612 ln
542 5558 641 5614 codice
668 5560 759 5631 regio,
778 5561 946 5630 wnbrittapo.
1003 5579 1064 5619 nen
1075 5563 1155 5634 plebe
1169 5569 1254 5621 neait.
