3930 6098
117 279 171 333 989
722 276 825 333 LIBER
845 279 891 336 DE
912 279 1040 339 TRIBUS
1059 280 1246 338 urtsroms.
1817 287 1869 340 990

152 417 194 470 De
216 413 343 485 prefatis
365 418 461 467 autem
485 414 614 485 quinque
638 413 797 479 sententiis,
823 430 894 485 quas
915 414 959 469 rel
979 414 1121 471 Ahumili
1147 416 1283 471 exaltasse
1304 421 1333 471 et
1355 432 1389 472 ex
1404 418 1484 471 arida
1505 417 1685 473 frondentem
1701 419 1810 484 fecisse,
1827 421 1868 476 ita

114 502 287 573 predicasse
310 501 424 570 dicitur,
449 503 493 556 vel
520 502 606 557 etiam
628 503 657 556 in
678 502 815 565 conciliis,
838 503 889 557 nbi
911 519 965 557 au·
1019 504 1134 559 dicens:
1152 525 1167 555 r
1182 506 1214 559 Et
1238 504 1327 560 scient
1350 507 1447 560 omnia
1465 506 1544 577 ligna
1566 507 1702 577 regionis,
1719 509 1787 580 qnia
1811 525 1865 580 ego

115 591 240 646 diendus
260 607 292 645 ac
316 590 514 665 dijudicandus
537 590 678 645 admissus
703 598 744 646 est
769 592 963 664 proposuisse,
1019 592 1158 647 Dominus
1192 593 1341 648 humiliavi
1378 595 1488 665 lignum
1524 595 1656 661 sublime,
1685 601 1713 649 et
1745 595 1866 650 exaltavi

115 695 148 733 ac
170 679 332 746 defendere,
350 695 382 734 ac
402 679 572 734 confirmare
587 679 710 734 voluisse
725 681 871 745 asseritur,
894 680 963 750 quid
1019 680 1130 751 lignum
1147 680 1274 735 humile:
1292 687 1320 735 et
1339 683 1439 736 siccavi
1461 684 1570 754 lignum
1587 684 1676 738 viride
1691 688 1719 737 et
1732 683 1865 739 frondere

115 772 222 823 nostre
246 768 398 837 pusillitati
414 768 495 839 juxta
517 769 657 823 rationem
678 785 752 823 vere
770 769 846 834 fidei,
869 769 965 823 divina
1019 768 1070 823 ieci
1099 770 1210 839 lignum
1245 770 1372 837 aridum;
1402 790 1417 822 u
1446 777 1474 825 et
1500 773 1636 826 continno
1669 773 1863 842 subjungens:

114 856 276 926 inspirante
291 856 408 926 pietate,
433 856 574 925 videatur,
591 873 649 911 non
664 858 806 928 precipiti
821 863 850 912 et
862 858 965 911 incon·
1021 877 1032 906 ι
1055 859 1113 926 Ego
1128 858 1265 911 Dominus
1276 858 1387 912 locutus
1399 875 1461 913 suni
1472 865 1499 912 el
1513 860 1567 914 teri
1582 863 1686 929 (Erech.
1700 877 1765 923 xvir,
1779 862 1863 926 24).»

113 945 240 1000 sidereis
263 945 447 1001 festinatione
469 949 577 1000 temere
596 946 704 1017 aliquid
729 946 872 1001 credimus
893 945 962 1001 deli-
1017 945 1047 998 ld
1058 950 1099 998 est
1113 946 1189 1015 quod
1202 960 1351 1000 nunosum
1363 962 1414 1016 per
1429 949 1598 1017 prophetam
1612 949 1733 1012 loeutus,
1750 949 1863 1018 etquod

114 1033 266 1100 niendum,
288 1035 336 1089 sed
354 1035 433 1088 omni
451 1051 519 1088 cura
532 1034 657 1104 pietatis,
675 1035 855 1088 devotissimo
868 1035 963 1088 studio
1017 1032 1094 1102 apud
1112 1033 1242 1087 homines
1257 1034 1351 1088 adbuc
1368 1052 1430 1088 sum
1443 1037 1578 1103 facturus,
1595 1037 1625 1089 in
1636 1041 1742 1090 eterno
1754 1037 1862 1108 prede·

112 1119 295 1176 inveniende
323 1139 355 1177 ac
376 1123 507 1177 tenende
532 1123 657 1177 veritatis
680 1122 805 1178 fideliter
829 1139 962 1194 qneren·
1018 1120 1169 1175 stinatione
1182 1120 1242 1190 jam
1264 1121 1334 1188 ieci:
1352 1122 1481 1188 videlicet
1502 1127 1657 1193 utrumque
1681 1124 1717 1193 (id
1733 1130 1784 1185 est)
1811 1122 1863 1176 mi·

113 1209 194 1277 dum,
218 1213 246 1264 et
269 1211 455 1282 pulsandum,
471 1216 556 1282 atque
576 1210 755 1282 petendum:
781 1217 813 1266 ut
836 1228 893 1265 non
909 1212 962 1266 hu·
1017 1209 1212 1275 sericordiam,
1234 1213 1262 1262 et
1282 1208 1423 1278 judicium
1440 1224 1541 1278 suum;
1568 1216 1596 1265 ct
1617 1210 1690 1263 sicut
1711 1211 1864 1281 Apostolus

113 1314 202 1354 mano
224 1315 332 1368 errore,
361 1302 439 1371 quod
468 1300 548 1356 nobis
569 1300 693 1366 videtur,
716 1300 765 1354 sed
794 1301 871 1371 quod
901 1300 963 1370 ipsa
1018 1298 1126 1364 dicit·
1153 1298 1312 1352 bonitatem
1336 1299 1685 1354 etseveritatemusuam
1705 1298 1736 1352 in
1758 1299 1863 1353 utrius·

111 1387 218 1441 veritas
240 1389 408 1456 ostenderit,
432 1394 543 1442 remota
556 1389 635 1442 omni
650 1389 832 1443 animositate
847 1394 876 1443 et
891 1406 963 1444 con·
1017 1402 1073 1457 que
1088 1387 1188 1457 populi
1204 1388 1247 1441 vel
1263 1387 1434 1456 deiectione,
1450 1388 1492 1440 vel
1509 1387 1680 1441 exaltatione
1691 1388 1864 1442 eternaliter

112 1476 254 1543 tentione,
270 1477 393 1531 fideliter
408 1483 493 1548 atque
511 1477 686 1531 unanimiter
700 1493 864 1548 sequamur.
882 1479 961 1543 Quod
1016 1476 1220 1546 predestinata
1235 1476 1396 1537 ostendens,
1411 1476 1492 1529 illum
1504 1476 1582 1546 justo
1592 1474 1702 1545 judicio
1719 1476 1863 1544 humiliat,

112 1566 154 1630 ut,
173 1563 346 1634 inquantum
369 1567 426 1620 Deo
448 1566 600 1636 adjuvaute
623 1582 784 1636 possumus,
809 1566 964 1636 diligenter
1017 1569 1046 1618 et
1069 1564 1202 1617 arefacit:
1234 1564 1311 1618 bunc
1336 1569 1431 1617 autem
1459 1563 1584 1632 gratuita
1613 1561 1807 1616 misericordia
1833 1561 1863 1615 in

112 1656 142 1705 et
164 1650 292 1707 fideliter
314 1654 402 1724 possit
425 1653 497 1715 lieri.
521 1655 592 1709 illud
608 1656 701 1724 primo
720 1654 751 1708 in
777 1655 840 1708 loco
856 1671 963 1725 ponen-
1017 1652 1122 1707 secula
1136 1652 1241 1706 exaltat
1262 1658 1290 1704 et
1310 1652 1401 1704 virere
1425 1651 1500 1704 iacit.
1521 1649 1600 1715 {Quid
1615 1664 1683 1719 ergo
1705 1648 1864 1703 evidentius

112 1739 193 1807 durn,
219 1746 248 1795 et
261 1740 468 1808 vehementius,
485 1748 571 1813 prout
586 1759 662 1796 nnnc
675 1743 840 1813 pusillitatis
857 1750 962 1798 nostre
983 1712 1046 1793 Bet
1067 1737 1220 1793 dilucidius
1245 1737 1279 1791 de
1296 1737 1447 1808 utriusque
1462 1736 1560 1808 partis,
1575 1736 1605 1790 id
1621 1740 1663 1790 est
1683 1740 1742 1790 tam
1758 1735 1862 1789 electo-

112 1829 262 1883 memorie
277 1831 563 1899 occurritcrcdimus,
577 1832 849 1896 commendandum,
867 1854 881 1883 e
897 1849 962 1903 sep·
1017 1843 1081 1881 rum
1103 1842 1190 1898 qnam
1216 1827 1404 1896 reproborum
1421 1825 1671 1896 predestinatione
1696 1825 1787 1895 queri
1811 1839 1863 1894 po·

111 1920 172 1971 tem
187 1917 326 1986 quedam
342 1935 403 1972 esse
421 1921 533 1990 regulas
548 1918 616 1974 fidei
630 1939 644 1970 u
662 1936 695 1974 ex
708 1921 871 1976 divinarum
887 1922 961 1976 Scri-
1016 1916 1091 1970 test?
1117 1917 1188 1970 Cum
1219 1921 1247 1970 et
1272 1916 1359 1969 unios
1386 1931 1437 1985 per
1461 1914 1661 1968 infidelitatem
1685 1912 1812 1977 ariditas,
1834 1916 1861 1966 et

111 2011 264 2077 pturarum
280 2008 449 2062 auctoritate
465 2009 639 2074 evenientes,
666 2015 694 2063 et
714 2027 731 2063 a
754 2011 857 2065 sanctis
877 2015 961 2082 atque
1017 2005 1133 2058 alterius
1169 2020 1221 2074 per
1253 2004 1341 2059 fldem
1375 2003 1504 2057 viriditas
1534 2008 1642 2056 eterno
1673 2001 1722 2056 Dei
1748 2000 1860 2073 jndicio

112 2091 282 2146 orthodoxis
305 2094 435 2148 Patribus
448 2095 666 2165 diligentissime
682 2096 903 2162 commendatas,
927 2098 962 2151 da
1016 2092 1047 2146 iu
1079 2097 1187 2146 eterna
1218 2092 1279 2162 ejus
1311 2092 1563 2162 predestinatione
1596 2091 1757 2145 declaratur
1786 2104 1861 2160 pre·

110 2180 293 2251 prescientia
307 2181 414 2236 scilicet
428 2182 717 2253 etpredestinatione
732 2184 836 2250 divina,
852 2201 923 2257 quas
934 2191 962 2241 et
1016 2181 1165 2236 destinata.
1203 2181 1269 2234 Tale
1298 2186 1342 2234 est
1378 2186 1406 2234 et
1433 2181 1504 2234 illud
1529 2179 1604 2250 apud
1636 2179 1769 2233 eumdem
1799 2178 1863 2232 lize-

110 2267 272 2324 catholicus
288 2270 410 2340 quisque
426 2267 591 2325 fidelissime
613 2277 711 2326 tenere
724 2272 836 2340 debent,
852 2279 881 2327 et
896 2273 960 2343 qni·
1015 2269 1088 2324 chiel
1104 2269 1274 2340 prophetam
1290 2274 1428 2340 quantum
1444 2270 1477 2322 ad
1494 2273 1604 2339 partem
1621 2268 1744 2338 pertinet
1759 2282 1862 2337 repro-

110 2372 225 2427 cunque
256 2356 300 2411 his
332 2358 475 2412 contraria
505 2359 579 2429 sapit
601 2376 660 2414 non
684 2359 822 2415 catholice
855 2361 961 2415 sentire
1015 2358 1129 2426 borum,
1154 2357 1204 2412 nbi
1224 2357 1354 2412 omnium
1371 2357 1526 2426 irnpiarum
1542 2359 1682 2428 gentium,
1706 2362 1735 2411 et
1752 2355 1861 2426 populo

109 2444 325 2516 comprobetur.
1016 2446 1066 2500 Dei
1089 2446 1284 2511 inimicarum,
1308 2446 1336 2501 id
1359 2451 1402 2499 est
1420 2462 1609 2516 paganorum,
1632 2446 1809 2506 iudeorum,
1834 2448 1863 2498 ct

448 2517 561 2573 CAPUT
589 2519 622 2573 Π·
1015 2535 1228 2598 hereticorum,
1249 2539 1277 2588 et
1304 2534 1425 2587 maxime
1449 2533 1623 2596 antichristi,
1651 2537 1679 2586 et
1694 2546 1795 2586 eornm
1810 2529 1862 2600 qui

428 2622 533 2661 mm
554 2624 643 2661 ΡΜ·
1015 2639 1081 2677 cum
1105 2623 1154 2677 ilio
1171 2622 1322 2677 Ecclesiam
1341 2622 1391 2677 Dei
1412 2622 1589 2692 persecuturi
1604 2625 1672 2674 sunt
1692 2620 1745 2674 suh
1768 2619 1861 2689 figora

181 2713 356 2767 Prescientiu
369 2717 395 2767 et
407 2713 612 2782 praedestinatio
628 2717 674 2769 Dei
692 2717 891 2785 sempiternoet
1015 2713 1075 2782 Gog
1098 2714 1125 2765 et
1150 2711 1251 2782 Magog
1277 2717 1401 2765 eternus
1425 2710 1636 2781 praenuntiatur
1659 2708 1810 2762 interitus:
1834 2709 1861 2760 et

415 2785 653 2839 iucommutabilis.
1015 2801 1112 2853 statim
1127 2799 1267 2870 propheta
1290 2799 1447 2869 subjungit,
1471 2799 1616 2853 dicens:«
1638 2798 1706 2851 Ecce
1729 2795 1817 2863 venit,
1832 2798 1861 2848 et

147 2888 256 2942 Harum
272 2903 341 2959 ergo
351 2888 662 2958 primaestutomnino
673 2890 836 2946 firmissime
847 2909 879 2946 ac
892 2893 961 2947 iide-
1014 2886 1121 2942 lactum
1136 2891 1188 2950 est,
1211 2886 1250 2940 ait
1274 2886 1412 2941 Dominus
1437 2888 1511 2940 Dens
1535 2886 1649 2953 (Erech.
1674 2899 1764 2949 xxxix,
1788 2882 1856 2952 tlt.»

110 2974 220 3029 tissime
243 2981 420 3031 teneamus·
448 2979 516 3048 quia
535 2978 718 3049 omnipotens
740 2981 815 3034 Deus
839 2980 909 3034 nihil
926 2997 960 3034 ex
981 2976 1043 3063 cid
1059 2974 1191 3044 estquod
1213 2975 1291 3044 apud
1313 2975 1445 3029 homines
1466 2979 1524 3028 tam
1541 2975 1627 3044 longo
1642 2977 1708 3042 post
1729 2977 1859 3041 tempore

110 3067 243 3133 tempore
265 3066 424 3136 prescierit
455 3067 499 3121 vel
522 3067 788 3138 predestinaverit:
812 3070 860 3123 sed
887 3069 960 3123 sicut
1014 3067 1234 3129 estveuturum,
1262 3065 1292 3115 et
1314 3062 1565 3132 quodtamlongo
1589 3065 1797 3131 posttempore
1817 3061 1860 3111 est

109 3151 173 3221 ipse
187 3153 295 3224 absque
306 3154 365 3208 ullo
380 3153 463 3209 initio
473 3160 596 3210 eternus
612 3162 641 3210 et
651 3155 894 3211 incommutabilis
905 3162 958 3226 est,
1012 3152 1154 3221 luterum,
1175 3153 1251 3223 apud
1276 3168 1322 3206 me
1344 3152 1376 3205 in
1392 3157 1500 3205 eterna
1521 3148 1784 3221 predestinatione,
1801 3161 1859 3200 non

108 3239 150 3294 ita
168 3245 196 3295 et
211 3242 272 3312 ejus
288 3243 477 3313 prescientia,
494 3260 526 3298 ac
545 3244 757 3316 praedestinatio
772 3245 957 3315 sempiterna,
1012 3242 1105 3296 adhuc
1120 3247 1271 3295 venturum
1287 3245 1339 3307 est,
1355 3240 1403 3293 sed
1416 3240 1478 3309 jam
1498 3239 1586 3304 venit,
1609 3253 1661 3292 nec
1676 3238 1769 3291 adhuc
1784 3236 1859 3290 futu-

107 3333 198 3400 atque
226 3331 470 3386 incommutabilis
491 3332 539 3387 sit.
566 3353 577 3381 s
609 3333 692 3386 Nolle
711 3332 789 3386 enim
812 3334 959 3387 Deonova
1011 3345 1075 3383 rum
1099 3334 1150 3394 est,
1174 3330 1224 3384 sed
1246 3331 1305 3399 jam
1326 3329 1500 3396 factumest,
1527 3328 1581 3382 hoc
1604 3332 1633 3381 et
1656 3324 1806 3381 Psalmista
1826 3323 1858 3378 in

106 3418 253 3485 voluntas,
288 3419 399 3475 nullom
436 3436 544 3474 novum
575 3421 738 3489 consilium,
769 3421 849 3475 nulla
885 3437 958 3492 nova
1012 3423 1163 3486 utramque
1179 3423 1289 3489 partem
1310 3424 1338 3471 et
1352 3418 1508 3471 electorum
1524 3415 1657 3470 videlicet
1671 3418 1700 3468 et
1720 3413 1857 3484 reprobo·

106 3505 269 3576 dispositio,
285 3508 397 3562 nullum
412 3524 519 3563 novum
533 3509 685 3579 judicium,
702 3509 784 3580 qnasi
797 3526 831 3564 ex
846 3515 956 3565 eterno
1011 3523 1085 3573 rum,
1101 3507 1131 3560 id
1146 3513 1187 3561 est
1201 3511 1309 3560 eterno
1325 3507 1375 3561 Dei
1388 3506 1507 3578 judicio,
1521 3510 1549 3559 et
1564 3505 1629 3559 illos
1645 3502 1855 3570 misericordie,

106 3593 185 3665 apud
207 3592 301 3664 ipsum
326 3602 355 3650 ct
374 3595 483 3667 inipso
508 3613 566 3650 non
584 3597 680 3664 fuerit,
702 3597 751 3652 sed
772 3598 957 3667 postmodum
1011 3599 1040 3648 et
1056 3594 1123 3648 istos
1136 3594 1290 3665 perditioni
1305 3593 1697 3666 predestinatosostendens,
1714 3591 1857 3661 distincte,

106 3696 169 3735 esse
190 3681 316 3751 ceperit.
343 3684 420 3738 Nihil
436 3701 559 3756 namque
576 3686 638 3756 ejns
660 3686 802 3740 divinitati
819 3691 859 3740 est
883 3686 956 3740 acci·
1010 3687 1039 3736 et
1051 3683 1201 3737 manifeste
1225 3684 1259 3737 de
1285 3684 1381 3736 electis
1397 3683 1486 3737 dicit:
1509 3703 1520 3728 s
1548 3681 1740 3737 Misericordia
1760 3685 1858 3736 autem

105 3769 190 3837 deus,
208 3768 280 3823 nihil
304 3757 335 3824 in
358 3771 419 3841 ejus
434 3771 540 3826 deitate
556 3777 649 3842 potest
663 3772 776 3843 augeri,
792 3773 835 3826 vel
854 3772 955 3839 minoi,
1011 3771 1126 3825 Domini
1139 3771 1174 3825 ab
1189 3775 1306 3836 eterno,
1318 3776 1346 3824 et
1355 3787 1446 3842 usque
1457 3771 1487 3824 in
1496 3776 1635 3825 eternum
1652 3785 1739 3840 super
1752 3770 1858 3824 timen-

106 3857 288 3911 autmutari.
316 3858 348 3912 nt
368 3858 433 3912 ideo
459 3859 599 3930 quidquid
614 3861 766 3931 prescivit,
784 3862 958 3915 eternaliter
1009 3865 1052 3913 tes
1066 3875 1133 3913 erim
1150 3859 1234 3928 (Psoi.
1256 3876 1303 3927 cu,
1327 3860 1417 3928 l7);»
1443 3859 1477 3912 de
1494 3857 1624 3928 reprobis
1636 3875 1722 3913 vero:
1748 3858 1857 3922 «Quo-

106 3944 264 4016 prescivit3
296 3945 438 4016 quidquid
474 3948 699 4016 predestinavit,
733 3950 832 4020 procul
867 3950 955 4004 dubio
1010 3949 1088 4002 niam
1109 3947 1362 4019 quielongantse,
1379 3947 1528 4018 iniquitate
1544 3947 1692 4017 peribnut;
1708 3945 1859 4016 perdidisti

107 4035 285 4088 eternaliter
305 4035 529 4106 predestinavit.
556 4037 599 4091 Ad
623 4038 697 4091 hanc
712 4038 799 4092 iidem
814 4054 865 4092 nos
880 4038 954 4093 Scri·
1010 4053 1121 4106 omnes,
1147 4040 1196 4108 qui
1211 4037 1455 4091 fornicanturahs
1480 4040 1508 4090 te
1533 4036 1624 4107 (Pscl.
1650 4051 1734 4103 nxxu,
1758 4035 1814 4093 iil.
1841 4056 1855 4084 »

106 4126 194 4192 ptura
208 4122 310 4177 Sancta
323 4123 439 4178 instruit
453 4128 538 4196 atque
554 4125 700 4193 informat,
717 4126 831 4180 diceus:
850 4145 863 4176 u
883 4127 956 4181 Deus
1009 4127 1039 4179 ld
1057 4131 1099 4180 est
1115 4147 1127 4174 ι
1145 4126 1195 4196 qni
1209 4126 1345 4196 elongant
1366 4142 1395 4180 se
1418 4126 1521 4194 abste,
1540 4147 1551 4174 ι
1573 4131 1714 4196 quantum
1728 4125 1764 4179 ad
1779 4124 1856 4194 ipsos

106 4214 225 4276 eterne,
242 4209 291 4282 qui
306 4213 484 4266 occultorum
505 4228 536 4267 es
561 4214 700 4283 coguitor,
721 4215 771 4285 qni
800 4199 874 4268 nost'i
890 4229 955 4267 om-
1009 4213 1144 4282 pertinet,
1160 4214 1253 4269 adhuc
1267 4230 1320 4268 suo
1337 4218 1477 4284 tempore,
1495 4214 1624 4268 videlicet
1639 4218 1766 4268 extremo
1778 4211 1857 4283 judi·

106 4297 155 4353 nia
172 4304 328 4369 antequam
344 4301 415 4354 liant
433 4301 513 4372 (Dan.
535 4318 594 4368 ιιιι,
621 4301 675 4372 42).
699 4323 710 4350 n
736 4303 770 4356 Et
785 4301 845 4372 ipse
861 4303 953 4356 omni·
975 4302 1054 4359 Dcio
1074 4301 1220 4372 peribunt.
1244 4302 1388 4366 Quantum
1403 4306 1499 4356 autem
1515 4303 1551 4356 ad
1575 4300 1856 4372 predestinationem

105 4390 210 4455 potens
223 4385 297 4440 Deus
312 4402 378 4441 cum
394 4388 428 4441 de
444 4403 473 4441 se
487 4388 551 4458 ipso
572 4392 692 4442 testatur
712 4392 741 4441 et
754 4388 840 4442 dicit:
857 4409 871 4438 s
897 4390 955 4460 Ego
1010 4390 1110 4444 eterni
1127 4391 1229 4459 judicii
1250 4392 1304 4458 tui,
1320 4396 1351 4446 tu
1377 4406 1424 4444 eos
1440 4392 1501 4460 jam
1516 4391 1673 4461 perdidisti.
1697 4389 1777 4444 Hanc
1799 4388 1857 4445 im·

104 4471 185 4526 enim
202 4473 350 4541 Dominus,
367 4480 396 4529 et
409 4490 467 4529 nou
482 4481 579 4530 mutor
597 4476 671 4545 (illul.
693 4493 733 4544 ιιι,
750 4477 789 4544 6).
806 4498 817 4525 s
837 4478 869 4530 Et
884 4476 957 4531 hanc
1011 4477 1199 4532 mobilitatem
1222 4479 1335 4533 consilii
1350 4484 1379 4533 et
1400 4479 1500 4549 judicii
1515 4479 1606 4534 divini
1621 4480 1702 4533 docet
1716 4495 1767 4533 nos
1781 4479 1858 4549 Apo·

104 4560 368 4632 predestinationis
383 4579 440 4616 sue
456 4564 648 4618 eternitatem
664 4563 819 4618 etiamalio
834 4566 957 4635 locoper
1010 4566 1100 4619 stolus
1115 4565 1287 4635 intelligere,
1311 4566 1358 4620 ubi
1370 4567 1568 4636 juramentum
1589 4568 1639 4622 Dei
1654 4560 1855 4639 interponitur.

103 4649 280 4721 prophetam
295 4651 431 4717 ostendit,
448 4651 563 4706 dicens:
584 4671 598 4703 ιι
616 4653 674 4723 Ego
690 4653 830 4706 Dominus
846 4655 956 4707 locutus
1010 4654 1088 4709 Sicut
1103 4653 1175 4708 illud
1200 4658 1241 4708 est
1260 4655 1338 4725 quod
1358 4655 1393 4709 de
1417 4656 1582 4710 heredibus
1596 4657 1663 4711 tidei
1685 4656 1803 4712 Abrahe
1822 4653 1858 4709 ad

106 4735 498 4807 snm,etfeci(Ezcch.xvrr,
515 4737 572 4807 24),
590 4758 603 4790 a
621 4739 648 4793 id
666 4739 800 4810 estquod
818 4755 957 4810 uuncper
1009 4742 1107 4814 ipsum
1138 4742 1283 4797 Abraham
1316 4743 1427 4814 jurasse
1464 4760 1531 4798 enm
1566 4745 1709 4817 explanat,
1745 4743 1856 4799 dicens:

104 4823 278 4894 prophetam
303 4845 317 4874 e
344 4825 455 4880 locutus
471 4842 546 4888 snm,
562 4849 576 4874 ιι
602 4827 687 4898 longe
704 4832 802 4898 postea
816 4844 868 4882 suo
884 4832 956 4883 tem·
1013 4852 1024 4879 ‹
1046 4831 1169 4886 Abrahe
1186 4847 1311 4902 namque
1324 4832 1495 4903 promittens
1511 4834 1594 4899 Dens,
1614 4833 1749 4903 quoniam
1761 4832 1856 4886 nemi·

107 4926 177 4981 pore
190 4910 332 4966 iacturum
347 4913 378 4967 in
390 4929 437 4968 mc
449 4915 709 4984 predestinationis
724 4915 884 4970 eternitate
894 4918 956 4986 jarn
1010 4934 1076 4972 nem
1102 4917 1214 4985 habuit,
1240 4935 1292 4989 per
1324 4936 1410 4992 quem
1437 4922 1549 4991 juraret
1575 4923 1724 4991 majorem,
1750 4921 1859 4991 juravit

108 4997 203 5066 sicci,
225 5021 240 5049 »
267 5016 320 5055 nec
335 5003 411 5072 apud
427 5018 473 5056 me
497 5002 589 5057 adhuc
612 5010 793 5075 exspectatur
815 5005 954 5070 futurum,
1010 5021 1062 5076 per
1091 5005 1430 5078 semetipsum,·dicens:
1457 5011 1518 5064 Nisi
1544 5009 1716 5065 benedicens
1738 5008 1857 5063 benedi-

104 5087 185 5158 quod
204 5087 235 5141 in
252 5104 315 5142 rnea
334 5089 477 5144 immobili
492 5090 680 5160 dispositione
696 5098 809 5147 constat
821 5109 881 5146 esse
894 5093 954 5163 jam
1010 5109 1073 5148 cam
1088 5095 1141 5149 tihi
1163 5099 1191 5148 et
1207 5097 1402 5168 multiplicans
1424 5099 1622 5167 multiplicabo
1646 5097 1801 5165 te‘l'fflcbr.
1818 5113 1856 5161 rr,

102 5174 223 5230 ectum.
242 5177 277 5231 Ut
291 5180 388 5231 autem
409 5177 465 5232 hoc
479 5180 665 5250 omnipotens
680 5182 754 5235 Deus
770 5181 887 5246 diceret,
904 5198 957 5253 per
1012 5184 1055 5249 13,
1082 5184 1128 5252 ¹43
1154 5184 1219 5240 Gerr.
1243 5200 1308 5253 xxu,
1335 5189 1377 5250 le,
1395 5187 1449 5257 17.)
1475 5207 1488 5236 »
1515 5187 1549 5240 lit
1573 5186 1659 5256 paulo
1685 5190 1763 5256 post:
1790 5206 1802 5235 ι
1825 5185 1858 5240 Ιιι

103 5262 279 5333 prophetam
293 5265 474 5335 premiserat
498 5284 582 5338 supro
600 5269 817 5324 similitudinem
833 5271 956 5325 duarum
1010 5287 1067 5342 quo
1095 5273 1299 5341 abundantius,
1330 5275 1434 5345 inquit,
1466 5276 1564 5329 volens
1599 5276 1673 5330 Deus
1707 5273 1856 5329 ostendere

103 5349 253 5417 arborum,
267 5351 297 5406 in
312 5352 657 5426 ligurescilicetdnornm
672 5358 856 5428 populorum,
872 5359 957 5413 idest
1009 5360 1226 5430 pollicitationis
1271 5363 1433 5417 heredibus
1471 5363 1702 5419 immobilitatem
1747 5362 1857 5420 consilii

103 5438 271 5494 iudeorum
295 5446 323 5496 et
346 5442 494 5514 gentium:
520 5460 643 5515 quarum
668 5461 754 5499 unam
778 5461 807 5499 se
830 5445 898 5500 dicit
922 5464 955 5501 ex
1009 5448 1053 5503 sui
1082 5448 1255 5521 interposuit
1272 5451 1473 5523 jusjurandum
1500 5457 1530 5507 ut
1556 5468 1607 5523 per
1629 5453 1700 5506 duas
1724 5468 1781 5519 res,
1792 5453 1856 5524 qui.

106 5526 225 5582 sublimi
246 5528 413 5586 humiliasse
428 5537 456 5586 et
478 5548 513 5587 ex
537 5532 624 5591 viridi
636 5533 764 5600 siccasse,
779 5534 900 5594 alterurn
921 5551 955 5591 ex
1009 5537 1062 5592 bus
1076 5537 1256 5610 impossihile
1271 5542 1316 5595 est
1336 5539 1452 5599 mentiri
1469 5541 1570 5609 Deum,
1584 5540 1771 5606 fortissimum
1788 5543 1858 5606 solas
