3930 6098
63 231 112 280 lli

426 226 653 286 ulssntlrtrlo
674 229 707 285 ΙΝ
727 228 792 285 tls.
815 227 860 284 DE
878 227 1045 287 CORPORE
1065 229 1109 285 ET
1127 228 1301 288 sanamur:
1321 229 1449 288 uoulnl.

1764 239 1814 290 {78

58 354 209 426 conceptis
222 354 316 409 verbis
330 354 405 411 dicat
417 369 497 409 num.
516 358 568 411 15:
585 378 600 406 a
614 325 841 429 'compelluntur
855 375 909 413 ne·
928 361 950 414 ll
967 358 1073 414 lramni
1091 359 1170 413 nulla
1184 358 1290 415 hahere
1315 361 1580 417 dissimilitudinem
1604 380 1620 417 a
1642 365 1715 420 libro
1729 366 1814 421 ioan·
1835 329 1837 332 Ι

58 435 128 497 gare
145 441 250 496 carpus
269 442 330 480 esse
344 427 571 497 sanguinemque
596 427 710 490 Christi,
733 430 810 499 quod
831 432 910 485 neiss

59 505 104 550 est
121 512 180 550 non
203 501 296 551 selum
313 498 418 563 dicere,
439 514 538 552 reruni
560 500 645 552 eiiam
660 500 796 570 cogitare.
812 520 826 551 u
843 505 910 566 Qum

58 584 124 621 cum
140 568 182 621 ita
201 570 268 628 siat,
284 571 346 622 luce
364 568 524 623 meridiana
549 570 654 623 clarius
677 578 787 624 constat
803 572 908 626 librum

56 640 180 692 ioannis
196 638 283 702 Scoti,
299 640 335 693 de
356 655 414 711 qno
432 641 607 694 mentionem
630 641 698 696 l'acit
719 643 867 696 ascelinus
880 644 909 697 in

58 711 180 780 epistola
208 710 244 764 ad
269 709 484 780 Bereugarium,
513 713 680 783 neutiquam
721 714 824 767 debere
861 714 910 768 lla·

57 785 174 860 tramae
200 780 314 848 ascribi,
336 782 386 836 sed
414 797 466 836 suo
490 782 601 837 auctari
623 783 726 837 loanni
750 784 910 855 scotigenae

58 859 189 905 resutm.

92 924 140 989 Ar,
157 921 254 994 inquit
274 921 452 988 dissertator,
480 938 546 995 quae
569 923 599 979 iu
614 923 688 978 libro
701 925 818 979 ioannis
834 925 909 980 Scoti

58 1004 227 1060 occurrunt,
255 993 373 1047 totidem
402 994 517 1065 syllabis
540 995 680 1075 exscripta
707 1003 859 1049 recurrunt
879 997 909 1051 ia

59 1063 134 1118 libro
149 1063 310 1133 Retramni,
336 1079 415 1118 num.
432 1066 477 1132 88,
492 1068 526 1119 ut
547 1081 580 1119 ar
595 1068 716 1135 epistula
730 1067 854 1120 Ascelini
869 1066 910 1120 in-

59 1135 192 1206 telligere
213 1133 296 1188 facile
310 1140 367 1191 est:
386 1155 400 1185 a
416 1136 473 1190 lloc
487 1140 594 1202 auteun
611 1137 717 1191 scilicet
733 1152 827 1215 neque
845 1154 909 1192 rere

58 1221 165 1277 corpas
190 1221 284 1276 neque
310 1206 480 1277 sanguinem
507 1223 578 1274 esse,
607 1212 734 1262 astruere
758 1207 860 1262 nititur
875 1225 909 1263 ex

59 1282 227 1330 sanctorum
246 1277 363 1332 Petrum
386 1277 531 1347 opusculis
554 1293 619 1348 quoe
644 1278 769 1350 exponit,
785 1294 909 1350 quorum

59 1347 140 1401 illam
166 1347 258 1401 sancti
275 1347 404 1418 Gregorii
418 1349 579 1402 orationem
608 1349 656 1403 hie
679 1350 815 1404 adnotare
830 1350 908 1405 sulli-

58 1420 133 1472 ciat:
151 1421 299 1486 Perpetem
313 1420 343 1473 in
360 1418 438 1473 nabis
462 1425 521 1483 tna,
546 1423 665 1487 Domine,
687 1436 849 1489 quesumus,
864 1436 908 1475 sa-

58 1494 200 1543 cramenta
212 1489 285 1559 quod
310 1491 458 1556 continent,
475 1495 576 1558 atquae
594 1506 665 1544 nurse
690 1494 777 1560 specie
791 1495 909 1558 periurus

58 1575 152 1614 rerum
166 1563 283 1614 uer-irate
304 1562 454 1629 capiamus.
471 1559 562 1624 (liram
574 1563 743 1630 explanando
759 1563 909 1631 pradictus

59 1631 187 1684 ioannes
205 1630 282 1684 inter
303 1636 406 1685 caetera
421 1637 525 1685 nostrae
541 1632 609 1686 lidei
630 1633 771 1687 contraria
785 1648 791 1686 ε
807 1634 908 1701 Specie,

964 431 1009 485 nis
1032 429 1120 496 Secti,
1149 430 1256 511 quippe
1282 447 1347 486 cum
1372 434 1485 488 eosdem
1514 436 1611 490 Patres
1640 437 1813 493 Hatramnus

964 501 1099 571 proferat,
1126 503 1234 556 scilicet
1250 502 1454 573 angustinum,
1478 505 1685 577 Hieronymum
1701 515 1729 560 et
1744 511 1812 562 lirar-

964 573 1103 627 brosiuru.
1130 573 1217 627 Addit
1240 574 1327 626 etium
1358 574 1509 643 Erigeuanr
1533 577 1608 630 inter
1635 580 1812 634 adversarios

963 642 1104 698 Paschasii
1121 659 1267 697 recensere
1286 644 1472 699 llatramnum
1487 663 1493 699 :
1510 650 1557 701 sed
1575 649 1642 718 quid
1660 649 1746 703 turn?
1764 651 1811 704 Ni·

964 713 1004 768 hil
1018 714 1095 768 euim
1113 719 1189 768 vetat
1216 715 1388 769 sententiam
1407 715 1524 770 loannis
1548 719 1623 772 Secti
1649 735 1812 789 repugnare

964 785 1126 850 Paschasio,
1149 792 1176 840 ct
1202 787 1390 840 Retramuam
1418 803 1483 841 eum
1512 803 1546 841 ea
1573 795 1741 845 concordem
1758 791 1810 844 da·

963 857 1065 922 cuisse,
1083 857 1142 910 imo
1160 871 1228 910 reru
1244 857 1285 911 ita
1310 874 1339 911 se
1354 872 1413 910 rem
1437 859 1542 911 habere
1567 860 1648 912 valde
1663 863 1810 930 probabile

964 933 1014 980 est.
1033 928 1174 980 Praeterea
1198 928 1221 980 si
1237 943 1270 981 ex
1284 944 1318 981 eo
1344 928 1421 999 quod
1443 930 1615 983 Ratramuus
1634 931 1701 984 citet
1716 938 1810 1002 llugu·

964 998 1082 1060 stinum,
1104 998 1285 1052 ,ambrosium
1310 1005 1338 1052 et
1367 999 1584 1071 Hieronymum,
1607 1016 1664 1054 non
1684 1002 1810 1058 dilicrta

962 1069 1072 1122 luanne
1095 1068 1189 1136 Scato,
1216 1069 1388 1124 Lanirancus
1413 1071 1598 1124 concordabit
1617 1072 1647 1125 in
1671 1072 1809 1142 berenga-

963 1139 1016 1202 rio,
1034 1140 1195 1194 Sauclesius
1209 1155 1274 1194 cum
1291 1141 1416 1207 Calvino,
1439 1141 1591 1195 Perronius
1612 1158 1677 1195 cum
1699 1143 1811 1197 Plesseo

964 1211 1098 1264 ldorneio.
1124 1211 1201 1264 ltaue
1222 1211 1287 1264 licet
1310 1212 1420 1265 ratione
1440 1219 1468 1266 et
1487 1227 1570 1267 seusu
1587 1213 1812 1282 intemperanter

963 1281 1066 1335 abuli‘i
1090 1281 1236 1352 Ejrrsmodi
1256 1282 1468 1336 ratiocinationi
1493 1299 1525 1337 ac
1546 1283 1718 1354 conjecturae
1733 1285 1812 1338 locus

963 1351 1082 1406 fortasse
1098 1368 1155 1405 non
1171 1354 1281 1406 deesset
1297 1353 1320 1406 si
1334 1360 1438 1424 praeter
1452 1355 1656 1424 augustinum,
1674 1355 1810 1425 llierouy-

963 1437 1033 1476 num
1045 1427 1073 1476 et
1083 1423 1265 1477 Ambrosium
1279 1425 1373 1477 nullos
1384 1426 1483 1478 Patres
1492 1425 1522 1478 in
1534 1426 1660 1480 medium
1669 1427 1812 1495 proterret

963 1493 1144 1558 Ratramnus,
1156 1493 1204 1546 sed
1218 1495 1479 1563 insuperooulinao
1493 1495 1620 1563 prodidit
1631 1496 1658 1550 S.
1672 1496 1810 1550 isidorum

965 1564 1160 1635 hispalensem
1185 1578 1266 1618 num.
1300 1565 1344 1631 40,
1369 1566 1403 1619 45
1427 1570 1455 1619 et
1477 1567 1530 1630 473
1560 1566 1586 1621 S.
1617 1566 1808 1637 fulgentium,

965 1651 1043 1689 urim.
1066 1637 1117 1701 893
1141 1634 1399 1690 sacramentarium
1427 1636 1455 1691 S.
1484 1636 1624 1707 Gregorii,
1653 1653 1731 1691 num.
1757 1639 1809 1703 883

59 1701 168 1772 inquit,
183 1706 316 1768 emetitur
336 1703 400 1767 ista,
415 1717 468 1756 non
482 1705 614 1768 ueritate3
633 1703 712 1773 quod
730 1719 788 1757 uon
812 1704 908 1757 calho-
931 1705 1075 1768 ssllissale
1089 1705 1203 1769 Gelasii,
1218 1721 1298 1768 nram,
1323 1708 1374 1772 853
1393 1708 1428 1760 de
1452 1707 1566 1776 quibus,
1584 1707 1700 1779 dempto
1715 1706 1811 1761 Sacra·

57 1773 123 1851 lice,
149 1771 271 1835 dietum,
301 1771 419 1826 sibene
447 1777 529 1828 tuam
549 1774 728 1844 vigilantiam
758 1774 832 1843 novi,
850 1790 909 1829 non

59 1858 222 1913 ignoras.»

95 1913 296 1983 objectionem
316 1917 396 1968 taam
420 1911 502 1969 facile
517 1913 658 1970 friabilem
675 1915 807 1970 omittere
826 1921 908 1985 pote·

59 1990 104 2038 rat
117 1984 296 2038 dissertator.
322 1985 431 2040 Revera
453 1985 531 2040 euim
555 1986 615 2040 haec
630 1988 721 2041 oratio
741 1986 908 2041 Sacramen-

59 2055 126 2109 tarii
145 2055 240 2109 sancti
268 2055 397 2128 Gregorii
417 2057 562 2126 conceptis
585 2058 678 2111 serbis
702 2058 807 2128 legitur
832 2056 909 2127 apud

60 2126 263 2192 Ratramnrim,
280 2127 329 2181 sed
353 2127 384 2181 in
399 2127 588 2197 patrocinium
610 2143 708 2183 seusus
727 2127 857 2182 catholici
881 2132 910 2183 at

59 2197 94 2250 ab
111 2197 253 2266 opinione
270 2197 388 2251 loannis
402 2197 476 2252 Scoti
499 2198 665 2252 alienissimi
689 2215 752 2253 eam
767 2200 905 2269 prodidit.

60 2266 173 2338 Quippe
193 2269 317 2322 ioannes
331 2268 431 2323 Scelus
446 2285 478 2324 er
502 2268 547 2323 his
560 2270 665 2336 verbis,
690 2286 750 2340 quae
767 2285 838 2325 nuno
852 2286 909 2339 spe-

61 2343 99 2392 cie
112 2340 246 2407 perimus,
261 2353 352 2393 rernm
365 2341 479 2394 ueritate
501 2343 653 2410 capiamus,
678 2341 850 2395 defendebat
864 2342 909 2395 iu-

61 2409 151 2479 telligi
166 2424 273 2480 corpus
288 2409 393 2465 Christi
411 2410 442 2464 in
457 2410 550 2481 ligura
564 2417 676 2465 tautum
692 2411 823 2479 existere,
840 2428 909 2466 neu·

60 2481 174 2552 tiquam
196 2496 264 2534 vero
284 2482 345 2552 ejas
374 2481 566 2550 existentiam,
593 2498 653 2536 rem
679 2487 707 2537 et
721 2482 910 2537 substantiam

60 2549 90 2604 in
118 2551 300 2606 Eucharistia
326 2552 454 2622 reperiri.
480 2553 534 2607 Sed
557 2568 674 2607 sensum
692 2569 813 2627 prorsus
837 2554 910 2607 alie-

61 2637 127 2675 num
144 2628 176 2676 et
199 2629 411 2692 repugnantem
433 2639 466 2677 er
487 2623 539 2677 hac
565 2623 696 2678 oratioue
715 2624 835 2696 percipit
855 2625 909 2679 ila-

61 2698 203 2748 tramuus.
231 2692 418 2748 Existimabat
438 2693 516 2748 euim
531 2710 634 2765 carpus
650 2699 678 2748 et
691 2695 862 2765 sauguinem
881 2695 911 2749 iu

62 2762 166 2834 ligura,
191 2763 247 2818 hoc
265 2767 310 2818 est
331 2765 384 2819 sub
405 2765 568 2819 velamento
591 2770 619 2818 et
634 2767 780 2835 canopeis,
805 2765 911 2835 speciei

62 2833 213 2889 inuisibilis
228 2849 328 2888 revera
349 2835 483 2889 existere:
496 2835 546 2890 sed
560 2851 617 2889 nou
629 2835 660 2890 in
679 2835 772 2906 ligura
786 2842 910 2905 lantum,

62 2911 91 2959 et
112 2921 167 2976 per
189 2905 253 2959 haec
275 2905 374 2973 verba,
394 2921 483 2960 rerum
499 2909 613 2961 ueritate
632 2910 783 2976 capiamus,
808 2907 912 2961 inlelli-

65 2975 149 3046 gebat
169 2975 432 3030 manifestationem
449 2982 478 3030 et
497 2981 626 3048 apertam
652 2978 781 3048 corporis
801 2983 830 3032 et
845 2994 910 3031 san·

965 1777 1106 1831 merrtario
1127 1776 1155 1830 S.
1173 1776 1314 1846 Gregorii,
1338 1777 1418 1831 nulla
1438 1777 1546 1831 mentio
1573 1779 1649 1847 apud
1668 1778 1808 1832 ioannem

963 1846 1088 1902 Scotum.
1114 1847 1255 1902 Craterum
1287 1846 1421 1917 Erigerns
1447 1863 1505 1901 non
1529 1847 1601 1901 dixit
1619 1849 1808 1902 llatramnum

964 1933 1024 1971 essa
1046 1919 1240 1972 adversarium
1256 1917 1411 1982 Paschasii,
1437 1919 1485 1972 sed
1500 1933 1662 1988 anonymus
1688 1919 1810 1988 scriptor

964 1989 1084 2053 Cellatii,
1098 2004 1184 2060 quem
1198 2004 1263 2043 cum
1279 1988 1394 2059 Erigere
1408 1988 1585 2042 confundere
1600 1989 1738 2059 injurium
1755 1994 1807 2042 est·

964 2059 1098 2124 Quamvis
1113 2059 1191 2113 enim
1210 2058 1239 2112 in
1256 2059 1352 2129 aliquo
1381 2059 1478 2113 codice
1506 2061 1700 2128 manuscripto
1722 2059 1809 2129 quiu-

964 2136 1118 2198 geutorum
1131 2130 1248 2183 fortasse
1263 2143 1405 2184 annorum
1422 2129 1537 2183 libellus
1551 2129 1689 2200 anonymi
1704 2145 1808 2198 prease-

965 2202 1037 2255 ierat
1052 2216 1157 2254 nomen
1174 2200 1294 2271 Erigeri,
1316 2200 1417 2254 melius
1440 2207 1643 2271 argumentum
1664 2215 1809 2254 assumen-

964 2273 1032 2326 dum
1048 2272 1140 2326 estad
1161 2271 1358 2325 ascribendam
1381 2271 1443 2324 viro
1460 2271 1582 2341 sapienti
1597 2275 1626 2325 et
1640 2271 1674 2324 de
1688 2269 1810 2324 Ecclesia

964 2359 1021 2397 uon
1037 2341 1182 2396 immerito
1196 2346 1253 2395 tam
1270 2341 1382 2396 futilem
1399 2359 1430 2395 ac
1446 2357 1547 2396 vanam
1569 2341 1808 2396 lucubrationem.

1001 2414 1129 2484 Denique
1146 2412 1311 2467 dissertator
1339 2412 1379 2466 aii
1402 2428 1466 2484 pag.
1486 2415 1535 2467 {68
1555 2412 1757 2483 berengarium
1780 2412 1810 2465 in

965 2484 1087 2554 epistola
1116 2482 1152 2537 ad
1180 2482 1365 2548 llicbardum,
1396 2485 1487 2537 relata
1513 2488 1592 2537 torno
1619 2484 1642 2536 ll
1665 2482 1811 2552 Spicrlegii

965 2553 1145 2622 Daeheriani,
1161 2554 1256 2608 dicere
1279 2554 1418 2608 ioannem
1442 2554 1556 2610 Scotum
1581 2553 1726 2623 scripsisse
1751 2568 1811 2607 mo·

966 2625 1029 2679 nitu
1049 2632 1078 2679 et
1104 2624 1233 2694 precario
1258 2624 1351 2680 Caroli
1376 2625 1465 2690 Calvi,
1492 2625 1573 2694 cujus
1597 2624 1706 2695 pariter
1728 2624 1811 2695 jussu

965 2695 1110 2766 scripsisse
1136 2697 1323 2750 llatramnum
1345 2696 1429 2749 mulli
1451 2696 1607 2765 opinantur
1627 2694 1679 2748 sub
1702 2710 1810 2748 enaiim

965 2769 1027 2833 855,
1050 2782 1106 2837 quo
1119 2782 1195 2819 anno
1212 2767 1301 2820 multa
1320 2766 1465 2820 catholicae
1478 2766 1544 2822 fidei
1566 2765 1710 2821 contraria
1724 2765 1754 2818 in
1766 2781 1810 2819 re-

966 2854 1023 2909 gno
1039 2837 1142 2902 Caroli,
1164 2838 1225 2907 ipso
1249 2852 1366 2908 quoqne
1388 2853 1447 2892 uon
1463 2838 1570 2908 nescio,
1586 2837 1710 2891 Annales
1725 2834 1811 2891 lierti-

967 2908 1046 2962 niani
1064 2907 1225 2977 prodidere.

1003 2978 1044 3032 Ad
1056 2979 1117 3032 haec
1132 2978 1215 3048 plura
1225 2977 1398 3047 respondere
1414 2977 1496 3033 facile
1510 2982 1562 3033 est.

64 3046 158 3116 guinis
171 3046 279 3102 Christi
302 3046 524 3102 declarationem
548 3047 627 3102 omni
641 3047 734 3119 ligera
753 3064 870 3103 vacuam
887 3052 914 3102 et
933 3067 952 3121 g
1003 3050 1027 3102 I.
1041 3049 1110 3103 Cum
1122 3049 1245 3102 mulium
1260 3047 1434 3102 discriminis
1454 3048 1613 3102 intercedat
1628 3048 1703 3103 iuter
1712 3061 1811 3117 preces

65 3124 220 3188 expertem.
248 3117 439 3181 Quamobrem
463 3119 503 3172 sic
524 3119 646 3189 explicat
669 3119 828 3174 arationem
849 3134 913 3173 san-

65 3189 100 3242 eti
117 3187 266 3260 Gregorii:
286 3209 297 3237 ι
323 3188 397 3243 Dicit
421 3188 496 3260 quod
519 3189 550 3243 in
571 3189 664 3314 specie
690 3189 737 3242 illa
760 3194 909 3260 geruntur,

65 3275 119 3313 nau
135 3259 168 3313 in
188 3258 317 3326 raritate,
333 3258 361 3313 id
388 3264 430 3314 est
448 3275 499 3331 per
517 3260 581 3314 simi
595 3260 746 3327 iludinem‚
772 3276 830 3314 uon
860 3274 913 3330 per

66 3330 151 3398 ipsius
177 3330 222 3384 rei
235 3329 506 3385 manifestationem.
525 3353 535 3380 ι
553 3331 583 3386 Si
598 3331 659 3385 hac
673 3330 760 3385 rerba
773 3346 821 3400 per
835 3332 912 3384 simi·

67 3400 219 3466 titudinem,
243 3416 299 3455 nori
323 3415 373 3471 per
393 3402 480 3471 ipsius
502 3405 544 3456 rei
558 3404 814 3468 manifestationem,
835 3401 913 3455 addi-

67 3471 153 3526 disset
165 3472 291 3526 toannes
305 3471 414 3537 Scelus,
435 3488 585 3544 nunquam
604 3489 670 3527 eum
685 3472 805 3526 crimine
822 3473 912 3527 heare·

67 3543 101 3596 sis
145 3542 302 3596 ustulasset
328 3542 496 3608 decelinus;
524 3544 586 3597 herc
612 3543 689 3598 enim
712 3559 765 3597 vox
789 3545 912 3597 ueritatis

68 3630 101 3684 qu
140 3628 190 3667 arn
213 3612 400 3684 amphibolia,
421 3614 507 3668 idest
528 3614 764 3685 aequivocatione,
790 3614 911 3680 laborat,

69 3684 107 3738 uti
133 3684 352 3738 observavimus
380 3685 409 3738 in
438 3685 604 3756 praefatione
631 3685 751 3754 hujusce
782 3684 913 3755 opusculi

69 3755 225 3810 bauainai.
239 3755 399 3810 Necsolum
412 3755 554 3826 signiticat
574 3755 616 3810 rei
644 3755 824 3810 existentiam
848 3771 913 3826 quas

68 3825 117 3881 sub
132 3826 236 3897 liguris
263 3840 312 3880 seu
336 3826 404 3880 velis
429 3843 461 3880 ac
483 3826 668 3898 paropidibus
689 3826 843 3880 consistere
861 3842 912 3896 po·

68 3900 129 3961 lest,
146 3911 248 3951 uerum
274 3896 361 3951 etiam
385 3896 606 3968 patefactionem
629 3913 677 3951 sea
707 3895 912 3951 manifestatio·

10 3968 13 4019 5
68 3983 131 4023 uem
146 3966 230 4022 amni
247 3967 342 4038 ligure
356 3983 389 4021 ac
407 3974 500 4039 tropo,
516 3969 589 4036 vela,
615 3968 748 4039 paropidi
763 3966 914 4022 insociabi-

10 4040 13 4049 '
68 4038 133 4093 lem.
155 4038 295 4109 Adeoque
319 4038 502 4105 llatramuus,
534 4044 565 4093 ιιι
587 4054 703 4093 sensum
725 4054 760 4093 ex
783 4036 913 4093 oratione

68 4109 156 4164 uncti
183 4108 317 4190 Gregorii
354 4125 440 4181 quem
472 4110 612 4164 tuendum
641 4109 749 4179 recepit
781 4109 912 4179 explicet,

68 4181 151 4235 eliam
177 4186 341 4235 orationem
364 4196 444 4236 num.
461 4183 494 4235 75
514 4196 547 4234 ex
571 4179 675 4235 llissali
690 4178 793 4234 Gelasii
808 4195 915 4233 assum·

69 4252 131 4320 psit,
147 4252 180 4305 in
196 4267 255 4321 quo
274 4251 335 4306 brec
349 4251 436 4306 verba
450 4251 595 4321 leguntur,
612 4255 643 4306 ut
661 4250 734 4320 quod
752 4253 782 4304 in
796 4252 915 4316 imagine

68 4324 260 4392 contingimus,
279 4324 443 4378 samomenti
467 4324 614 4388 manifesta
637 4323 850 4392 participatione
868 4335 913 4374 su-

968 3125 997 3174 et
1012 3120 1102 3188 jussa,
1120 3119 1242 3171 multum
1260 3133 1375 3188 quaque
1390 3118 1504 3172 differre
1520 3134 1633 3172 necesse
1649 3119 1685 3173 sit
1706 3117 1810 3170 librum

966 3189 1082 3244 ioannis
1107 3188 1183 3243 Scali
1211 3193 1239 3242 at
1262 3189 1431 3254 tlatramni;
1455 3188 1563 3259 quippe
1595 3203 1660 3241 cum
1688 3187 1811 3241 loannes

967 3261 1066 3316 Scotus
1082 3260 1192 3314 monitu
1208 3263 1237 3312 et
1260 3258 1389 3328 precario
1416 3259 1519 3325 Caroli,
1544 3259 1716 3313 Retramnus
1728 3257 1811 3327 jussu

967 3331 1120 3401 scripserit.
1147 3331 1195 3384 llis
1218 3329 1311 3383 verbis
1331 3329 1432 3399 incipit
1446 3330 1518 3383 liber
1532 3328 1698 3384 llatramni:
1719 3329 1811 3383 iussi-

967 3405 1027 3468 stis,
1043 3403 1157 3470 gloriose
1176 3403 1324 3470 princeps3
1346 3406 1374 3454 et
1397 3416 1431 3454 ex
1451 3401 1573 3470 epistola
1588 3399 1752 3470 Berengarli
1766 3398 1810 3452 in·

967 3473 1124 3542 telligimus
1138 3472 1275 3526 ioannem
1291 3471 1406 3526 Scotum
1421 3473 1562 3540 scripsisse
1585 3470 1692 3526 monitu
1708 3474 1733 3524 et
1745 3484 1810 3538 pre·-

966 3548 1050 3598 cario.
1075 3544 1257 3610 liatramuus,
1278 3542 1395 3596 humilis
1414 3544 1571 3596 monachus
1588 3542 1618 3596 in
1638 3541 1682 3596 sui
1696 3537 1812 3594 claustri

968 3615 1081 3669 abditus
1096 3613 1232 3679 tenebris,
1254 3613 1341 3682 jussis
1355 3613 1394 3666 im
1418 3614 1537 3667 cratoris
1551 3628 1584 3668 ac
1608 3613 1684 3683 regis
1701 3611 1812 3666 obtem·
1884 3646 1888 3655 ·

967 3690 1050 3755 perat
1064 3689 1092 3737 et
1107 3684 1136 3737 in
1152 3685 1244 3737 lucem
1259 3683 1369 3763 prodit:
1391 3629 1515 3737 stannes
1530 3684 1639 3749 Scotns,
1660 3681 1813 3753 supercilio

968 3755 1090 3810 doctoris
1106 3755 1206 3820 elatus,
1224 3753 1363 3824 principis
1378 3754 1495 3807 monitis
1510 3760 1538 3808 et
1550 3754 1684 3824 precibus
1698 3752 1809 3806 annuit.

1004 3826 1038 3881 11.
1055 3825 1180 3880 lter-esec
1192 3824 1297 3894 quihus
1312 3823 1474 3893 agitabatur
1493 3824 1653 3894 respublica
1662 3839 1738 3876 anno
1748 3825 1810 3890 855,
1914 3818 1919 3835 '

968 3911 1089 3968 quarum
1102 3893 1275 3948 mentionem
1286 3893 1393 3948 iaciunt
1401 3894 1524 3949 Annales
1536 3893 1704 3962 bertiniani,
1714 3908 1810 3946 cruru-

968 3983 1036 4038 pere
1052 3982 1109 4020 non
1124 3970 1281 4036 potuerunt
1297 3980 1328 4018 er
1349 3964 1422 4018 libro
1440 3965 1597 4031 liniramni,
1615 3963 1743 4033 quicum
1760 3962 1810 4016 Ca·

969 4039 1028 4092 rolo
1042 4037 1127 4093 Calvo
1147 4035 1315 4106 imperatori
1329 4034 1482 4105 inscriptus
1499 4036 1545 4101 sit,
1567 4035 1604 4089 ad
1616 4033 1741 4091 Caralim
1755 4034 1812 4087 dlo-

968 4124 1051 4178 pnam
1062 4110 1261 4176 imperatorem,
1272 4121 1329 4160 nou
1339 4106 1434 4176 potuit
1443 4106 1517 4161 ellici
1533 4110 1561 4160 et
1572 4105 1602 4160 in
1613 4105 1706 4159 lucem
1717 4102 1811 4157 emitti
1891 4152 1898 4163 ,

969 4184 1034 4233 aute
1049 4184 1163 4249 tempus
1179 4177 1255 4247 quod
1270 4177 1411 4232 interllnit
1429 4175 1504 4230 inter
1519 4192 1627 4231 annum
1640 4178 1692 4231 875
1707 4180 1735 4229 at
1748 4174 1812 4235 877,

969 4265 1026 4321 quo
1040 4248 1124 4303 desiit
1138 4248 1292 4319 imperium
1307 4247 1400 4302 Caroli
1419 4247 1516 4312 Calri;
1534 4247 1677 4319 siquidem
1693 4261 1726 4300 ex
1742 4244 1814 4299 anti·

969 4320 1034 4392 quis
1048 4319 1190 4374 codicibus
1206 4317 1418 4388 manuscriptis,
1433 4319 1589 4390 exscriptus
1603 4318 1640 4372 sii
1655 4317 1701 4372 hic
1713 4316 1812 4371 titulus

69 4407 181 4448 namus.
196 4392 273 4447 lianc
282 4392 522 4462 orationem,suis
534 4394 618 4447 rebus
633 4409 691 4448 uon
705 4391 913 4447 conducibilem
933 4391 1006 4469 Ded
1020 4391 1150 4444 Coretum
1162 4390 1273 4446 Caluum
1287 4391 1485 4458 imperatorem.
1506 4394 1542 4443 nt
1558 4405 1623 4443 vero
1633 4387 1814 4443 continenter

69 4464 113 4519 sed
134 4463 365 4529 incommodam,
402 4480 461 4519 non
494 4462 621 4534 prodidit
654 4465 776 4518 ioannes
803 4462 911 4517 Scotus.

69 4534 187 4590 Sensum
203 4533 377 4589 catholicum
397 4551 412 4588 a
435 4535 591 4589 llatramno
614 4532 680 4588 huic
706 4532 766 4587 roci
789 4533 915 4587 ueritatis

70 4605 225 4676 ascriptum
251 4606 307 4660 ado
330 4604 400 4659 tavit
422 4605 606 4671 Lautranous,
631 4603 842 4660 cantuariensis
868 4618 915 4657 ar-

71 4676 280 4747 chiepiscopus,
306 4621 375 4731 gdei
393 4675 539 4731 catholicae
554 4675 690 4730 adversas
709 4676 801 4730 Beren
823 4673 915 4728 arium

72 4746 201 4802 &teneor
227 4746 409 4813 fortissimus,
436 4746 479 4801 nti
507 4762 540 4801 ex
557 4746 674 4817 Dialogo
700 4746 762 4816 ejus
781 4690 916 4800 agrersus

970 4462 1009 4516 ait
1020 4461 1188 4514 dissertator
1203 4459 1301 4513 eadam
1324 4460 1440 4531 pagina,
1461 4459 1565 4514 librum
1585 4460 1619 4514 de
1644 4460 1768 4527 Corpore
1786 4461 1814 4511 et

969 4530 1112 4602 Sanguine
1132 4529 1247 4586 Domini
1262 4529 1349 4584 fuisse
1370 4530 1539 4585 damnatum
1556 4531 1586 4584 iu
1606 4529 1724 4583 concilio
1746 4529 1813 4583 Ver·

968 4601 1087 4657 cellensi
1101 4607 1129 4655 et
1149 4599 1302 4655 Parisiensi
1317 4616 1392 4655 auno
1410 4602 1487 4668 1050,
1510 4600 1684 4671 tandemque
1700 4600 1813 4654 llamuis

968 4679 1127 4728 crematum
1140 4671 1170 4726 in
1185 4669 1306 4725 concilio
1326 4672 1456 4726 Romano
1478 4672 1531 4743 snb
1552 4671 1667 4726 Nicolaa
1691 4672 1715 4726 ll
1739 4687 1814 4725 anno

973 4746 1049 4809 ¹059,
1066 4759 1132 4797 cum
1149 4741 1336 4812 inscriptione
1350 4742 1475 4797 nominis
1495 4742 1612 4798 ioannis
1632 4742 1726 4808 Secti,
1745 4758 1814 4813 quo·

72 4816 276 4889 berengarium
306 4816 504 4889 iutelhgimus,
530 4816 561 4872 in
591 4833 649 4888 quo
672 4816 734 4872 hrec
765 4815 914 4897 leguntur:
969 4815 1047 4870 niam
1063 4819 1130 4868 tunc
1151 4812 1290 4882 temporis
1312 4828 1396 4868 verus
1417 4820 1516 4868 auctor
1535 4819 1597 4868 erat
1621 4813 1763 4868 indicatus
1786 4815 1814 4864 et

75 4889 227 4944 ‹Postulat
240 4887 349 4967 quippe
372 4887 504 4944 sacerdos
529 4893 560 4959 ut
581 4903 685 4969 corpus
706 4886 808 4943 Christr
840 4885 916 4957 quod
969 4889 1147 4957 perspectus,
1168 4899 1258 4954 eaque
1283 4883 1318 4938 de
1341 4900 1426 4938 causa
1448 4885 1621 4954 paucissima
1641 4880 1814 4953 exemplaria

73 4960 118 5015 sub
131 4960 230 5032 specie
250 4974 334 5030 parus
348 4958 464 5030 riuique
479 4974 555 5012 nuuc
577 4963 695 5029 genter,
713 4956 864 5011 manifesta
876 4956 916 5010 vi·
970 4961 1078 5011 exstare
1099 4954 1151 5009 sub
1174 4952 1292 5008 nomiae
1317 4955 1464 5010 Rahamui
1486 4956 1543 5011 sire
1562 4955 1713 5022 Bertrami,
1735 4949 1814 5022 quod

74 5030 147 5085 ioue
165 5029 243 5084 sicut
266 5044 365 5084 revera
387 5029 618 5110 estqaaudoque
647 5028 787 5098 capiatur,
815 5028 916 5082 ueritas
969 5025 1275 5081 horumconciliorum
1300 5027 1477 5098 temporibus
1502 5026 1682 5100 suppositum
1707 5035 1814 5077 namen

74 5101 144 5156 enim
158 5116 216 5172 pro
229 5101 448 5167 manifestatione
462 5101 493 5154 in
510 5115 598 5154 sacris
616 5099 719 5167 litteris
736 5097 889 5169 reperitur.
904 5117 915 5146 ι
971 5096 1241 5168 recognoscebatur:
1259 5100 1286 5150 et
1297 5096 1376 5150 addit
1388 5112 1451 5151 eam
1463 5097 1499 5152 ob
1510 5114 1570 5152 rem
1582 5112 1640 5151 nou
1650 5095 1742 5147 visum
1754 5107 1814 5147 esse

74 5169 136 5235 huis
158 5187 229 5225 vero
249 5170 325 5227 dicat
344 5170 432 5226 verba
452 5169 568 5227 ioannis
592 5169 667 5225 Secti
689 5168 808 5224 totidem
832 5170 917 5239 plane
971 5170 1025 5223 sub
1040 5167 1158 5221 nomine
1186 5166 1335 5221 llatramni
1350 5172 1416 5222 ante
1443 5183 1553 5222 annum
1571 5167 1650 5231 litii,
1679 5164 1813 5234 adquam

75 5241 183 5314 qllabia
195 5241 226 5297 iu
245 5241 396 5298 baniranci
410 5241 484 5297 libro
499 5239 644 5311 reperiri?
659 5239 811 5295 Contendit
825 5239 918 5294 adhuc
972 5253 1063 5309 usque
1079 5253 1112 5292 ex
1122 5254 1156 5292 eo
1167 5241 1296 5307 tempore
1307 5239 1397 5292 altum
1412 5238 1506 5293 luerat
1515 5238 1591 5308 apud
1602 5251 1701 5290 omnes
1714 5234 1749 5288 de
1761 5235 1815 5288 hoc

10 5338 14 5371 ε
75 5314 237 5393 plusquam
252 5317 346 5384 potest
364 5311 534 5368 dissertator
548 5311 623 5366 ineo
639 5310 717 5382 quod
730 5310 918 5381 Berengarius
972 5309 1045 5364 libro
1060 5308 1218 5363 silentium.
1234 5309 1297 5363 iam
1319 5324 1385 5363 vero
1401 5310 1424 5363 si
1440 5325 1484 5362 res
1499 5307 1617 5369 itaeiat,
1639 5306 1715 5360 dicat
1733 5306 1815 5361 uobis

10 5411 11 5443 ;
78 5381 246 5465 ineprstola
270 5382 305 5437 ad
327 5382 518 5437 Lanfrnucum
542 5381 581 5437 aii
607 5381 779 5437 senteutiam
801 5379 919 5436 ioannis
972 5379 1138 5435 dissertator
1153 5378 1203 5450 qai
1218 5378 1281 5434 lieri
1300 5380 1429 5451 potuerit
1444 5384 1474 5432 ul
1498 5383 1538 5432 tot
1553 5376 1683 5444 concilia,
1698 5381 1740 5432 tot
1762 5377 1817 5432 vir·

12 5476 16 5485 ·
77 5450 218 5510 §mtrem
232 5454 408 5508 contrariam
430 5453 580 5510 Paschasio
601 5457 630 5507 et
643 5453 705 5507 lora
720 5451 918 5506 aliamasau-
971 5450 1107 5512 illustres,
1139 5449 1322 5517 henirancus,
1357 5449 1513 5516 becelinus,
1546 5447 1708 5515 Darandas,
1746 5449 1816 5504 adeo

10 5547 17 5589 i
78 5522 263 5596 auspiciola
280 5523 318 5580 ad
340 5524 529 5581 henirancam
553 5523 592 5578 ait
613 5521 786 5579 sententiam
801 5520 919 5577 loannis
972 5520 1113 5603 consopiti
1127 5520 1235 5575 luerint
1249 5527 1280 5575 ut
1294 5521 1369 5575 hanc
1382 5519 1552 5594 iriposaptm
1564 5518 1679 5575 silentio
1698 5526 1818 5593 prseter-

10 5640 18 5659 ,,
78 5590 144 5652 nou
157 5611 222 5651 aaa
240 5595 417 5651 contrariam
438 5594 589 5650 Paschasio
603 5597 633 5648 et
646 5593 706 5649 iore
722 5593 808 5649 eliam
822 5609 840 5646 a
853 5608 919 5647 ean·
972 5591 1113 5658 miserint,
1131 5607 1184 5647 nec
1201 5595 1261 5646 tam
1283 5590 1457 5646 insolentem
1471 5589 1598 5645 nominis
1612 5590 1818 5662 subjectionem

10 5687 18 5725 r
78 5664 125 5721 tiis
148 5665 315 5735 Ambrosio,
337 5665 510 5738 hieronymo
535 5673 564 5720 et
584 5663 745 5737 Augustino
759 5662 861 5719 cuicun
884 5679 920 5720 ue
971 5662 1077 5720 ioanni
1090 5661 1174 5718 Scoto
1188 5660 1421 5728 obtrectaverini,
1438 5661 1651 5718 etmemoriam
1673 5660 1820 5731 llatremni

79 5734 216 5793 tdmmri
236 5736 362 5794 soluerit
384 5735 486 5793 loanni
500 5735 598 5803 Scuto,
622 5733 854 5792 lucubrationem
892 5740 927 5790 a·'
972 5734 1028 5790 riri
1049 5732 1136 5800 docti,
1159 5732 1211 5803 pii,
1226 5731 1262 5788 de
1285 5731 1407 5788 Ecclesia
1427 5732 1572 5788 Gallicana
1594 5730 1821 5789 induitietitnlls
