3930 6098
167 230 219 283 ste
708 220 965 279 wehoehuunrl
986 219 1197 277 ehuhlmtsts
1216 218 1373 278 horrent
1865 223 1915 275 580

169 365 306 436 spondaeo
332 368 455 417 metrum
478 361 532 415 hoc
552 374 638 430 quam
655 357 772 429 proprie
787 358 954 413 choriambo
970 357 1014 412 de·
1034 359 1161 429 hasque
1184 357 1220 412 ad
1232 358 1408 430 completum
1421 357 1666 429 llartyrologium,
1678 356 1811 412 heroicos
1821 372 1917 412 versus

169 453 268 507 currit.
286 449 427 507 lnrocatio
440 463 520 519 ergo,
536 447 590 502 hoc
605 453 696 501 metro
708 447 877 517 composita,
893 447 1014 519 quadra·
1070 452 1232 518 nongentos
1247 452 1275 502 et
1291 447 1482 518 quadraginta
1496 447 1633 502 continet.

169 541 249 612 ginta
265 544 388 610 quatuor
400 537 529 592 versibus
549 540 680 604 constat;
698 535 747 607 qui
762 535 895 607 quaterni
909 551 1015 589 coeun-
1106 535 1243 608 Sequitur
1255 537 1389 609 deinceps
1405 535 1567 602 Conclusio,
1580 537 1616 591 ad
1627 534 1831 606 complendum
1847 535 1918 588 ldar-

168 633 210 683 tes
221 627 352 683 undenos
367 625 470 696 majori
484 624 682 696 complexione
693 640 791 678 versus
805 623 942 678 efficiunt.
1069 625 1245 697 tyrologiom
1266 625 1424 697 pertinens,
1441 640 1504 696 quae
1527 624 1616 679 mixto
1640 623 1852 688 choriambico,
1867 623 1919 677 hoc

203 715 467 783 Allocutioautem,
489 714 897 785 qualecturoscommonens
915 712 1015 766 inritat
1070 718 1113 768 est
1138 714 1284 784 Glyconio,
1323 713 1508 783 Asclepiadeo
1539 711 1711 783 Alcaicoque
1738 711 1916 766 contexitur:

166 808 258 859 metro
285 803 446 874 Dactylico,
486 804 701 871 Tertramclro,
726 802 972 873 catalecticoque,
1000 819 1016 855 a
1070 817 1134 873 quae
1151 807 1242 857 metra
1262 802 1298 856 ah
1317 802 1481 856 auctoribus
1504 801 1562 855 sire
1585 801 1848 871 frequentatoribus
1866 816 1917 853 uo-

166 894 238 966 pede
252 892 571 964 scilicetlrequentiori,
588 896 747 946 etnumero
758 891 863 962 pedum
876 896 1016 962 quaterno
1070 892 1179 946 minata
1199 893 1334 961 Glycona,
1350 890 1481 962 Asclepio
1498 895 1527 945 et
1540 891 1654 946 Alorco:
1672 888 1843 960 Glyconium
1859 889 1919 960 qui-

167 987 253 1053 atqua
275 997 343 1048 una,
367 996 432 1051 quae
457 980 491 1035 ad
520 979 732 1051 plenitudinem
756 979 869 1033 metrici
890 978 1015 1045 ailmeri,
1070 979 1135 1035 dem
1146 981 1292 1052 spondeo,
1306 980 1484 1047 choriambo,
1495 979 1682 1051 pyrrhichio:
1699 977 1917 1048 asclepiadeum

167 1070 249 1125 deest
264 1070 382 1140 syllaba,
399 1069 543 1140 appellato
556 1068 699 1123 decurrit:
713 1072 823 1122 constat
838 1067 916 1122 enim
929 1083 1014 1138 spon·
1071 1069 1217 1139 spondaeo,
1233 1069 1344 1124 duobus
1367 1069 1552 1136 choriambis,
1573 1066 1756 1138 pyrrhichio:
1772 1066 1918 1120 Alcaicum

167 1158 231 1226 deo,
247 1158 369 1229 dactylo,
384 1159 532 1225 catalecto,
547 1157 675 1228 itemquo
687 1156 808 1227 dactylo,
827 1161 855 1210 et
869 1157 1013 1227 spondaeo.
1071 1174 1137 1211 vcro
1152 1157 1296 1229 spondoeo,
1314 1157 1406 1212 trihus
1425 1156 1608 1223 choriambis,
1624 1154 1850 1227 pyrrhichioque
1870 1154 1917 1207 de·

168 1248 297 1318 Cumque
316 1247 370 1301 hoc
385 1252 510 1302 metrum
530 1245 641 1316 dactylo
656 1246 774 1316 proprie
797 1249 916 1311 constet,
933 1246 956 1299 si
969 1261 1015 1300 ca·
1071 1251 1200 1302 currunt.
1225 1248 1331 1302 Eadem
1356 1246 1505 1302 Conclusio
1525 1245 1626 1317 viginti
1646 1248 1773 1316 quatuor
1794 1243 1918 1298 versieu-

166 1334 302 1389 talectum
319 1335 455 1405 spondaeo
479 1334 576 1400 addas,
601 1338 686 1388 erunt
709 1334 820 1388 ratione
841 1335 1015 1404 syllabarum
1071 1336 1114 1392 los
1130 1337 1265 1407 praedicta
1290 1335 1489 1406 conjunctione
1510 1339 1670 1390 metrorum
1693 1332 1843 1404 complexa
1858 1336 1918 1386 octo

167 1430 226 1478 tres
237 1423 338 1493 dactyli
356 1435 384 1476 et
403 1439 479 1476 unus
501 1422 663 1493 spondaeus,
688 1427 774 1493 atque
797 1439 812 1476 a
836 1422 1016 1492 plenitudine
1071 1426 1195 1496 majoros
1209 1441 1306 1479 versus
1319 1424 1407 1479 ternis
1430 1424 1515 1478 simul
1539 1423 1708 1477 coeuntibus
1725 1420 1831 1475 reddit.
1849 1421 1918 1475 Huic

168 1511 370 1582 dactylicarum
386 1511 571 1581 syllabarum,
585 1528 642 1565 una
656 1515 769 1565 tautum
792 1510 901 1580 syllaba
916 1509 1016 1564 deesse
1071 1514 1197 1583 hymnus
1212 1513 1243 1567 in
1259 1528 1358 1567 omues
1382 1516 1493 1566 sanctos
1508 1511 1642 1571 succedit,
1659 1509 1708 1580 qui
1728 1513 1823 1563 metro
1838 1524 1918 1562 cons·

166 1600 330 1666 ridebitur3
358 1615 534 1670 quamquam
559 1599 670 1653 ratione
695 1604 858 1670 temporum
878 1599 1014 1669 dactylus,
1071 1607 1109 1657 tat
1133 1601 1287 1673 Dactylico,
1313 1603 1495 1655 Pentametro
1531 1599 1681 1671 Sapphico,
1711 1598 1788 1669 qood
1812 1613 1829 1650 a
1854 1613 1918 1650 mu-

167 1688 287 1760 quiuna
304 1689 386 1758 longa
402 1692 430 1740 et
451 1687 561 1741 duabus
581 1686 851 1753 brevibusconstat,
868 1686 1015 1758 spoudaeo,
1070 1690 1150 1754 licre,
1172 1705 1237 1761 quae
1258 1689 1374 1761 Sappho
1392 1689 1476 1756 dicta,
1503 1689 1557 1743 hoc
1582 1705 1673 1759 genus
1699 1687 1785 1742 metri
1812 1686 1920 1756 reperit

167 1776 217 1848 qui
236 1777 306 1831 duas
320 1774 441 1846 syllabas
456 1775 554 1846 longas
577 1775 672 1838 habet,
689 1791 742 1846 par
764 1780 793 1828 at
814 1773 933 1845 aequalis
956 1773 1014 1828 eri·
1071 1780 1265 1850 appellatum
1283 1778 1380 1849 quinis
1395 1777 1527 1848 pedibus,
1544 1778 1597 1832 hoc
1612 1782 1655 1831 est
1669 1776 1808 1841 trochaeo,
1830 1791 1918 1845 spon-

168 1870 231 1919 slal.
261 1866 359 1935 ltaque
395 1864 537 1918 Alloculio
568 1863 713 1935 praedietis
741 1863 864 1934 pedibus
898 1879 1016 1918 currens
1071 1868 1143 1936 daeo,
1160 1867 1282 1938 dactylo,
1304 1866 1417 1921 duobus
1438 1865 1567 1920 trochaeis
1586 1864 1727 1930 decurrit;
1752 1864 1839 1935 eique
1858 1867 1921 1932 post

168 1952 313 2022 sexaginta
334 1957 396 2006 octo
420 1953 575 2008 versiculos
591 1953 727 2017 continet,
752 1952 802 2024 qui
826 1951 968 2016 similiter,
983 1956 1017 2007 ut
1070 1960 1127 2010 tres
1143 1973 1240 2010 versus
1255 1971 1367 2027 semper
1391 1970 1504 2009 comma
1527 1952 1675 2009 heroicum
1698 1951 1826 2017 additur,
1843 1951 1917 2023 quod

167 2043 288 2115 priores,
310 2047 451 2114 quaterno
480 2058 601 2096 numero
625 2041 780 2113 conjuncti,
809 2039 1014 2111 septemdecim
1069 2039 1180 2111 dactylo
1194 2043 1304 2095 constat
1318 2042 1404 2110 atque
1425 2036 1636 2109 spondre03ita
1649 2035 1817 2090 cfficiuntur
1833 2035 1863 2089 in
1876 2035 1918 2088 di-

168 2133 292 2204 majores
307 2148 407 2185 versus
422 2130 559 2186 efficiunt,
1070 2144 1150 2183 versa
1165 2132 1222 2182 tres
1245 2143 1343 2181 versus
1370 2127 1488 2197 pariles,
1515 2131 1543 2179 et
1569 2124 1730 2179 membrum
1756 2122 1918 2187 heroicum,

206 2223 293 2275 l'orro
309 2218 527 2274 Commendatio
538 2222 631 2273 metro
643 2216 808 2284 Phaleucio,
821 2219 1014 2283 pentametro,
1070 2233 1135 2289 quae
1151 2215 1310 2288 complexio
1326 2215 1356 2269 in
1371 2214 1546 2286 supradicto
1569 2213 1677 2284 hymno
1699 2217 1764 2267 octo
1785 2212 1917 2282 majores,

168 2306 409 2377 llendecasyllabo
445 2311 564 2372 constal,
590 2306 665 2377 quod
696 2321 858 2361 enumero
882 2304 1015 2359 undecim
1070 2307 1197 2361 minores
1211 2321 1309 2359 versus
1327 2303 1421 2358 reddit
1439 2303 1541 2374 viginti
1560 2307 1693 2374 quatuor,
1710 2306 1859 2356 commata
1872 2301 1919 2355 ui-

168 2395 341 2466 syllabarum
364 2396 458 2450 Gracc
483 2394 768 2466 hendecasyllabum,
792 2411 808 2448 a
828 2409 948 2448 numero
970 2409 1016 2464 pa·
1070 2395 1228 2452 hilominus
1243 2395 1349 2449 addens
1360 2397 1442 2447 octo:
1460 2393 1530 2460 haee,
1547 2396 1579 2446 ut
1596 2389 1869 2462 supramemoravi,
1885 2388 1918 2442 ad

168 2483 236 2538 dum
257 2484 386 2556 quinque
409 2485 634 2549 Pentametrum,
658 2483 694 2537 ab
719 2483 868 2538 iurentore
891 2481 1017 2536 sirelre-
1070 2483 1158 2539 finem
1190 2482 1475 2555 complexionemque
1508 2479 1695 2553 precedentis
1724 2477 1918 2551 llartyrologii

169 2576 341 2641 quentalore
365 2571 549 2625 Phaleucium
574 2570 744 2642 appellatur.
770 2570 900 2626 Decurrit
919 2574 1015 2625 autem
1070 2574 1225 2646 pertinent.

168 2659 263 2731 primo
276 2659 508 2730 pedespoudueo,
523 2660 648 2714 secundo
664 2660 784 2731 dactylo,
801 2659 896 2726 tertio,
913 2664 1015 2731 quarto
1107 2662 1214 2718 Deinde
1239 2661 1368 2732 sequitur
1398 2659 1550 2731 descriptio
1585 2657 1735 2714 duodecim
1762 2656 1918 2724 mensium,

169 2748 329 2819 quintoque
353 2749 479 2803 trochaeo
492 2765 499 2816 ;
516 2748 647 2820 quamvis
663 2749 764 2803 ultima
778 2749 885 2821 syllaba
900 2748 1016 2803 indiffe-
1071 2766 1134 2824 quaa
1148 2749 1299 2804 nominum
1311 2750 1341 2803 in
1356 2749 1477 2820 singulis
1491 2748 1686 2821 etymologias,
1702 2747 1855 2818 signorum
1869 2761 1918 2799 uo·

169 2842 264 2892 renter
295 2837 324 2890 in
358 2837 494 2913 omnibus
522 2837 621 2892 metris
651 2837 808 2907 accipiatur
833 2841 861 2891 et
884 2837 1017 2908 frequen·
1071 2838 1360 2905 minaetstellarum,
1384 2836 1521 2908 insignis
1545 2851 1682 2891 numeros
1702 2840 1917 2906 ususquetem-

169 2931 212 2981 ter
250 2925 392 2981 trochaeus
426 2925 455 2980 in
484 2926 675 2997 spondaeum,
706 2927 857 2997 spondeus
896 2925 926 2980 in
953 2929 1016 2980 tro·
1036 2944 1175 3007 cporum
1195 2927 1329 2982 ostendit.
1351 2926 1421 2983 Huic
1441 2925 1624 2998 descriptioni
1642 2924 1915 2979 cohaerethoramm

168 3014 291 3082 charum,
330 3014 362 3069 iu
390 3013 587 3086 pyrrhichium
625 3013 757 3082 iambus,
786 3013 955 3086 iambusque
986 3013 1017 3068 in
1070 3032 1250 3088 permenses
1279 3031 1379 3071 omnes
1410 3015 1564 3070 dimensio.
1591 3013 1672 3080 Quod
1693 3029 1765 3085 opus
1790 3013 1913 3067 versibus

167 3102 376 3174 pyrrhichium,
400 3118 452 3173 per
473 3101 590 3157 ultimas
613 3102 734 3174 syllabas
763 3106 897 3158 transcat.
927 3102 1018 3174 Igitur
1070 3104 1194 3160 heroicis
1209 3103 1426 3176 quadringentis
1437 3108 1466 3158 ct
1480 3101 1692 3175 quinquaginta
1712 3101 1881 3170 completur.

169 3192 387 3248 Commendatio
403 3191 499 3263 priore
515 3191 559 3246 sui
570 3198 662 3263 parte,
677 3191 731 3247 hoc
741 3195 834 3246 metro
847 3191 1016 3263 composita,
1102 3196 1134 3249 ln
1150 3193 1207 3249 linc
1220 3193 1307 3248 totius
1325 3192 1415 3247 libelli
1440 3197 1570 3264 superest
1591 3191 1625 3246 de
1648 3190 1794 3245 creatione
1819 3187 1909 3244 mnndi

168 3297 215 3334 sex
231 3286 259 3336 et
276 3281 398 3352 triginta
420 3280 550 3335 versibus
563 3280 713 3352 impletur,
730 3281 780 3353 qui
795 3280 865 3335 item
879 3296 932 3352 per
945 3297 1016 3353 qua·
1071 3281 1208 3338 brevisct
1231 3284 1329 3353 aperta
1353 3280 1505 3352 descriptio
1537 3295 1602 3334 cum
1633 3277 1780 3333 additione
1809 3274 1907 3348 mystici

168 3375 279 3424 ternam
290 3368 519 3441 complexionem
533 3385 639 3424 novem
653 3369 777 3440 majores
787 3385 885 3424 versus
904 3370 1017 3442 explere
1070 3386 1170 3424 sensus
1185 3369 1215 3424 in
1229 3368 1346 3423 homine
1362 3384 1449 3439 super
1467 3367 1610 3422 creatione
1626 3382 1722 3422 rerum
1741 3363 1957 3437 accipiendize

169 3462 337 3512 noscuntur.
358 3456 502 3512 Posterior
518 3473 584 3528 pars
607 3458 882 3525 Commendatiouis,
905 3459 940 3513 ad
956 3459 1016 3514 Cae·
1071 3474 1136 3529 quae
1155 3457 1308 3529 descriptio
1328 3462 1420 3512 metro
1444 3456 1627 3511 Pherecratio
1655 3458 1775 3519 constat,
1805 3454 1878 3527 quod
1895 3469 1953 3520 ι

169 3561 262 3600 sarem
277 3546 364 3610 edita,
379 3550 469 3601 metro
494 3549 603 3600 constat
619 3545 771 3618 Dactylico,
795 3546 930 3612 Dimetro,
949 3549 1018 3602 Aca·
1070 3548 1238 3602 Pherecrate
1253 3546 1404 3600 inventore
1420 3546 1478 3600 sire
1493 3545 1706 3617 frequentatore
1719 3549 1943 3616 nuncupatum

168 3633 282 3703 talecto,
299 3634 377 3706 quod
393 3634 505 3706 dactylo
524 3637 637 3689 tantum
653 3635 743 3690 currit
764 3640 850 3707 atque
869 3636 1014 3707 spondaeo,
1070 3635 1216 3707 spondaeo,
1240 3633 1363 3705 dactylo,
1383 3634 1576 3705 spondaeoque
1597 3631 1766 3697 contexitur,
1789 3628 1933 3704 quamvis

168 3737 263 3793 neque
278 3722 373 3793 aliqua
396 3722 504 3794 syllaba
520 3724 555 3778 ad
576 3723 789 3795 plenitudinem
808 3723 929 3796 indiget.
950 3724 1017 3779 llaec
1070 3741 1122 3797 pro
1150 3723 1261 3778 ratione
1282 3722 1442 3777 novissimae
1464 3722 1592 3793 syllabae,
1616 3721 1735 3776 ultimus
1765 3721 1937 3791 spondaeus

168 3827 235 3884 pars
251 3811 444 3883 quadraginta
465 3812 595 3884 duosque
620 3813 776 3868 versiculos
799 3813 938 3881 continet,
965 3813 1016 3885 qui
1070 3812 1236 3883 frequenter
1248 3810 1278 3866 in
1295 3811 1453 3865 trocheum
1477 3815 1613 3865 mutetur.
1634 3809 1664 3863 ln
1678 3808 1731 3864 hac
1750 3805 1934 3879 descriptio·

168 3899 229 3954 seni
245 3900 329 3956 simul
354 3905 490 3956 coeuntes
510 3904 619 3973 septem
635 3901 739 3972 majori
757 3902 958 3972 conjunctione
975 3902 1015 3956 la·
1070 3918 1106 3957 ne
1121 3900 1208 3955 ternis
1221 3899 1349 3955 versibus
1366 3900 1394 3954 in
1410 3914 1502 3954 unum
1517 3898 1698 3965 coeuntibus,
1719 3897 1851 3953 minores
1871 3893 1939 3949 dr·

168 3989 248 4043 ciunt
262 4005 369 4044 versus.
1068 3989 1146 4044 centi
1159 3989 1304 4060 octoginta
1324 3989 1463 4060 quinque,
1483 3989 1605 4059 majores
1620 3987 1754 4058 nonginti
1768 3991 1835 4042 octo
1855 3981 1941 4041 effi·

204 4078 358 4148 Reliquum
381 4077 487 4133 deinde
500 4094 573 4149 opus
593 4079 629 4133 ad
651 4078 826 4149 completum
850 4079 1013 4151 llartyrolo·
1069 4077 1193 4132 ciuntur.
1212 4077 1253 4131 lta
1268 4077 1298 4131 in
1319 4076 1399 4131 omni
1421 4076 1476 4131 hoc
1498 4092 1584 4148 opere
1606 4077 1787 4131 mrarsornm
1813 4079 1944 4130 meut-

167 4165 259 4236 gium,
273 4166 390 4221 heroico
413 4167 551 4234 carmine,
567 4167 642 4238 quod
658 4183 673 4221 a
696 4167 783 4238 gestis
805 4167 933 4222 virorum
957 4167 1014 4222 lor·
1068 4182 1133 4221 rum
1144 4165 1347 4237 variarumque
1360 4180 1559 4220 mensurarum
1575 4179 1674 4219 versus
1694 4169 1772 4230 sunt,
1787 4163 1825 4218 ab
1838 4164 1948 4218 lmu-

167 4255 239 4309 tium
265 4253 452 4326 frequentatis
471 4255 642 4327 appellatur,
659 4260 688 4311 el
706 4256 870 4311 hexametro
893 4272 1015 4312 numero
1035 4251 1180 4311 Dcalione
1209 4255 1243 4311 ad
1271 4256 1361 4309 ileum
1394 4270 1485 4326 usque
1515 4254 1549 4308 ad
1585 4253 1738 4308 mundanae
1766 4239 1950 4307 creationis

167 4340 274 4411 pedum
289 4347 410 4407 constat,
428 4343 575 4398 excurrit:
597 4343 627 4398 in
653 4360 710 4415 quo
726 4350 828 4412 metro,
851 4350 958 4417 praeter
972 4347 1015 4399 ul·
1069 4342 1364 4416 comprehensionem,
1380 4343 1459 4399 mille
1475 4342 1612 4413 nongenti
1626 4341 1836 4397 novemdecim,
1853 4335 1952 4395 ΗΝ

167 4428 283 4494 timum,
300 4429 350 4502 qui
369 4430 535 4501 spondaeum
555 4432 756 4487 tantummodo
780 4432 838 4487 sive
857 4433 1016 4488 trochaeum
1067 4434 1107 4489 ita
1124 4433 1289 4505 complexus
1305 4448 1379 4499 sum,
1404 4436 1436 4486 ut
1458 4430 1521 4497 tibi,
1546 4430 1729 4499 Charissime,
1754 4431 1802 4484 cui
1828 4435 1861 4483 to
1874 4418 1953 4476 {1¹¹³

168 4517 281 4588 recipit,
307 4523 336 4572 et
355 4519 550 4590 penultimum
571 4519 677 4588 locum,
704 4522 755 4593 qui
776 4521 887 4593 dactylo
908 4522 1017 4576 solum·
1069 4522 1198 4594 opusculi
1213 4522 1286 4576 sicut
1300 4536 1413 4593 cunque
1427 4520 1587 4575 constiterit
1601 4536 1705 4574 mrrnus
1724 4518 1868 4591 assignat>
1895 4509 1956 4562 itur

167 4605 253 4659 modo
268 4605 418 4677 impletur,
438 4607 551 4680 reliqua
566 4608 626 4663 loca
640 4609 759 4663 licenter
771 4608 913 4680 dactylum
930 4625 1014 4680 spon·
1068 4611 1139 4667 nihil
1169 4610 1215 4665 hic
1245 4609 1425 4681 incognitum
1452 4609 1609 4664 dubiumve
1643 4612 1801 4664 remaneat.
1841 4603 1957 4660 [30⁰⁰

168 4692 297 4748 daeumre
314 4694 467 4766 rccipiunt.
484 4696 566 4761 Quod
581 4711 654 4767 opus
664 4695 699 4752 ah
714 4696 797 4752 initio
810 4698 1016 4768 Propositionis
1069 4699 1147 4753 Vale.

166 4849 1946 4884 -ῄ-ῇ-Ἥ--ῌ--κ

580 4994 846 5081 saouanms
875 4977 1071 5071 narrum
1102 4996 1275 5070 OPERIS
1303 4996 1500 5070 Tamus

970 5150 1117 5164 z

476 5223 665 5279 lNVOCthO
680 5232 701 5279 ⁸.
1107 5225 1307 5297 iuventorque,
1321 5225 1392 5280 honi
1406 5224 1469 5280 lons
1483 5226 1545 5281 sine
1559 5227 1694 5284 termino.

203 5310 299 5365 ¹»Celsi
312 5314 413 5365 cuncta
426 5326 540 5382 parans,
557 5312 691 5366 conditor
705 5311 829 5381 etheris,
1104 5314 1180 5369 Audi
1194 5315 1270 5386 quod
1287 5331 1388 5385 precor
1402 5319 1430 5369 et
1442 5317 1573 5388 supplico
1588 5317 1728 5383 servulus,

204 5397 286 5452 Orbis
297 5399 482 5471 principium,
500 5399 618 5454 luminis
634 5399 725 5455 editor
1106 5403 1200 5459 Plebis
1214 5407 1246 5459 tu
1261 5408 1347 5475 eaput
1361 5409 1389 5459 et
1403 5402 1496 5475 gloria
1510 5404 1650 5472 candide,

189 5521 352 5602 '‘ldetrum
394 5523 637 5592 Choriamhicum,
674 5526 894 5596 Tetrametrnm,
916 5530 1014 5583 Ascle·
1105 5530 1202 5586 bCelsi
1222 5533 1318 5584 cuncto
1339 5544 1453 5598 porcas.
1473 5529 1565 5585 Codex
1590 5529 1744 5600 Rig.,cctsi
1766 5530 1916 5589 recurrere·

100 5611 105 5616 ·
166 5592 312 5662 pradeum.
1067 5615 1149 5653 reus:
1165 5599 1236 5671 quin
1249 5600 1405 5671 legendum
1418 5600 1456 5655 sit
1468 5602 1533 5656 celsi
1546 5607 1638 5656 sancte
1649 5615 1761 5672 porcas,
1776 5615 1833 5655 non
1844 5588 1907 5647 vlidi
