3930 6098
126 216 172 270 vat
735 212 873 271 tritoltls
892 213 1047 270 nunaunt
1066 212 1098 271 S.
1120 213 1258 270 aarum
1820 214 1868 268 idi

157 349 218 400 liter
232 350 360 400 Bituricae
372 348 446 408 adiit,
458 351 485 398 et
498 346 531 398 de
545 347 704 398 abstinentia
718 352 745 397 et
758 348 959 412 conversatione
974 348 1065 413 ipsius.
1081 374 1112 386 -
1127 349 1164 398 la.
1178 348 1228 399 Ubi
1243 349 1353 399 Romam
1368 319 1429 400 tidel
1438 346 1727 412 ardorapruflciscttur.
1737 347 1812 397 -ls
1822 348 1866 398 uhi

157 426 173 462 a
187 413 295 462 custode
311 412 343 461 de
360 410 471 461 ecclesia
487 409 602 474 pellitur.
620 435 651 447 -
669 413 707 460 ll.
722 411 871 476 Apparente
891 412 968 461 Petro
984 412 1143 462 admonetur
1156 413 1190 461 ad
1204 411 1301 461 Gallias
1315 410 1409 461 redire.
1424 437 1455 448 -
1470 414 1508 462 lb.
1524 411 1632 461 lleditus
1647 410 1739 461 Sanmi
1753 409 1865 472 retertur,

99 486 103 491 ·
158 475 289 539 simulque
303 473 408 523 libellus
423 485 484 521 cum
497 485 575 536 prece
588 472 687 523 finitur.

408 667 521 722 CAPUT
541 665 684 721 PRllthl.
988 671 1011 722 Α
1026 667 1146 722 Partilas
1160 667 1215 722 sibi
1229 670 1372 722 terrarum
1385 670 1482 738 partes
1496 667 1641 734 adierunt,

200 791 367 850 ,mmmm
382 793 496 861 ,mg-„⁹
513 806 530 844 a
545 791 650 847 cm„
664 796 690 844 „
705 791 844 858 Aponon,
857 791 895 844 ,d
1026 756 1314 853 huminecunspicuo
1331 757 1480 810 rutilantes
1495 771 1573 810 mure
1589 755 1716 854 lucemus

343 864 371 919 s,
388 861 553 917 Amandum,
570 861 659 930 Hujus
674 867 757 915 orpus,
1024 843 1155 898 Praecelsi
1173 844 1306 898 Procerus
1320 845 1430 912 Petrus,
1446 844 1609 915 Paulusque
1623 858 1735 915 priores

61 988 65 999 '
162 992 187 1043 l.
203 987 317 1042 Arbiter
332 985 527 1056 omnipotens,
543 985 693 1038 homiuum
710 1000 866 1055 rerumque
882 986 970 1040 Crea·
1023 931 1207 1090 {23:⁰33
1211 932 1347 1076 2¹:³35?
1350 937 1454 1076 {³:332
1467 933 1687 1092 21:333?ss
1684 947 1795 1074 ¹⁰5ssOE

125 1074 401 1174 Efr⁰fu.m.ten⁶}³.ri³
415 1073 522 1127 mund⁰
536 1077 684 1171 pefeume'
701 1073 843 1140 ‘mmm’
880 1162 885 1172 ,
901 1073 969 1147 [wr’
1024 1112 1117 1179 Atque
1133 1109 1172 1163 ibi
1186 1109 1364 1164 constituunt
1378 1110 1466 1181 primi
1481 1110 1638 1165 fundamen
1653 1107 1785 1164 honoris.

124 1166 249 1265 Virginis
262 1168 378 1262 miravit
391 1163 560 1222 thalamum,
576 1167 774 1260 intactumque
790 1167 901 1232 paravit
1023 1196 1096 1251 Hinc
1111 1197 1182 1268 peu,
1194 1198 1322 1252 Andreas
1336 1200 1518 1270 properando
1534 1198 1625 1253 ,mus
1640 1196 1776 1254 mmm

126 1254 285 1324 H⁰sp¹¹¹¹¹m
299 1252 424 1312 ”hum
437 1250 539 1304 chum
554 1265 611 1319 (³¹¹⁰
625 1265 742 1303 ¹¹⁰m¹¹¹⁰
755 1255 847 1320 pm
1024 1286 1063 1339 rtc
1076 1301 1181 1340 numen
1196 1288 1347 1357 proprium
1363 1287 1503 1357 patrando
1517 1287 1639 1342 viriliter
1652 1286 1764 1358 implet.

125 1341 273 1396 llczechiel
289 1339 381 1409 signal
395 1354 481 1410 quam
499 1339 594 1391 nullus
610 1338 742 1391 conditus
759 1339 846 1392 intrat
859 1349 880 1407 ⁸,
1025 1375 1096 1429 ,Huc
1109 1374 1205 1429 ,acum
1221 1375 1343 1445 geminis
1358 1376 1485 1431 ,udoeam
1503 1376 1615 1447 „mus
1629 1379 1746 1430 omn,

127 1429 263 1492 uisurus,
279 1428 324 1481 cui
340 1428 433 1480 clausa
449 1430 548 1496 putent
563 1425 736 1491 habitacula,
753 1426 891 1494 Christus,
1025 1463 1120 1517 pasca
1136 1464 1239 1517 down,
1254 1464 1341 1518 simi„
1357 1480 1491 1519 resonam
1508 1470 1606 1520 ,enm
1621 1463 1754 1519 novenis·

76 1508 82 1523 ‘
126 1517 217 1587 thue
232 1516 323 1586 magis
336 1520 450 1584 stupeas
466 1514 600 1585 quodque
615 1519 657 1568 est
672 1514 803 1569 mirabile
819 1515 907 1582 dictu,
1025 1550 1094 1605 ,ndo
1109 1551 1175 1606 ,sia
1188 1551 1296 1606 accedi,
1311 1552 1427 1607 monn„
1441 1568 1575 1607 ,omem
1590 1551 1720 1619 ,omnig

125 1605 250 1660 &⁸¹⁰ssss
264 1604 389 1701 Qum
405 1604 563 1700 p⁰.⁰⁰.lr⁸m
576 1604 667 1672 j³¹¹u⁸
680 1608 810 1698 p⁰rS³m³
1025 1639 1116 1704 Quam
1133 1640 1311 1710 paradisiaco
1327 1641 1473 1696 sitientem
1488 1640 1608 1696 flumine
1620 1644 1704 1711 potat

61 1764 67 1779 ·
126 1692 206 1789 und?
222 1692 364 1789 ww
381 1694 502 1788 ΜΨ
518 1688 617 1743 estem
629 1694 770 1786 parem
1027 1728 1178 1798 lampadis
1191 1732 1219 1782 ct
1231 1728 1352 1799 Scythice
1368 1730 1546 1800 resplenduit
1560 1745 1609 1784 ore
1622 1728 1783 1800 Philippus,

125 1781 249 1851 v¹rg¹⁰¹⁸
264 1784 389 1849 ’ΝΜ
406 1777 542 1832 dehctum
559 1776 648 1831 delfflt
664 1778 739 1843 Μ’
1025 1818 1117 1888 Atque
1133 1816 1173 1871 ihi
1188 1818 1342 1888 complevit
1356 1818 1474 1889 propriu
1490 1817 1565 1888 quod
1580 1816 1726 1873 bitumine
1737 1817 1831 1889 signat.

125 1868 247 1924 Protulit
262 1873 288 1921 et
304 1866 413 1921 mundo
430 1882 530 1919 verum
546 1865 606 1919 sinc
624 1865 732 1919 semine
748 1864 881 1920 fructum.
1027 1906 1174 1959 ,humus
1188 1906 1339 1976 Μίθρῃ
1356 1909 1483 1961 ,omme
1500 1907 1600 1961 ardore
1615 1911 1757 1962 cremnos

126 1958 199 2028 Ergo
214 1956 262 2010 uhi
278 1955 430 2027 conspicuo
444 1954 582 2024 processit
598 1954 706 2008 honore
723 1955 907 2025 Redemptor.
991 1946 1012 2001 Β
1028 1994 1063 2048 U,
1074 2002 1085 2027 ο
1098 1994 1176 2048 fleon
1191 1994 1313 2049 eximius
1329 2001 1438 2049 ,acmo
1456 1995 1541 2050 dun„
1556 2011 1652 2062 amne,

125 2047 159 2101 Et
174 2045 280 2100 mundo
297 2043 403 2098 effulsit
420 2042 524 2097 thhu
540 2043 705 2096 rutilantior
720 2042 799 2112 ipso;

125 2136 253 2190 Pastores
268 2148 404 2204 pecorum
420 2131 518 2202 primi,
535 2130 682 2202 pressique
696 2146 810 2201 pavore,

125 2222 296 2294 Conspicuus
310 2223 383 2275 cives
397 2236 513 2274 carmen
528 2219 641 2274 coelesle
654 2224 789 2273 canentes

124 2311 266 2366 Audivere
277 2309 360 2363 astris
372 2308 489 2362 arrectis
505 2307 622 2362 atrrihus
638 2323 643 2361 :
661 2310 769 2361 Auctor

124 2399 167 2454 Ad
182 2403 272 2452 terras
288 2413 384 2452 rerum
400 2397 477 2468 quod
492 2397 604 2450 venerit
616 2402 643 2450 et
659 2396 829 2466 Reparatur,
888 2428 896 2441 .

125 2486 213 2558 Cujus
228 2487 257 2540 iu
274 2490 372 2540 exortu
387 2484 495 2539 coelssli
511 2484 604 2555 gloria
616 2498 705 2553 regno

125 2576 158 2631 ln
171 2574 312 2637 terrisque
327 2573 400 2627 iuret
415 2572 525 2626 homini
541 2588 594 2642 par
610 2576 706 2625 sancta
721 2570 835 2625 volenti.

123 2665 206 2718 Astra
220 2663 280 2733 poli
295 2676 409 2715 censere
424 2676 492 2713 suus
506 2660 581 2730 quud
598 2660 730 2714 conditur
744 2663 828 2728 esset,
886 2727 891 2740 ,

124 2751 166 2805 Ad
182 2750 264 2822 cujus
278 2764 366 2803 cunas
381 2750 491 2802 stellam
507 2749 610 2802 misere
626 2764 783 2816 coruscam,

1027 2081 1059 2135 Et
1070 2081 1137 2135 iacit
1152 2081 1181 2135 in
1197 2082 1321 2153 speciem
1336 2083 1409 2138 lutus
1424 2082 1545 2138 candere
1560 2082 1695 2138 nivalem.

1026 2168 1163 2224 ludorum
1179 2170 1312 2224 tenebras
1323 2170 1455 2225 discussit
1469 2171 1706 2240 Bartholomaeus,

1027 2257 1104 2311 Fecit
1117 2263 1145 2312 et
1159 2258 1275 2329 egregia
1287 2259 1447 2329 splendoris
1461 2260 1524 2315 lnce
1539 2275 1680 2315 coruscus.

1026 2345 1145 2399 Parthos
1160 2345 1298 2401 sollicitus
1313 2352 1435 2418 cognato
1452 2362 1533 2401 more
1548 2346 1640 2402 beatis

1025 2431 1160 2501 Explorat
1172 2434 1297 2488 Thomas
1309 2434 1416 2506 digitis,
1433 2441 1462 2489 et
1475 2436 1593 2490 vulnera
1608 2438 1708 2491 narrat

1026 2519 1094 2584 Quae
1110 2521 1223 2576 Domini
1237 2522 1308 2577 sidit
1322 2527 1522 2593 postmortem
1538 2523 1567 2578 iu
1580 2540 1701 2595 corpore
1713 2523 1776 2580 viri.

1026 2607 1125 2663 Simon
1138 2611 1284 2664 Persidem
1299 2611 1375 2666 dulci
1389 2612 1539 2668 comitatus
1553 2613 1634 2679 luda,

1026 2697 1131 2752 Bellica
1145 2715 1209 2770 quaa
1224 2699 1327 2765 iuerat,
1344 2701 1421 2755 verbi
1438 2717 1573 2755 mucrone
1588 2702 1713 2772 subegit.

455 2841 458 2848 .
1024 2786 1176 2857 AEtli'Plum
1192 2793 1309 2854 terram,
1327 2789 1428 2843 mellus
1443 2805 1528 2854 quum
1545 2789 1626 2844 Nilus
1640 2789 1792 2852 inundans,

125 2841 264 2938 Huncque
279 2855 363 2940 suum
381 2840 534 2936 [luminum
551 2838 670 2936 pelagus
684 2843 857 2907 cognoverat
872 2854 942 2906 esse,
1026 2875 1118 2946 Fruge
1136 2876 1281 2948 Evangefi,
1296 2877 1422 2948 comme,
1433 2894 1548 2949 quoque
1562 2879 1671 2933 umus
1685 2879 1788 2949 opima,

124 2927 159 2983 Se
174 2929 279 2998 plantis
292 2943 372 2998 cujus
387 2927 520 2980 calcabile
536 2926 667 2997 praebuit.
685 2927 784 2980 Almus

124 3017 170 3072 Sol
186 3033 299 3088 quoque
313 3015 468 3083 condoluit,
487 3031 550 3069 cum
567 3016 656 3069 lirum
671 3014 769 3085 stipite
785 3015 856 3068 vidit

123 3106 206 3160 Fleus
220 3105 345 3159 famulus
359 3105 511 3158 Dominum
525 3105 606 3158 iurvu
621 3104 730 3157 velatus
746 3102 862 3157 amictu.

123 3195 267 3266 Terraque
282 3194 424 3263 cognovit,
442 3193 556 3264 quaudo
574 3199 616 3246 est
627 3207 763 3245 concussa
777 3195 903 3246 tremore

124 3283 258 3339 llurribili
275 3283 369 3337 fractis
384 3282 552 3335 Sanctorum
569 3281 622 3334 ritc
638 3280 787 3350 sepulcris.

122 3372 310 3442 Internusque
327 3385 433 3440 pavens
447 3371 573 3433 tremuit,
589 3384 654 3421 cum
669 3370 792 3422 claustra
807 3369 918 3424 revulsa

123 3460 210 3525 Vidit,
224 3461 380 3528 conspicuo
393 3457 545 3510 contractis
560 3455 668 3509 luuiiue
680 3455 777 3509 valvis.

1025 2962 1140 3018 Semina
1154 2972 1253 3019 sancta
1267 2965 1371 3020 serens.
1385 2967 1504 3022 Sanctus
1519 2983 1649 3022 sermone
1664 2983 1788 3038 superno

1025 3053 1141 3107 Vivillco
1157 3055 1277 3108 mundat
1289 3057 1412 3126 populus
1426 3055 1597 3126 baptismata
1614 3057 1713 3124 Lucas,

1026 3141 1080 3194 Ros
1093 3158 1207 3213 quoque.
1222 3149 1289 3213 pust
1303 3144 1383 3198 missi
1399 3145 1531 3199 ductores
1546 3145 1598 3199 rite
1611 3149 1775 3216 sequentes,

990 3229 1079 3296 cPer
1095 3231 1234 3285 uiundum
1250 3232 1341 3302 sparsi
1358 3238 1524 3301 sparserunt
1536 3234 1623 3288 verba
1634 3235 1749 3303 salutis;
1773 3289 1777 3295 ,

1024 3321 1110 3372 Actus
1124 3318 1254 3388 prosaico
1269 3334 1393 3390 quorum
1410 3335 1541 3374 sermone
1556 3321 1657 3384 notati,

1025 3407 1058 3460 Et
1070 3422 1147 3460 nunc
1163 3422 1253 3476 usque
1268 3411 1397 3472 manent,
1414 3413 1442 3460 et
1457 3407 1485 3462 iu
1501 3407 1599 3462 omnia
1611 3408 1694 3462 saecla
1704 3408 1854 3472 manebunt,

1025 3494 1157 3549 Carmine
1173 3494 1332 3564 quinetiam
1348 3496 1540 3566 quorumdam
1556 3496 1628 3550 iacta
1643 3502 1799 3564 canuntur;

158 3587 185 3638 2.
203 3583 258 3637 Sed
274 3582 342 3653 quia
357 3581 506 3651 terrigena
522 3581 628 3650 Regem
645 3597 731 3651 super
742 3581 838 3635 omnia
848 3582 970 3636 necdum
1023 3581 1158 3636 Versibus
1171 3587 1201 3635 et
1214 3582 1350 3637 brevibus
1362 3599 1512 3655 nunquam
1525 3583 1682 3638 brevianda
1694 3584 1824 3657 ligantur.

124 3672 204 3727 Hunc
219 3671 278 3726 iure
293 3671 456 3737 credebant,
470 3669 622 3725 simulacra
638 3669 761 3723 nefanda
776 3675 919 3739 putantes,

123 3762 177 3815 Pro
192 3758 286 3816 dolori
302 3776 362 3813 esse
379 3761 464 3826 Deos;
479 3775 535 3813 uon
551 3758 676 3828 amplius
690 3758 745 3813 istu
758 3774 874 3815 manere

122 3851 236 3918 Passus,
253 3855 282 3903 et
295 3849 423 3920 antiquae
438 3864 490 3902 uec
505 3848 610 3902 damna
625 3847 720 3901 videre
733 3847 836 3917 ruinas,

121 3938 215 4008 Elegit
230 3939 380 4010 quosdam,
397 3953 468 4007 quos
483 3936 574 4007 gralia
587 3936 646 3989 stila
661 3935 767 4002 beavit,

121 4027 176 4081 Per
190 4042 262 4097 quos
277 4022 438 4096 quadrifido
453 4022 551 4077 mundi
567 4023 620 4076 suh
634 4023 750 4076 cardine
764 4026 863 4092 gentes

122 4114 261 4181 Saliaret3
278 4114 384 4184 quibus
399 4111 526 4165 ostendit
540 4110 679 4164 miracula
694 4126 810 4180 magna,

122 4201 268 4256 Defunclls
286 4201 370 4254 vitam
386 4199 524 4264 tribuens,
542 4198 613 4252 dans
628 4197 738 4251 lumina
753 4198 844 4251 coecis.

122 4288 244 4344 Venerat
257 4293 285 4342 et
299 4288 436 4360 quoniam
450 4303 536 4358 supra
551 4286 586 4340 de
601 4285 667 4340 sede
683 4285 867 4358 Redemptor,

103 4379 158 4434 =1lt
173 4377 292 4449 propriu
305 4381 398 4431 tutum
410 4376 531 4430 salvaret
546 4373 684 4446 sanguine
699 4375 851 4444 mundum,

122 4466 236 4535 lllusus,
253 4481 353 4532 cresus,
368 4463 530 4532 damnatus,
543 4463 722 4533 dispoliatus,

121 4557 135 4611 J
139 4555 231 4610 udicio
246 4555 352 4625 injusto
366 4554 456 4608 luder
469 4551 656 4624 justissimus,
673 4552 759 4607 iudex

120 4643 254 4712 lustitia,
271 4648 397 4697 extremo
412 4641 573 4710 crucifixus,
592 4646 620 4696 ct
635 4642 701 4695 inde
716 4642 855 4713 sepultus,

122 4732 319 4787 Multimodum
336 4747 454 4802 superas
468 4730 593 4802 spolium
607 4730 742 4785 relevavit
756 4730 791 4784 ad
807 4746 901 4785 auras.

122 4821 191 4877 lude
206 4821 305 4892 polum
320 4827 483 4891 penetrans,
497 4821 558 4890 jam
574 4817 656 4872 dictis
670 4818 746 4873 dona
761 4819 873 4875 remisit

122 4908 274 4981 Discipulis
287 4908 427 4980 promissa
440 4907 509 4974 suis,
524 4907 588 4976 quis
603 4907 726 4977 Spiritus
741 4907 817 4978 iguis

121 4997 210 5052 nituit
225 4998 254 5052 in
269 4996 362 5068 specie
377 5000 502 5062 sanctus,
520 4996 591 5050 dans
605 4995 704 5049 munia
715 4995 834 5066 linguae,

123 5083 185 5148 Qua
197 5089 315 5157 possent
328 5083 437 5137 mundo
453 5082 597 5152 magnalia
610 5081 668 5136 visa
682 5081 799 5136 reterre.

1059 3697 1086 3750 4.
1106 3697 1144 3750 tle
1160 3712 1284 3767 quorum
1300 3714 1421 3752 numeru
1437 3698 1586 3753 confessor
1598 3699 1678 3754 iulsit
1689 3699 1835 3765 Amandus,

1023 3784 1066 3838 Ad
1080 3785 1161 3854 cujus
1178 3786 1264 3838 modo
1280 3792 1360 3856 gustu
1375 3802 1493 3841 manum
1508 3787 1710 3859 calamumque
1727 3787 1854 3843 novellum

1024 3873 1171 3938 Mittimus,
1187 3879 1215 3927 et
1228 3874 1293 3928 nisu
1307 3876 1490 3945 praegrandia
1506 3876 1652 3947 tangimus
1666 3881 1756 3944 arcto,

1025 3963 1186 4032 Inspirante
1201 3964 1274 4031 lieu;
1291 3963 1359 4034 quia
1375 3979 1479 4035 magua
1491 3968 1534 4018 est
1550 3965 1641 4035 portio
1658 3965 1761 4027 laudis,

1024 4049 1102 4103 illius
1117 4048 1227 4104 calamo
1244 4051 1334 4105 varios
1347 4053 1486 4123 replicare
1502 4052 1622 4108 labores.

1024 4141 1064 4192 Ac
1078 4155 1168 4209 genus
1183 4145 1211 4192 el
1224 4140 1347 4210 patriam
1362 4156 1413 4194 seu
1429 4140 1514 4195 sortia
1526 4141 1651 4196 scribere
1665 4147 1744 4213 gesta

1025 4227 1066 4282 Ad
1081 4227 1194 4282 laudem
1210 4228 1333 4297 Domini,
1347 4227 1410 4283 haec
1422 4231 1504 4301 cujus
1516 4230 1621 4286 virtute
1636 4231 1758 4303 peregit,

1026 4315 1171 4387 Quidquid
1187 4318 1265 4371 enim
1280 4317 1410 4372 cauimus
1425 4335 1572 4373 servornm
1583 4319 1613 4373 in
1625 4319 1709 4374 laude
1720 4320 1847 4381 honorum,

1024 4403 1149 4476 Respicit
1165 4405 1200 4460 ud
1218 4405 1386 4472 [lominum
1402 4407 1483 4477 cujus
1498 4406 1553 4460 hoc
1567 4422 1688 4461 munere
1703 4407 1811 4462 sumunt

987 4533 1010 4588 ὓ
1024 4492 1094 4548 Cum
1111 4493 1184 4547 hene
1201 4494 1252 4565 qui
1266 4493 1392 4565 produnt
1403 4494 1512 4564 justum
1527 4498 1556 4549 et
1569 4494 1714 4550 landabile
1729 4491 1809 4549 sancti

1023 4580 1115 4635 Mente
1128 4596 1214 4635 manu
1233 4580 1342 4651 lingua,
1360 4581 1534 4643 meditando,
1545 4582 1703 4653 operando,
1716 4575 1845 4653 loquendo

1023 4668 1085 4733 Quo
1101 4668 1163 4723 sine
1178 4669 1271 4739 pulvis
1281 4669 1368 4723 humo
1379 4674 1435 4738 est3
1448 4685 1581 4740 quocum
1592 4667 1632 4723 nil
1645 4665 1843 4724 charinserstat

1060 4769 1085 4820 5.
1102 4766 1173 4821 Nam
1188 4773 1313 4836 quantus
1327 4767 1424 4833 luerit,
1442 4767 1523 4838 cujus
1538 4766 1711 4821 describitur
1724 4771 1807 4829 aclus3

1023 4854 1122 4919 Qualis
1137 4855 1166 4907 in
1181 4854 1235 4908 hou
1247 4854 1349 4923 virtus,
1366 4854 1467 4927 pietas,
1482 4855 1596 4910 devotio
1611 4855 1716 4926 qualis,

1024 4941 1157 4996 Centenis
1170 4941 1266 4996 nullus
1280 4943 1385 5014 poterit
1398 4943 1568 5013 depromere
1583 4943 1703 5014 linguis,

1024 5030 1143 5085 Gutture
1159 5029 1310 5085 millesono
1323 5031 1447 5086 tonitrus
1459 5030 1483 5085 si
1498 5047 1577 5087 more
1592 5031 1706 5086 boarit:

1025 5118 1100 5183 Quin
1111 5120 1207 5174 miuus
1222 5119 1282 5174 haec
1297 5120 1397 5191 gracili
1410 5136 1542 5175 sermone
1552 5120 1660 5175 reterre
1675 5119 1784 5187 valebo,

158 5212 183 5265 3,
202 5208 237 5265 lli
250 5222 365 5280 quoque
381 5204 515 5277 pervigili
526 5205 703 5277 complentes
713 5205 793 5276 jussa
808 5205 914 5274 labore,
1023 5207 1078 5272 Qui
1094 5207 1174 5262 rudis
1188 5207 1321 5274 existens,
1337 5208 1451 5280 epicum
1466 5207 1626 5279 primordia
1640 5207 1688 5263 vir
1701 5222 1777 5263 nunc

158 5375 171 5401 ⁵
184 5369 281 5422 Ezech.
296 5384 368 5435 xciv,
382 5370 408 5421 2.
1059 5377 1070 5403 ⁰
1084 5369 1184 5432 Geton,
1199 5369 1354 5425 secundam
1369 5369 1446 5425 inter
1457 5373 1593 5440 quatuor,
1603 5369 1727 5424 ssumina
1736 5354 1849 5442 Paradiffi·

157 5436 310 5500 Μιλῑππος
330 5438 472 5511 significat
488 5440 631 5492 amantem
654 5453 805 5508 equorum,
831 5453 864 5493 ac
883 5437 969 5494 belli·
1023 5441 1124 5496 Genes.
1154 5456 1182 5505 u.
1213 5443 1256 5508 la,
1284 5442 1409 5497 circumit
1440 5456 1545 5496 omnem
1575 5446 1678 5496 tearum
1710 5439 1849 5506 ds'tbt'ottt'·

124 5519 234 5570 cusum,
249 5522 281 5562 ac
295 5523 469 5580 generosum
483 5509 618 5578 iutelligit
633 5508 710 5562 blito.
