3930 6098
75 334 143 387 tote
677 334 782 392 naun
802 336 848 392 DE
868 336 995 393 TRIBUS
1017 338 1201 395 selsrotrs.
1755 347 1823 403 1046

71 470 104 524 Ει
120 469 221 524 beatus
233 469 410 541 Augustinus
423 470 453 525 in
467 470 548 525 libris
558 471 926 527 Retractationumeriden·
944 473 1008 526 Aet
1022 473 1236 543 perturbatione
1251 491 1435 547 magnorum,
1449 483 1478 532 et
1491 482 1656 533 sanctorum
1668 479 1745 552 apud
1758 480 1823 537 Gal·

71 561 116 611 ter
134 563 342 613 commemorat
364 564 392 613 ct
419 559 545 629 corrigit,
568 560 643 631 quod
667 561 748 630 juxta
773 560 921 631 cujusdam
976 561 1028 615 lias
1051 561 1189 631 virorum,
1223 563 1272 633 qui
1310 565 1371 634 eins
1409 566 1651 636 disputationibus
1679 567 1824 624 intantum

70 646 187 719 scripta,
205 647 361 701 sententias
376 646 512 717 quasdam
526 648 663 703 delibero
679 647 808 714 arbitrio,
834 653 862 701 et
886 647 921 702 de
975 650 1098 719 permoti
1113 650 1239 717 luerunt,
1256 655 1283 704 el
1306 653 1429 723 quodam
1451 654 1537 710 taedio
1563 655 1665 723 affecti,
1695 660 1725 712 ut
1749 672 1822 729 prue-

71 734 164 805 gratia
194 736 244 789 [lei
276 735 316 789 sic
344 735 483 790 intellexit
521 742 550 790 et
588 736 751 808 exposuerit
783 742 921 807 tanquam
974 736 1174 792 destinationis
1203 755 1329 806 sensum,
1356 740 1406 810 qui
1434 741 1469 796 ab
1492 758 1525 795 eo
1548 747 1711 798 constanter
1733 744 1824 800 etin·

69 823 227 879 beatissimi
256 823 325 878 liisti
353 824 490 878 Romane
519 824 597 879 urbis
617 824 760 896 pontificis
789 831 817 879 et
842 841 921 879 mar·
976 831 1083 880 stanter
1110 826 1329 897 predicabatur,
1356 828 1399 881 vel
1423 830 1504 899 quasi
1524 831 1637 896 falsum,
1668 833 1711 886 rel
1740 833 1823 904 quasi

69 911 264 983 tyris,cume
286 912 428 966 contrario
458 918 556 982 postea
584 913 724 968 invenerit
752 913 921 968 ethnicieas
975 913 1055 968 valde
1072 914 1542 986 periculosumpotiustacendum
1560 935 1620 973 esse
1647 920 1821 991 judicarent.

69 1015 131 1054 esse
144 999 321 1070 philosophi,
339 999 368 1054 id
382 1005 423 1052 est
438 1000 516 1054 Sexti
529 1000 697 1072 Pyhugorei.
975 1001 1027 1056 Sed
1044 1018 1096 1056 nec
1111 1006 1189 1056 tanta
1202 1003 1429 1072 perturbatione,
1443 1009 1472 1059 et
1489 1007 1669 1075 permotione
1681 1007 1821 1074 fidelium,

104 1087 176 1140 Nam
193 1090 222 1140 et
238 1087 298 1156 ipse
315 1102 401 1158 supra
416 1091 592 1141 memoratus
608 1087 720 1142 libellus
744 1087 920 1141 manifestis·
974 1088 1008 1143 ab
1034 1089 1192 1144 intentione
1215 1090 1403 1145 veracissimae
1430 1095 1458 1145 et
1482 1093 1655 1149 fidelissimae¹
1683 1096 1821 1151 doetrinae

68 1173 149 1228 simis
172 1173 286 1228 indiciis
310 1190 414 1229 nunse
433 1175 524 1229 sancti
552 1175 704 1246 Augustini
733 1191 793 1229 esse
822 1182 920 1244 aperte
974 1193 1032 1231 suas
1048 1178 1142 1249 frangi
1162 1179 1267 1249 potuit,
1289 1183 1340 1233 ant
1361 1180 1499 1234 revocari.
1530 1181 1585 1236 Sed
1614 1183 1705 1252 magis
1731 1189 1823 1239 eosct

69 1264 208 1333 ostendit,
228 1264 297 1336 qnia
323 1281 377 1319 nec
401 1264 600 1336 praelationem
624 1264 751 1335 aliquam
782 1264 811 1317 in
837 1264 919 1319 initio
974 1264 1085 1336 scriptis
1101 1266 1158 1318 suis
1183 1267 1355 1336 inquantum
1380 1269 1475 1337 potuit
1493 1269 1645 1323 admonuit
1666 1275 1695 1325 et
1719 1271 1823 1327 instru-

68 1352 112 1408 sui
128 1352 216 1423 gerit,
232 1353 281 1407 ubi
295 1369 325 1407 se
343 1353 378 1407 ab
394 1353 537 1425 aliquibus
562 1357 707 1425 rogatum,
730 1353 773 1406 rel
794 1353 848 1406 sibi
872 1369 920 1407 ne·
972 1355 1022 1421 rit,
1039 1360 1068 1408 et
1082 1354 1259 1409 orationibus
1280 1356 1355 1426 apud
1374 1357 1463 1411 Deum
1489 1358 1614 1428 profusis
1629 1358 1752 1414 fideliter
1771 1360 1822 1414 ad·

67 1441 312 1509 cessariovisum,
329 1441 474 1496 utdetali
493 1456 534 1509 re,
551 1440 639 1496 idest
661 1440 919 1512 predestinationis
970 1443 1056 1516 juvit,
1084 1447 1116 1495 ut
1134 1442 1329 1514 intelligerent
1350 1450 1379 1499 et
1401 1452 1589 1516 agnoscerent
1614 1463 1701 1517 quam
1723 1463 1821 1502 neces·

66 1529 168 1599 verbo,
194 1529 225 1583 in
250 1529 309 1584 suis
324 1530 404 1584 libris
429 1528 612 1600 corrigendo,
644 1531 703 1584 sive
729 1531 812 1584 aliter
831 1547 917 1602 expo·
973 1531 1057 1593 sario,
1071 1535 1099 1586 et
1114 1547 1199 1601 quam
1224 1532 1376 1587 salubriter
1399 1538 1518 1604 propter
1541 1534 1826 1591 commendationem

67 1617 165 1673 nendo
177 1617 290 1690 aliquod
317 1635 425 1674 novum
441 1635 512 1688 opus
528 1618 674 1686 scriberet,
692 1624 720 1673 et
743 1618 918 1690 significasse
974 1620 1077 1674 divinae
1093 1620 1193 1690 gratia>
1207 1621 1335 1691 ejusdem
1350 1621 1610 1692 praedestinationis
1630 1622 1733 1678 veritas
1754 1640 1820 1679 orn-

67 1705 241 1761 inreniatur.
271 1707 326 1762 Nec
352 1706 410 1760 ulla
437 1707 501 1761 talis
530 1707 683 1761 necessitas
707 1706 847 1762 exstitisse
871 1724 916 1762 co·
973 1709 1041 1763 nino
1057 1715 1085 1763 et
1100 1709 1243 1764 credenda
1258 1715 1285 1764 et
1301 1709 1578 1781 proedicandaesset.

68 1794 228 1868 gnoscitur,
267 1800 299 1850 ut
331 1795 366 1850 de
394 1795 452 1850 illis
483 1795 611 1867 quinque
638 1795 856 1867 quaestiouibus,
883 1764 959 1852 deB
1009 1797 1229 1868 Pelagianiveru
1241 1798 1367 1852 baeretici
1378 1814 1527 1870 nunquam
1538 1798 1820 1869 praedestinationem

67 1884 175 1956 quibus
198 1890 257 1939 tam
285 1885 386 1950 multa,
416 1887 445 1938 et
470 1889 528 1939 tarn
555 1884 753 1955 multipliciter
781 1885 811 1939 in
838 1886 919 1941 libris
973 1886 1001 1939 in
1015 1891 1096 1955 parte
1111 1886 1310 1957 reproborum,
1327 1886 1396 1958 quia
1413 1888 1456 1957 (ut
1470 1889 1616 1958 putamus)
1632 1891 1660 1942 et
1675 1902 1770 1942 reram
1793 1891 1822 1942 et

68 1971 298 2041 precedentibus
313 1971 517 2042 disputaverat,
544 1970 740 2027 iterumnuro
764 1989 851 2044 opere
872 1973 918 2029 di·
969 1974 1077 2044 justam
1105 1990 1166 2028 esse
1195 1975 1407 2041 intellexerunt,
1433 1975 1464 2029 in
1489 1976 1549 2047 ejus
1579 1976 1820 2047 disputationibus

67 2066 186 2130 sputare
214 2064 371 2130 cogeretur.
403 2059 455 2115 Sed
482 2065 511 2114 et
532 2059 593 2130 ipse
621 2076 715 2114 sermo
742 2061 777 2116 ab
803 2062 917 2133 eloquio
972 2061 1191 2133 reprehendisse
1206 2062 1393 2118 inveniuntur
1409 2078 1415 2117 :
1431 2065 1480 2118 sed
1499 2063 1699 2119 tantummodo
1712 2064 1743 2118 in
1760 2065 1818 2119 ele-

67 2149 159 2204 sancti
183 2148 336 2220 Augustini
365 2149 489 2203 multum
510 2148 675 2220 discrepat:
705 2154 732 2204 et
754 2165 853 2205 sensus
882 2150 917 2204 ab
972 2156 1082 2207 ciorum
1098 2156 1131 2207 ut
1145 2151 1271 2206 divinam
1291 2152 1414 2222 gratiam
1430 2153 1621 2221 destruerent,
1643 2157 1671 2208 et
1696 2153 1820 2208 liberum

66 2236 145 2293 illins
160 2254 247 2293 sensu
262 2253 320 2293 nou
343 2254 445 2310 parum
468 2237 590 2292 inferior
616 2237 751 2305 habetnr;
768 2245 797 2292 et
822 2238 918 2294 mode-
971 2241 1124 2296 arbitrium
1149 2241 1273 2294 bominis
1290 2241 1420 2295 sulficere
1437 2242 1652 2307 confirmarent,
1677 2257 1741 2296 eam
1766 2258 1818 2295 ne·

66 2327 121 2381 stia
134 2329 223 2398 atque
245 2325 394 2380 humilitas
409 2341 522 2380 morum
543 2331 572 2380 et
586 2342 751 2380 sermonum
772 2326 833 2396 ejus
859 2343 917 2382 non
971 2334 1125 2400 gaverunt3
1142 2329 1210 2399 quia
1233 2328 1374 2397 videlicet,
1400 2329 1423 2383 si
1446 2330 1631 2400 omnipotens
1652 2332 1727 2385 Deus
1753 2335 1820 2385 ante

66 2414 106 2470 ibi
129 2421 277 2481 serratur3
293 2417 322 2468 et
342 2415 501 2468 testimoniis
516 2429 549 2468 ec
573 2414 707 2468 Hebraico
729 2416 915 2482 translatione,
972 2416 1072 2472 muudi
1088 2417 1333 2486 constitutionem,
1357 2433 1428 2488 quos
1443 2420 1603 2473 salvaturus
1627 2423 1701 2473 esset
1721 2419 1818 2488 elegit,

65 2518 156 2576 quam
172 2503 273 2558 beatus
287 2502 480 2574 Hieronymus
496 2501 595 2571 edidit,
609 2503 786 2574 praetereJus
799 2520 917 2559 consue·
972 2509 1001 2560 et
1015 2505 1090 2560 dona
1110 2521 1171 2568 sua,
1188 2521 1253 2576 quas
1269 2505 1309 2559 eis
1328 2506 1484 2576 largiturus
1508 2506 1613 2573 iuerat,
1629 2506 1819 2577 praedestina-

65 2591 199 2647 tudinem
214 2596 314 2646 contra
334 2590 398 2646 illos
421 2591 572 2645 haereticus
599 2591 699 2646 utitur.
716 2591 798 2656 Quod
817 2591 865 2646 ille
882 2608 917 2648 ex
970 2595 1020 2661 vit,
1035 2599 1126 2648 cessat
1148 2593 1194 2648 hic
1216 2594 1310 2647 omnis
1332 2594 1452 2649 humani
1480 2593 1592 2648 arbitrii
1620 2594 1819 2665 presumptio,

66 2680 188 2751 antiqua
199 2679 297 2751 potius
317 2680 441 2735 editione
455 2680 547 2734 lacere
571 2680 725 2735 consuevit.
752 2681 785 2735 lit
799 2697 916 2751 prorsus
971 2686 999 2735 et
1013 2681 1073 2734 sola
1089 2680 1139 2735 [lei
1153 2681 1244 2749 gratia
1267 2680 1479 2735 evidentissime
1503 2686 1531 2734 et
1556 2680 1720 2736 firmissime
1743 2696 1819 2735 com-

67 2767 102 2823 de
118 2773 199 2823 tanto
214 2768 274 2822 viro
298 2768 403 2823 sentire
419 2768 569 2840 indignum
585 2774 637 2834 est,
653 2769 781 2836 verbnm,
798 2775 828 2823 et
851 2786 915 2824 sen·
970 2769 1134 2835 mandatur,
1150 2784 1202 2838 per
1226 2784 1311 2837 quarn
1329 2769 1423 2839 ipsum
1448 2769 1534 2822 etiam
1558 2769 1717 2823 humanum
1739 2768 1819 2822 arhi-

66 2872 131 2912 sum
158 2855 429 2927 predestinationis,
455 2872 542 2927 quem
557 2857 636 2911 omni
657 2863 786 2927 tempore
803 2857 832 2910 in
858 2858 915 2911 suis
970 2856 1070 2917 trium,
1093 2859 1121 2910 et
1148 2873 1163 2909 a
1193 2856 1330 2910 servitute
1356 2856 1462 2925 peccati
1492 2855 1637 2923 liberatur,
1664 2861 1693 2910 et
1715 2855 1819 2911 divinis

65 2945 225 3014 scriptiset
244 2945 497 3016 predicationibus
522 2945 616 3000 tenuit
639 2950 667 2999 et
694 2945 914 3014 commendarit,
969 2944 1136 2997 muneribus
1154 2941 1323 2997 illustratur.
1350 2947 1441 3012 Atque
1467 2943 1504 2996 ita
1521 2942 1646 2995 evidenti
1661 2947 1689 2995 et
1710 2942 1817 2996 invicta

65 3039 94 3088 et
108 3047 195 3104 quem
213 3031 242 3087 in
264 3032 344 3087 libris
354 3031 600 3087 Retractationurn
617 3048 798 3103 nequaquam
815 3047 914 3102 repre·
934 3033 1091 3113 eratione,
1127 3035 1219 3084 toturn
1253 3046 1351 3083 eorum
1381 3031 1600 3101 Pelagianorum
1643 3030 1757 3097 falsum,
1789 3036 1817 3085 et

63 3120 220 3176 hendendo
238 3121 336 3192 ntique
349 3120 528 3192 approbavit,
544 3120 573 3174 in
587 3121 641 3175 hoc
665 3121 763 3176 libello
778 3136 916 3176 evacuare
968 3119 1053 3173 fallax
1067 3119 1172 3187 dogma
1188 3118 1352 3172 destruitur.

65 3216 96 3266 ct
108 3211 257 3265 destruere
271 3209 445 3276 inveniatur,
463 3216 493 3264 ut
503 3211 564 3279 jam
588 3225 622 3263 ex
647 3209 812 3280 hujusmodi
837 3226 915 3265 occa·
1004 3208 1066 3262 Non
1080 3222 1148 3276 ergo
1163 3211 1260 3261 tautns
1275 3206 1376 3260 doctor
1391 3222 1487 3260 veram
1507 3207 1595 3261 divini
1617 3206 1720 3277 judicii
1740 3221 1815 3276 praa·

66 3297 159 3364 sione,
181 3312 235 3351 nec
256 3296 507 3352 retractationibus
522 3296 585 3368 ejus
600 3296 670 3352 tides
682 3297 846 3352 adhibenda
870 3297 913 3352 ri·
969 3296 1190 3351 destinationem
1213 3294 1248 3348 de
1276 3293 1461 3347 damnatione
1486 3293 1675 3363 reproborum
1703 3293 1733 3347 in
1764 3293 1815 3346 illo

64 3385 179 3440 deatur.
969 3383 1208 3455 Hypomnesticon
1224 3381 1321 3438 libello
1336 3382 1459 3452 negavit,
1478 3397 1564 3453 quam
1580 3381 1687 3453 ubique
1701 3380 1732 3435 iu
1756 3380 1815 3435 suis

102 3472 184 3528 Unde
200 3472 292 3543 magis
306 3472 442 3528 credibile
457 3476 509 3539 est,
527 3473 604 3544 quod
630 3489 690 3527 non
703 3490 791 3544 parvo
822 3474 914 3545 spatio
968 3472 1081 3542 scriptis
1108 3472 1252 3525 asseruit:
1283 3471 1332 3524 sed
1359 3471 1431 3523 atius
1455 3471 1582 3540 quidam,
1607 3476 1640 3523 nt
1668 3474 1813 3540 putamus,

64 3565 132 3633 post
143 3561 206 3632 ejus
222 3561 332 3616 obitum
349 3561 501 3632 aquodam
516 3561 572 3616 alio
589 3562 711 3631 scriptus
734 3563 780 3630 sit,
801 3567 830 3617 et
853 3579 914 3617 ma·
968 3576 1042 3614 nova
1057 3558 1239 3629 postmodum
1255 3559 1382 3628 ipsorum
1403 3557 1625 3627 Pelagianoruns
1647 3557 1815 3628 insurgente

64 3665 123 3721 gna
137 3665 172 3702 ex
196 3654 276 3720 parte
302 3649 383 3720 juxta
412 3649 541 3716 modum,
571 3654 600 3704 et
630 3649 751 3703 formam
778 3666 913 3706 sensuum
967 3646 1204 3702 calurnniavelut
1227 3662 1278 3715 per
1306 3646 1385 3699 illam
1409 3645 1693 3714 praedestinationem
1718 3661 1814 3717 repro-

63 3737 138 3807 ejus,
163 3741 264 3792 contra
293 3737 472 3807 Pelagianos,
499 3742 526 3792 et
555 3737 740 3792 Coelestianos
763 3737 913 3793 haereticos
967 3735 1069 3790 borum
1102 3734 1137 3788 ad
1166 3733 1314 3787 interitum
1344 3733 1398 3786 boc
1431 3733 1546 3786 doceret
1568 3733 1710 3800 Ecclesia;
1731 3732 1814 3804 quasi

63 3824 913 3896 deiltisquinquepericulosioribuseorumquestionibus
968 3825 1042 3878 Deus
1076 3837 1127 3874 sua
1158 3819 1410 3890 predestinatione
1436 3819 1632 3872 necessitatem
1648 3818 1814 3887 imponeret

62 3913 189 3969 breviter
215 3914 349 3968 collectus
381 3917 466 3984 atque
492 3914 633 3983 digestns;
664 3919 692 3968 et
721 3913 788 3985 qnia
817 3919 913 3969 auctor
966 3910 1142 3977 hominibus,
1160 3914 1188 3963 et
1202 3908 1231 3962 in
1246 3907 1305 3962 stris
1320 3906 1515 3975 impietatibus
1529 3905 1726 3976 permanendi,
1741 3909 1769 3960 et
1784 3905 1813 3961 in

63 4003 137 4072 ejus,
152 4001 242 4073 ipsius
258 4001 335 4056 beati
356 4002 508 4073 Augustini
530 4017 629 4057 sensus
654 4002 734 4056 brevi
760 4001 815 4058 isto
842 4019 913 4074 upu-
966 4004 1107 4056 aeternum
1135 3996 1287 4069 pereundi,
1313 3995 1454 4049 subtraxit
1478 3995 1597 4050 verbnm
1625 3995 1813 4065 pradestina-

63 4091 143 4145 scuto
155 4089 234 4144 velut
247 4090 277 4144 in
292 4104 383 4144 unum
396 4090 543 4160 collegisse
558 4095 588 4144 et
609 4090 775 4161 explicuisse
790 4090 911 4159 ridetur,
965 4088 1052 4145 tionis
1067 4087 1097 4141 in
1112 4090 1192 4157 parte
1211 4083 1398 4155 reproborum
1415 4098 1421 4136 :
1436 4082 1512 4154 quod
1535 4082 1632 4152 potius
1656 4082 1813 4137 secundnm

63 4178 130 4234 ideo
144 4178 200 4250 ipsi
212 4179 349 4250 opusculo
369 4193 474 4233 nomen
494 4179 584 4232 sancti
598 4177 752 4249 Augustini
776 4178 806 4233 in
829 4180 911 4234 titulo
965 4178 1114 4233 veritatem
1126 4174 1215 4229 divini
1226 4173 1340 4244 judicii,
1357 4176 1386 4226 et
1398 4171 1552 4242 diligenter
1563 4171 1680 4241 exponi,
1695 4174 1724 4225 et
1737 4186 1814 4225 com·

62 4266 200 4337 praelerre
217 4267 337 4321 voluerit
352 4282 360 4320 z
376 4282 434 4322 non
448 4266 525 4337 quod
550 4265 663 4320 vereab
686 4265 736 4320 illo
758 4265 795 4319 sit
818 4267 912 4322 editus
966 4265 1095 4320 mandari
1113 4265 1295 4335 oportuerat:
1320 4266 1349 4315 et
1372 4261 1463 4314 solam
1490 4263 1645 4315 electorum
1666 4259 1814 4331 predesti-

63 4355 113 4410 sed
129 4370 194 4409 vere
206 4355 249 4423 (in
263 4358 403 4426 quantum
424 4358 522 4409 auctor
545 4354 606 4424 ejus
629 4353 733 4425 potuit)
755 4353 836 4424 juxta
856 4355 911 4409 lor·
930 4351 1110 4408 linationem
1125 4357 1244 4406 conatus
1265 4354 1308 4405 est
1327 4364 1469 4415 asserere;
1484 4355 1570 4420 atque
1594 4349 1633 4403 ita
1657 4348 1727 4404 dum
1752 4347 1814 4403 vult

62 4459 141 4498 mam
158 4443 388 4513 disputationum
403 4442 465 4513 ejus
478 4442 605 4513 digestus
616 4447 702 4512 atque
723 4443 909 4512 compositus.
965 4443 1044 4496 illam
1074 4440 1207 4505 reluctare,
1232 4442 1260 4492 et
1288 4452 1433 4492 removere
1461 4436 1646 4506 calumniam,
1677 4449 1813 4508 magnam

63 4531 196 4601 (Velutsi
211 4529 345 4585 eumdem
369 4513 509 4601 libellum)
527 4529 654 4585 Latine»
680 4529 911 4585 blemoratorium
965 4529 1070 4583 erroris
1086 4528 1265 4582 occasionem
1289 4524 1377 4591 dedit,
1401 4528 1433 4578 ut
1460 4524 1591 4580 eamdem
1611 4530 1670 4580 tarn
1702 4541 1768 4580 vera
1784 4529 1813 4579 et

61 4619 156 4674 sancti
169 4619 321 4689 Augustini
336 4640 350 4669 υ
367 4619 511 4691 appellare
533 4617 679 4684 voluisset,
711 4617 783 4672 nibil
813 4618 910 4689 utique
966 4614 1116 4671 manifeste
1131 4617 1160 4669 in
1186 4613 1370 4669 damnatione
1392 4612 1581 4682 reproborum
1592 4613 1690 4669 divina
1706 4613 1813 4685 praede·

61 4708 142 4764 aliud
154 4706 377 4778 intelligeretur,
394 4707 448 4762 nisi
464 4706 531 4779 quia
551 4706 622 4761 illud
639 4707 715 4777 quod
730 4706 764 4761 ab
782 4723 815 4761 eo
831 4723 910 4778 spar·
965 4705 1081 4761 stinatio
1094 4704 1174 4757 nulla
1188 4717 1249 4756 esse
1264 4701 1439 4768 crederetur,
1456 4704 1484 4756 et
1505 4706 1642 4772 tanquam
1668 4702 1748 4757 nulla
1763 4702 1810 4770 sit,

61 4797 129 4863 sim,
144 4800 173 4851 et
188 4794 386 4866 multipliciter
407 4795 501 4851 luerat
521 4795 710 4867 disputatum,
733 4793 857 4851 breuiter
882 4798 912 4850 et
966 4798 1130 4864 negaretur.
1156 4792 1336 4862 Quapropter
1359 4789 1512 4861 diligenter
1535 4791 1679 4863 inquisita,
1700 4795 1728 4845 et
1753 4791 1811 4846 evi·

60 4886 140 4941 velut
163 4883 216 4938 sub
240 4899 296 4938 uno
312 4889 429 4955 aspectu
449 4884 576 4956 positum
595 4883 743 4939 memoriae
767 4898 911 4938 commen·
965 4882 1066 4937 denter
1095 4880 1192 4952 agnita
1217 4879 1344 4939 veritate,
1374 4885 1450 4934 esset
1477 4881 1622 4934 contentio
1645 4884 1674 4933 et
1696 4879 1812 4933 animo·

60 4973 152 5028 daret.
178 4973 249 5027 Nam
277 4971 302 5025 si
325 4973 427 5028 beatus
453 4973 629 5044 Augustinus
650 4972 912 5044 predestinationis
965 4971 1033 5026 sitas
1048 4969 1164 5034 erroris,
1186 4972 1214 5022 et
1234 4967 1405 5039 suscipiatur
1424 4968 1544 5022 libenter
1569 4971 1655 5035 atque
1677 4965 1813 5020 obedien·

60 5060 184 5116 verbum
200 5061 229 5114 in
254 5066 336 5134 parte
358 5062 557 5133 reproborum,
583 5066 615 5116 ut
629 5061 734 5117 durum
758 5065 786 5115 et
806 5060 910 5115 incon·
965 5065 1009 5114 ter
1038 5057 1229 5112 manifestatio
1255 5056 1392 5111 veritatis.
1419 5056 1455 5111 Ut
1478 5059 1574 5109 autem
1596 5052 1726 5124 quinque
1747 5054 1811 5109 illas

60 5164 186 5222 gruum
200 5148 245 5204 vul
271 5150 359 5205 etiam
374 5149 477 5204 laisum
500 5149 603 5204 inanis
631 5149 745 5219 scriptis
758 5149 910 5220 repudiare
965 5146 1147 5218 questiones,
1164 5146 1222 5200 sive
1232 5143 1427 5215 oppositiones
1438 5142 1658 5212 Pelagianorum
1669 5141 1700 5197 in
1718 5124 1810 5209 libris,

59 5244 90 5296 et
102 5238 241 5293 damnare
258 5239 402 5305 voluisset,
424 5238 515 5292 multo
537 5239 629 5309 major
643 5243 673 5292 et
698 5236 912 5293 formidolosior
965 5251 1038 5308 quos
1053 5235 1087 5290 de
1103 5232 1281 5304 expositione
1301 5232 1430 5299 Genesis,
1447 5229 1524 5285 idem
1547 5230 1646 5284 beatus
1675 5229 1810 5299 Augusti·

61 5326 172 5382 exstitit
196 5327 319 5394 occasi0;
343 5330 374 5382 ut
397 5327 450 5382 hoc
472 5326 503 5381 in
524 5326 615 5393 libris,
634 5340 717 5396 quos,
742 5325 776 5380 de
800 5325 910 5397 praede·
965 5338 1021 5378 nus
1041 5328 1138 5377 contre
1177 5337 1287 5375 errores
1323 5325 1352 5375 et
1383 5317 1561 5390 blasphemia
1591 5317 1811 5373 Manichaeorum

60 5414 219 5470 stinatione
252 5419 417 5470 sanctorum
444 5420 472 5469 et
506 5415 585 5471 dono
620 5414 840 5486 perseverantiae
875 5413 910 5469 ad
966 5411 1081 5482 scripsit
1095 5412 1344 5476 commemoraret,
1359 5424 1411 5463 nec
1433 5408 1464 5462 in
1486 5407 1592 5462 nostris
1606 5405 1752 5462 codicibus
1768 5406 1812 5460 in·

60 5505 239 5573 Prosperum
263 5508 291 5557 et
318 5503 458 5559 Hilarium
486 5503 608 5572 scripsit,
639 5502 730 5556 lacere
750 5508 909 5574 cogeretur,
966 5497 1087 5566 venitur,
1106 5513 1157 5551 uec
1177 5497 1235 5551 ulla
1257 5497 1329 5551 ratio
1344 5511 1405 5550 esse
1432 5495 1568 5551 videtur:
1594 5494 1663 5567 quia
1688 5494 1812 5549 manite-

60 5590 253 5661 compellente
266 5589 373 5646 scilicet
385 5591 621 5661 mntasupcrbac
631 5590 667 5645 de
681 5605 712 5645 ro
730 5590 913 5663 querimonia
966 5593 1042 5643 stum
1058 5586 1177 5641 omnino
1191 5589 1242 5651 est,
1256 5584 1370 5657 qnando
1385 5584 1498 5640 eosdem
1513 5583 1603 5640 libros
1617 5583 1696 5640 idem
1715 5589 1814 5640 auctor
