3930 6098
104 230 156 286 lae
795 223 924 280 tivum
943 221 1184 280 cendebaeus

104 378 157 435 per
178 365 270 416 artem
295 358 397 415 Donati
419 356 581 420 liberatem,·
598 356 648 410 sed
668 371 719 427 per
737 354 948 426 simplicitatem
968 353 1054 410 liubi
1073 369 1137 407 cum
1162 369 1275 408 summe
1298 352 1392 408 studio
1414 368 1445 406 ee
1465 351 1562 406 labore
1586 349 1696 406 luerint
1715 366 1734 422 p

105 466 220 508 currere
244 447 359 505 Christi.
385 447 452 501 Tale
475 450 518 501 est
541 446 618 517 quod
640 445 701 517 ipse
724 444 813 499 dicit:
835 446 897 499 Non
912 443 952 498 sic
1005 444 1046 498 nil
1068 443 1146 499 aliud
1167 443 1223 497 nisi
1237 443 1353 497 inanem
1379 457 1492 509 sonum,
1505 445 1534 495 et
1555 455 1724 495 sermonum

106 541 216 597 dicetur
235 542 267 592 ul
288 554 304 591 a
326 535 426 603 doctis,
451 535 500 590 sed
519 534 615 606 petius
639 543 672 588 ut
696 533 732 588 ab
759 532 890 601 indoctis,
921 537 952 588 ut
1005 536 1065 585 tum
1094 531 1152 586 suis
1178 531 1331 586 lectoribus
1362 530 1502 585 tribuunt.
1534 529 1617 583 Nulla
1643 527 1684 583 ibi
1719 545 1734 583 s

106 643 243 684 sensuum
266 625 370 680 veritas
392 628 497 695 pateat,
521 639 580 677 uon
603 622 758 676 verborum
783 620 952 693 compositio
972 660 975 667 ·
1006 619 1145 687 veritatis,
1168 620 1246 673 nulla
1267 620 1386 689 ju-uria
1411 619 1526 673 reiectio
1550 618 1702 689 reperitur.
1730 620 1734 671 t

106 722 226 774 tumeat.
1007 724 1106 763 earum
1120 710 1151 762 iu
1174 709 1341 775 semoveri,
1364 726 1390 759 ιιι
1414 708 1550 762 virtutum
1576 705 1697 777 penuria
1718 722 1734 778 p

141 810 185 861 ιι.
207 804 289 870 Quod
324 802 348 858 si
375 801 495 857 forsitan
528 800 630 855 asseris
666 801 801 872 psalmos,
833 801 863 853 ct
899 797 953 852 lob
1007 802 1081 851 rant.
1100 797 1162 851 «Et
1181 800 1213 850 tu
1235 797 1306 851 mihi
1330 805 1444 851 sanctes
1466 801 1494 850 ct
1514 795 1686 866 apostolicos
1706 794 1734 849 vi

106 894 241 960 historia,
280 892 356 963 apud
394 891 528 945 Hebraeos
560 891 680 944 existere
713 888 848 958 metrica,
882 888 953 943 scias
1007 886 1122 940 inanem
1143 902 1255 954 senum,
1271 902 1322 957 per
1343 885 1448 940 famem
1464 890 1492 939 et
1508 885 1700 939 macredinem
1715 900 1734 938 ιι

107 989 136 1038 te
160 999 219 1037 non
240 980 387 1037 insolubili
416 984 516 1033 contra
540 995 592 1033 nos
615 978 764 1033 dimicasse
787 977 950 1049 problema.
1008 991 1060 1046 per
1073 980 1228 1047 egestatem
1247 975 1376 1045 justitiae,
1397 974 1467 1028 dicis
1483 990 1544 1028 esse
1568 972 1712 1028 versatos?

108 1071 180 1136 Quia
203 1071 277 1124 sicut
298 1071 395 1140 liugua
418 1069 540 1123 Hebraea
563 1072 625 1122 erat
650 1073 748 1122 sancta
775 1073 803 1122 el
831 1065 953 1138 inclyta,
1008 1065 1098 1119 multa
1112 1063 1309 1135 virilialqum
1326 1069 1353 1118 te
1374 1070 1479 1135 turaque
1498 1067 1633 1117 truncant
1647 1065 1734 1116 asseri

108 1164 137 1214 et
159 1160 190 1213 iu
212 1157 372 1229 primordie
400 1156 501 1210 muudi
519 1155 555 1210 ab
574 1155 637 1226 ipse
663 1159 782 1210 Arrctore
804 1154 954 1209 hominum
1009 1154 1075 1208 stoli
1090 1170 1209 1225 repucas
1224 1162 1243 1188 ¹²¹
1256 1154 1361 1207 verba:
1378 1154 1408 1208 Si
1432 1155 1502 1206 casim
1517 1153 1578 1221 quis·
1602 1151 1699 1206 uiderit
1711 1166 1734 1220 q:

110 1250 288 1312 cousecrata;
304 1246 344 1298 ita
360 1245 449 1315 ipsius
464 1245 571 1315 liuguae
586 1249 743 1298 metrorum
757 1243 883 1298 formula
897 1259 955 1297 nen
1008 1245 1149 1298 scientium
1163 1245 1193 1296 tn
1208 1243 1290 1297 idolio
1304 1243 1464 1308 recumbere,
1480 1256 1567 1295 noune
1582 1242 1695 1295 sciesrtic
1710 1241 1734 1309 ej

110 1334 221 1405 profani
233 1339 261 1388 et
275 1334 414 1388 idolatriae
427 1343 439 1368 ⁸
452 1334 568 1388 cultoris
579 1339 621 1388 est
631 1335 740 1404 regule,
749 1333 799 1388 scd
809 1337 859 1387 aut
868 1332 955 1402 Moysi
1009 1334 1045 1387 sit
1061 1334 1179 1398 infirmo,
1201 1331 1382 1400 aedificabitur
1405 1331 1442 1384 cd
1463 1329 1693 1396 rnurrdeermdum,
1705 1333 1733 1384 et

109 1422 271 1476 litterarum
286 1421 416 1476 Auctoris
436 1424 610 1487 commenta,
627 1425 676 1475 aut
694 1425 770 1475 certe
790 1419 877 1475 sancti
893 1436 953 1474 om·
1009 1423 1133 1491 infirmus
1157 1423 1186 1474 ιιι
1209 1426 1257 1475 tuo
1277 1422 1399 1486 scientio,
1422 1424 1522 1487 frater,
1544 1425 1657 1489 prepter
1681 1433 1734 1487 que

109 1511 154 1564 nis
175 1513 187 1552 b
208 1511 251 1564 vel
273 1511 422 1581 prophetae
444 1509 603 1580 cujuspiam
625 1509 813 1580 inspiratione
835 1509 887 1564 Dei
909 1524 954 1563 se·
1009 1516 1067 1566 stus
1081 1516 1201 1565 rnertuus
1218 1515 1257 1564 cst
1273 1511 1300 1578 (l
1314 1511 1373 1566 Cer.
1390 1526 1449 1578 ιιιι,
1468 1510 1533 1579 leta
1549 1510 1648 1562 Nonne
1666 1506 1734 1561 ciel

108 1598 262 1671 quenlibus
283 1598 473 1670 promulgata.
485 1596 546 1652 'Nes
567 1598 644 1652 enim
666 1613 719 1668 pro
744 1598 831 1669 huyus
854 1597 954 1651 Donati
1010 1599 1049 1654 ait
1063 1614 1087 1663 ¹¹,
1109 1599 1161 1653 sub
1180 1599 1243 1652 aliis
1265 1597 1359 1652 verbis
1381 1598 1493 1652 dicere:
1513 1599 1553 1651 Ne
1571 1597 1647 1668 legas
1668 1595 1734 1666 phil

110 1694 170 1744 arte
191 1688 369 1742 ostendimus
393 1696 414 1754 ⁶,
437 1687 588 1758 ipsamque
614 1688 682 1742 totis
701 1687 810 1742 viribus
832 1685 953 1742 destrui·
974 1655 1039 1743 Bcl
1060 1692 1187 1743 oratores
1202 1692 1311 1759 poetas,
1336 1704 1371 1741 ne
1395 1687 1425 1741 in
1449 1702 1550 1741 eorum
1571 1685 1693 1740 lectione
1717 1700 1733 1738 r

108 1794 189 1846 mus,
216 1793 273 1831 nen
307 1776 495 1830 sanctissimae
523 1776 630 1848 linguae
659 1782 788 1831 tenerem
817 1793 955 1831 evacuare
1009 1793 1067 1832 eas.
1088 1798 1101 1825 ιι
1127 1777 1156 1833 Si
1177 1778 1207 1830 iu
1231 1776 1352 1830 lectione
1374 1791 1475 1830 eorum
1500 1775 1667 1829 scandalum
1690 1779 1734 1828 est

108 1881 282 1938 quocunque
304 1864 441 1919 instinctu
465 1865 638 1936 satagimus;
661 1866 729 1937 quia
746 1870 855 1920 certum
878 1864 955 1937 apud
1009 1866 1101 1936 magis
1116 1866 1146 1920 iu
1169 1866 1328 1921 docendum
1344 1865 1526 1935 sacrilegium
1542 1869 1592 1917 est.
1610 1865 1645 1918 Et
1659 1868 1725 1934 post

108 1972 160 2011 nes
182 1955 258 2026 ipsos
277 1954 427 2019 babemus,
444 1953 523 2024 qued
548 1954 642 2009 omnis
663 1954 763 2026 lingua
776 1954 956 2010 rectitudinis
1011 1959 1077 2009 «At
1091 1971 1176 2021 nunc,
1193 1954 1243 2018 ait,
1263 1955 1348 2008 etiam
1373 1954 1534 2008 sacerdotes
1559 1952 1609 2006 Dei
1629 1950 1734 2006 emissis

110 2062 168 2100 suae
198 2045 302 2099 habeat
325 2044 466 2114 regulam,
497 2058 549 2115 per
578 2060 662 2115 quam
691 2059 720 2097 se
748 2044 957 2099 rationabiliter
1010 2044 1093 2115 gellis
1122 2047 1151 2097 et
1185 2044 1332 2113 prophetis
1368 2043 1497 2096 videmus
1525 2040 1679 2095 comoedias
1706 2039 1734 2094 di

110 2134 216 2189 directe
230 2130 244 2168 d
258 2132 394 2188 dilluudit
416 2133 447 2186 iu
472 2133 621 2187 doctorum
645 2132 796 2187 hominum
822 2137 954 2205 pectora:
1011 2133 1151 2187 amatoria
1171 2132 1364 2186 bucolicorum
1389 2147 1524 2185 versuum
1547 2131 1634 2184 verba
1658 2133 1734 2183 canu

111 2222 160 2278 scd
181 2225 258 2276 tauta
273 2228 315 2276 est
339 2220 444 2276 divinae
467 2221 664 2293 inspirationis
682 2222 796 2293 eloquia
815 2233 837 2289 ⁸,
854 2226 957 2276 utnon
1011 2237 1080 2275 uere
1094 2220 1254 2291 Virgilium,
1271 2225 1299 2273 et
1309 2221 1339 2274 id
1353 2221 1435 2291 qued·
1454 2224 1483 2273 lu
1500 2219 1596 2290 pueris
1612 2217 1734 2271 necessit

112 2309 194 2382 quasi
216 2309 387 2364 necessitate
418 2309 521 2364 alienis
549 2310 715 2365 succumbat
743 2309 879 2382 eloquiis,
907 2311 957 2365 sed
1011 2311 1120 2365 crimen
1143 2311 1533 2365 inselacereveluutatesr.
1558 2330 1572 2357 ιι
1593 2307 1676 2362 Vides
1695 2306 1734 2361 bo

110 2398 278 2455 auctoritate
307 2400 431 2469 quadam
454 2398 562 2453 nitatur
588 2398 697 2454 viribus
724 2398 856 2471 propriis.
884 2398 958 2454 lodi
1012 2399 1120 2454 crimen
1136 2397 1311 2452 necessitatis
1328 2398 1447 2452 existere
1467 2397 1496 2451 iu
1512 2396 1625 2467 pueris;
1649 2402 1734 2449 etue:

111 2504 189 2543 nunc
216 2488 284 2559 quid
311 2487 438 2542 isidorus
459 2487 656 2542 sanctissimus
679 2488 773 2542 dicat:
802 2487 958 2544 Gentilium
1012 2489 1155 2553 liberatos,
1186 2492 1216 2541 et
1237 2492 1321 2541 oetate
1346 2487 1474 2557 legitima
1495 2487 1556 2556 jam
1577 2486 1700 2551 adultos,
1725 2499 1734 2538 s

112 2577 187 2631 dicta
201 2575 326 2631 exterius
341 2575 351 2610 ¹
366 2575 518 2629 verberum
538 2575 703 2647 eloquentia
719 2578 821 2641 nitent,
837 2575 959 2631 interius
1013 2577 1090 2631 mina
1105 2575 1218 2630 mittere
1240 2574 1339 2646 cupis?
1355 2576 1426 2628 ltem
1445 2575 1576 2628 sensibus
1597 2574 1653 2626 tuis
1676 2573 1734 2643 jem

112 2681 201 2719 uacua
227 2663 341 2719 virtutis
363 2663 503 2734 sapientia
523 2670 640 2718 manent
656 2663 673 2719 ι.
697 2665 819 2735 Eloquia
834 2678 849 2720 e
863 2668 958 2719 autem
1012 2667 1156 2721 doctorem
1174 2665 1208 2719 ad
1229 2665 1371 2718 acalciam
1395 2674 1407 2707 ‘1
1431 2663 1592 2718 intromitte
1619 2663 1731 2717 dicente

113 2769 193 2807 sacra
218 2752 342 2806 exterius
365 2751 473 2806 inculte
495 2751 589 2806 verbis
610 2757 764 2822 apparent,
789 2752 959 2807 intrinsecus
1013 2770 1155 2825 exponere
1188 2754 1273 2807 vellet
1305 2754 1432 2824 Apostoli
1473 2753 1601 2807 dictum:
1636 2753 1673 2807 Nc
1702 2755 1734 2806 tet

113 2846 209 2896 autem
224 2840 428 2911 mysteriorum
452 2840 592 2912 sapientia
614 2841 734 2911 fulgent.
757 2836 959 2912 intendequid
1013 2859 1097 2912 neque
1132 2845 1318 2911 gustaveritis,
1355 2858 1440 2910 raeque
1475 2843 1675 2906 tractaveritis·
1704 2855 1734 2908 qa

114 2930 206 2985 dicut:
222 2929 302 2994 Quod
318 2929 483 3000 eloquentia
497 2929 606 2983 inculte
628 2930 665 2984 sit
679 2946 768 2996 sacra,
783 2934 811 2985 ct
824 2947 882 2984 neu
909 2947 960 3002 per
977 2957 998 3014 c
1014 2935 1104 2988 omniu
1127 2935 1156 2986 iu
1179 2932 1323 2987 interitum
1346 2934 1404 3000 ipse
1427 2945 1478 2984 usu
1499 2931 1645 2985 secundum
1672 2943 1734 2997 prm

114 3026 141 3074 te
158 3019 261 3073 Donati
281 3020 295 3062 h
319 3018 424 3072 cultata
440 3017 461 3072 ¹.
488 3019 559 3072 ltem
584 3018 661 3088 ipse:
688 3019 849 3074 Fastidiesis
874 3025 959 3092 atque
1015 3022 1152 3076 doctrinas
1175 3021 1321 3087 bominum,
1348 3036 1407 3088 quae
1430 3024 1493 3074 secet
1514 3021 1646 3072 sotiorum
1671 3017 1734 3086 quio

116 3108 282 3180 loquacibus
303 3107 458 3178 Scriptura
481 3111 587 3161 sanctae
602 3107 699 3161 minus
713 3114 833 3178 prepter
849 3125 960 3163 sermo·
1015 3111 1106 3164 brutio
1126 3112 1267 3179 supientiae
1282 3109 1382 3179 (Celes.
1408 3126 1438 3175 u,
1454 3112 1510 3174 21),
1527 3108 1582 3161 ait:
1601 3109 1690 3161 allec
1712 3104 1734 3159 l(

115 3212 180 3249 nem
210 3195 370 3265 simplicem
401 3195 532 3265 placent:
559 3195 661 3267 gentili
686 3197 762 3251 enim
790 3197 961 3268 eloquentiae
1016 3199 1075 3253 dem
1101 3197 1265 3267 conjunctio
1296 3197 1441 3268 superllua
1472 3203 1531 3250 est:
1557 3195 1632 3265 quod
1658 3193 1689 3247 in
1716 3210 1734 3264 p

115 3288 280 3355 comparata
299 3282 413 3337 videtur
426 3283 554 3353 indigna.
575 3283 624 3337 llic
648 3283 732 3337 eliam
747 3283 872 3354 qualiter
885 3282 961 3337 Scri·
1015 3288 1084 3342 loeis
1105 3292 1221 3357 propter
1243 3286 1419 3357 imperitiam
1437 3285 1506 3339 artis
1530 3282 1727 3355 grammatices

114 3378 208 3443 pluras
237 3376 339 3425 sanetae
364 3386 526 3424 sermonem
554 3370 714 3441 simplicem
740 3371 825 3441 dicat,
853 3388 960 3442 quaeso,
1015 3378 1108 3431 lorum
1131 3376 1221 3446 egisse
1239 3375 1410 3446 reperimus.
1430 3375 1527 3444 Neque
1543 3372 1621 3427 enim
1636 3369 1733 3442 sequit

115 3459 270 3531 perpende.
292 3461 363 3514 ltem
384 3458 463 3528 ipse:
480 3458 708 3529 simplicioribus
732 3458 833 3514 litteris
845 3475 904 3514 neu
920 3464 963 3514 est
1016 3467 1060 3520 vet
1074 3465 1131 3519 alia
1153 3464 1316 3535 conjunctio
1336 3481 1401 3535 quae
1417 3464 1489 3517 solet
1511 3462 1537 3516 ei
1559 3460 1734 3533 praepositio]

115 3547 327 3619 praepenendus
341 3547 422 3601 lucus
437 3547 633 3617 grammaticae
644 3547 720 3602 artis.
738 3547 878 3619 Prospicis
893 3549 960 3602 sim·
1016 3559 1162 3625 repertum
1182 3552 1278 3618 fuerit,
1295 3552 1478 3622 respendere.
1500 3574 1514 3600 »
1531 3551 1622 3604 llabes
1643 3565 1678 3602 ne
1702 3548 1732 3602 ul

116 3636 272 3706 plicitatem
288 3636 382 3690 verbis
396 3635 544 3706 praelatam
560 3635 606 3690 hic
621 3653 681 3690 esse
697 3636 750 3691 arti
766 3636 877 3691 Donati.
896 3706 903 3714 ι
1016 3658 1118 3697 nervos
1130 3647 1187 3695 ture
1204 3641 1381 3712 loquacitatis
1395 3640 1550 3694 calendas?
1567 3641 1636 3694 Eece
1652 3643 1735 3708 apert

150 3726 195 3778 22.
220 3722 355 3778 Absculta
387 3724 456 3794 quid
485 3725 606 3779 Damaso
639 3725 830 3797 Hieronymus
867 3725 960 3781 dicat:
1016 3732 1079 3796 hus,
1093 3736 1121 3783 et
1141 3746 1213 3802 pene
1233 3729 1425 3799 palpabilibus
1447 3729 1538 3792 rebus,
1555 3726 1676 3782 inscium
1692 3729 1734 3796 Ap

117 3835 132 3863 o
148 3815 317 3868 Daemonum
342 3813 422 3867 cibus
443 3819 487 3868 est
510 3814 637 3868 carmina
661 3819 822 3884 poetarum,
845 3810 962 3870 saec'ula-
1016 3825 1073 3874 tuae
1088 3818 1283 3890 grammaticae
1297 3818 1379 3889 legis,
1397 3825 1426 3872 et
1440 3823 1515 3872 certe
1532 3815 1734 3886 sapientiorem

117 3903 155 3956 ris
173 3902 325 3973 sapientia,
349 3902 557 3957 rhetoricorum
579 3919 684 3973 pompa
708 3904 874 3958 verborum.
900 3906 964 3959 lloec
1017 3907 1153 3978 apostolis
1169 3923 1235 3961 eum
1250 3922 1355 3977 negare
1370 3923 1428 3960 neu
1443 3907 1528 3960 vales.

117 4008 168 4046 sua
182 4006 283 4045 omnes
307 3991 446 4044 suavitate
470 3991 621 4057 delectant,
645 3997 673 4045 et
695 3992 764 4046 darm
790 4008 873 4048 aures
896 4009 962 4046 rer·
1051 3999 1096 4052 23.
1117 3996 1197 4060 Quod
1230 3995 1254 4049 si
1282 3999 1447 4049 nostrerum
1474 3996 1623 4048 doctorum
1650 3995 1732 4046 sente

116 4081 196 4135 sibus
219 4079 295 4134 dulci
316 4079 513 4134 modulatione
528 4080 726 4134 currentibus!
756 4080 883 4151 capiunt,
901 4081 962 4136 ani·
1017 4085 1121 4138 sanctis
1144 4084 1331 4155 scriptoribus
1356 4101 1415 4137 nou
1442 4083 1612 4154 acquiescis,
1641 4081 1734 4150 ipsoru

117 4185 194 4224 mam
216 4183 331 4239 queque
354 4173 562 4238 penetrant,et
582 4170 705 4239 pecteris
728 4169 842 4224 iuterna
862 4170 960 4224 devin-
1018 4173 1204 4243 lesepberum
1238 4188 1362 4243 quorum
1393 4173 1540 4228 institutus
1567 4188 1597 4224 es
1626 4169 1734 4239 discipl,

117 4257 206 4311 ciunt.
227 4277 238 4307 ι
256 4256 291 4311 ιιι
313 4256 526 4327 reer,prebata
549 4258 750 4312 estsaecutaris
770 4258 961 4314 scientiadae·
983 4255 1133 4332 liquiesce
1160 4261 1273 4317 eviratis
1310 4261 1424 4316 veribus
1458 4261 1551 4314 verbis
1578 4265 1605 4312 et
1633 4257 1731 4312 clivosi

118 4360 237 4399 monum
250 4360 311 4399 esse
327 4344 492 4400 eufrasium.
508 4346 578 4399 Item
594 4345 625 4400 in
640 4347 881 4418 consequentibus
896 4349 965 4421 quid
1019 4351 1095 4405 enirn
1111 4350 1277 4421 Porphirius
1292 4366 1344 4403 nes
1366 4350 1481 4404 intuens
1496 4350 1526 4402 in
1542 4347 1734 4402 contumeliae

119 4439 232 4505 premat
244 4433 304 4505 jam
318 4433 388 4489 dicti
402 4434 530 4490 absculta
542 4433 699 4506 emperiam
713 4433 736 4488 ¹¹.
756 4438 897 4505 «Verum,
913 4438 963 4505 ait,
1019 4455 1083 4493 rum
1110 4444 1210 4493 contra
1240 4438 1394 4492 Ecclesiam
1421 4437 1524 4492 libris:
1553 4436 1724 4498 adhaerent,

153 4600 166 4625 ⁸
185 4592 226 4645 lta
240 4596 269 4646 ct
282 4591 388 4662 passim
403 4592 480 4662 apud
496 4591 576 4656 alies,
592 4608 643 4663 pro
660 4594 829 4650 idololotria.
1052 4592 1065 4630 ¹¹
1084 4595 1152 4650 Vide
1167 4611 1254 4664 supra
1268 4610 1296 4647 u.
1315 4597 1340 4660 l,
1355 4594 1441 4665 hujus
1456 4593 1538 4662 epist.

154 4663 396 4732 beongruontius
411 4663 537 4718 beminis.
1055 4668 1062 4700 ¹
1083 4667 1111 4719 ι’.
1132 4669 1176 4719 vir
1196 4667 1251 4729 illc,
1280 4681 1384 4734 nempe
1407 4665 1606 4735 Hieronymus,
1633 4663 1714 4732 cujus

154 4742 165 4766 ⁰
183 4733 214 4786 ld
229 4739 271 4787 est
285 4734 430 4788 tendimus.
1018 4737 1068 4802 tia,
1085 4736 1158 4790 sicul
1170 4742 1198 4789 ct
1211 4735 1411 4804 precedentis,
1427 4741 1494 4788 sunt
1508 4739 1602 4788 rerba.

153 4804 409 4859 dldeliusdc'rectu.
1054 4816 1074 4842 ¹¹¹
1093 4806 1228 4875 Replicat,
1255 4822 1312 4860 nou
1337 4807 1452 4874 replices
1468 4806 1632 4874 legendum.
1660 4805 1734 4858 Text*

154 4887 165 4911 ⁰
184 4875 213 4929 L.
230 4876 391 4943 eloquentia.
1017 4878 1077 4943 ille,
1093 4893 1151 4930 nen
1166 4894 1252 4946 supra
1269 4878 1299 4929 in
1310 4877 1426 4930 loannis
1442 4877 1617 4944 Hispalensis
1628 4876 1734 4929 eustati

132 4944 247 5024 ulida,
274 4948 424 5000 cessasses.
460 4951 578 5001 moereat.
617 4948 698 5018 Apud
728 4945 870 5002 isidorum
896 4965 963 5005 vere
1018 4950 1065 5002 sed
1080 4947 1109 5000 in
1127 4948 1241 5001 laudata
1258 4947 1424 5017 Hieronymi
1437 4948 1472 4999 ad
1492 4950 1655 5000 llamasum.

118 5015 169 5070 lrb.
186 5031 225 5070 ιιι.
241 5015 319 5070 Sent.
333 5032 393 5089 cap.
410 5020 452 5084 13,
468 5024 500 5072 ut
515 5017 544 5071 iu
559 5023 646 5072 textu.
1053 5033 1066 5062 n
1087 5021 1147 5085 Ait,
1162 5035 1266 5088 nempe
1284 5018 1410 5082 Hieron,
1429 5018 1516 5087 Epist.
1536 5020 1595 5071 ιιι.

155 5085 272 5157 capud
287 5086 352 5142 laid.
375 5089 429 5144 ibi:
458 5090 632 5157 Eloqumtic3
660 5094 687 5142 et
706 5088 744 5143 ila
766 5088 885 5143 Alvarus
907 5090 964 5146 im·
1053 5097 1065 5124 ⁰
1084 5090 1166 5158 Apud
1182 5089 1296 5143 llieron.
1314 5089 1363 5151 ibi,
1384 5104 1442 5142 uon
1455 5089 1553 5154 diemo,
1569 5088 1618 5143 scd
1635 5090 1733 5156 legere.

120 5157 244 5211 mediate
256 5159 385 5214 resumit.
1054 5176 1066 5216 r
1086 5161 1289 5229 teoberctus.
1306 5159 1350 5213 Sic
1366 5161 1441 5228 apud
1459 5160 1535 5213 llier.

154 5229 169 5270 h
189 5228 217 5281 L.
231 5244 282 5298 per
296 5235 381 5285 artem
395 5233 507 5286 Donati.
1053 5239 1064 5273 ι
1087 5230 1116 5284 1,.
1132 5233 1286 5298 Alpustom.
1306 5231 1373 5284 Vide
1389 5232 1476 5300 Epist.
1493 5249 1511 5293 1,
1527 5248 1554 5284 n.
1570 5235 1597 5284 2.

155 5297 162 5332 ¹
183 5299 296 5354 Cultcre
311 5318 362 5372 pre
384 5303 476 5366 colere,
494 5300 579 5356 etiam
595 5301 672 5371 apud
686 5300 756 5355 alies
779 5301 886 5357 intimae
900 5303 963 5358 leti·
1053 5306 1064 5333 ¹
1083 5301 1143 5366 lis,
1160 5305 1309 5370 sequimur.

120 5369 217 5424 nitatis
232 5371 395 5440 scriptores.
1054 5372 1172 5435 'Adde
1200 5372 1249 5426 rrbi
1274 5371 1391 5441 quidem.
1418 5373 1453 5426 Ex
1479 5372 1653 5443 llicrenymo
1684 5371 1734 5442 Epi

122 5441 415 5580 Egmlquouribus,
451 5443 500 5497 ulu'
537 5443 706 5497 currentibus
737 5443 813 5515 apud
847 5444 962 5498 llieron.
1019 5441 1054 5496 ad
1071 5443 1225 5514 lllgasium,
1243 5447 1345 5513 quaest.
1364 5445 1404 5508 10,
1422 5442 1495 5495 cirea
1511 5444 1561 5497 liu.
