<?xml version="1.0" encoding="UTF-8"?>
<!DOCTYPE html PUBLIC "-//W3C//DTD XHTML 1.0 Transitional//EN"
    "http://www.w3.org/TR/xhtml1/DTD/xhtml1-transitional.dtd">
<html xmlns="http://www.w3.org/1999/xhtml" xml:lang="en" lang="en">
 <head>
  <title>
</title>
<meta http-equiv="Content-Type" content="text/html;charset=utf-8" />
  <meta name='ocr-system' content='tesseract 3.04.00' />
  <meta name='ocr-capabilities' content='ocr_page ocr_carea ocr_par ocr_line ocrx_word'/>
</head>
<body>
  <div class='ocr_page' id='page_1' title='image "./patrologiaecurs04unkngoog_0259.png"; bbox 0 0 3930 6098; ppageno 0'>
   <div class='ocr_carea' id='block_1_1' title="bbox 150 261 1905 331">
    <p class='ocr_par' dir='ltr' id='par_1_1' title="bbox 150 261 1905 331">
     <span class='ocr_line' id='line_1_1' title="bbox 150 261 1905 331; baseline -0.005 -2"><span class='ocrx_word' id='word_1_1' title='bbox 150 274 199 331; x_wconf 75' lang='grc'>171</span> <span class='ocrx_word' id='word_1_2' title='bbox 832 268 959 324; x_wconf 78' lang='grc'>1111111111</span> <span class='ocrx_word' id='word_1_3' title='bbox 978 266 1215 325; x_wconf 72' lang='grc'>(10111111111111818</span> <span class='ocrx_word' id='word_1_4' title='bbox 1851 261 1905 320; x_wconf 73' lang='lat'>472</span> 
     </span>
    </p>
   </div>
   <div class='ocr_carea' id='block_1_2' title="bbox 151 398 1944 3743">
    <p class='ocr_par' dir='ltr' id='par_1_2' title="bbox 151 398 1944 3743">
     <span class='ocr_line' id='line_1_2' title="bbox 152 398 1904 473; baseline -0.007 -7"><span class='ocrx_word' id='word_1_5' title='bbox 152 424 260 466; x_wconf 90' lang='lat' dir='ltr'>nomen</span> <span class='ocrx_word' id='word_1_6' title='bbox 273 407 395 464; x_wconf 79' lang='lat' dir='ltr'><strong>dicimus</strong></span> <span class='ocrx_word' id='word_1_7' title='bbox 418 419 481 460; x_wconf 90' lang='lat' dir='ltr'>esse</span> <span class='ocrx_word' id='word_1_8' title='bbox 503 404 693 471; x_wconf 90' lang='lat' dir='ltr'>reticendum,</span> <span class='ocrx_word' id='word_1_9' title='bbox 716 404 789 458; x_wconf 89' lang='lat' dir='ltr'>male</span> <span class='ocrx_word' id='word_1_10' title='bbox 812 404 888 458; x_wconf 90' lang='lat' dir='ltr'>bona</span> <span class='ocrx_word' id='word_1_11' title='bbox 914 403 1000 458; x_wconf 91' lang='lat' dir='ltr'>mini·</span> <span class='ocrx_word' id='word_1_12' title='bbox 1020 402 1107 473; x_wconf 79' lang='lat' dir='ltr'>Apro</span> <span class='ocrx_word' id='word_1_13' title='bbox 1122 402 1214 458; x_wconf 89' lang='lat' dir='ltr'>salute</span> <span class='ocrx_word' id='word_1_14' title='bbox 1228 401 1352 456; x_wconf 81' lang='lat' dir='ltr'>libenter</span> <span class='ocrx_word' id='word_1_15' title='bbox 1369 403 1395 468; x_wconf 81' lang='lat' dir='ltr'>h,</span> <span class='ocrx_word' id='word_1_16' title='bbox 1417 403 1517 455; x_wconf 90' lang='lat' dir='ltr'>eontra</span> <span class='ocrx_word' id='word_1_17' title='bbox 1542 403 1628 471; x_wconf 91' lang='lat' dir='ltr'>eaput</span> <span class='ocrx_word' id='word_1_18' title='bbox 1651 398 1778 454; x_wconf 86' lang='lat' dir='ltr'>etiamsi</span> <span class='ocrx_word' id='word_1_19' title='bbox 1796 398 1904 455; x_wconf 83' lang='grc'>155155-</span> 
     </span>
     <span class='ocr_line' id='line_1_3' title="bbox 152 486 1904 555; baseline -0.007 -1"><span class='ocrx_word' id='word_1_20' title='bbox 152 499 269 554; x_wconf 91' lang='lat' dir='ltr'>strando</span> <span class='ocrx_word' id='word_1_21' title='bbox 285 495 339 551; x_wconf 92' lang='lat' dir='ltr'>sibi</span> <span class='ocrx_word' id='word_1_22' title='bbox 352 497 465 550; x_wconf 90' lang='lat' dir='ltr'>tantum</span> <span class='ocrx_word' id='word_1_23' title='bbox 483 493 593 549; x_wconf 80' lang='lat' dir='ltr'><strong>nocuit.</strong></span> <span class='ocrx_word' id='word_1_24' title='bbox 618 494 690 548; x_wconf 90' lang='lat' dir='ltr'>Nam</span> <span class='ocrx_word' id='word_1_25' title='bbox 713 492 877 547; x_wconf 85' lang='lat' dir='ltr'>inviolabile</span> <span class='ocrx_word' id='word_1_26' title='bbox 901 508 999 547; x_wconf 91' lang='lat' dir='ltr'>sacra·</span> <span class='ocrx_word' id='word_1_27' title='bbox 1053 491 1123 546; x_wconf 92' lang='lat' dir='ltr'>dum</span> <span class='ocrx_word' id='word_1_28' title='bbox 1142 495 1185 546; x_wconf 90' lang='lat' dir='ltr'>est</span> <span class='ocrx_word' id='word_1_29' title='bbox 1204 506 1263 546; x_wconf 94' lang='lat' dir='ltr'>non</span> <span class='ocrx_word' id='word_1_30' title='bbox 1277 490 1400 544; x_wconf 83' lang='lat' dir='ltr'>libenter</span> <span class='ocrx_word' id='word_1_31' title='bbox 1413 488 1552 555; x_wconf 88' lang='grc'>51511115;</span> <span class='ocrx_word' id='word_1_32' title='bbox 1569 506 1583 541; x_wconf 85' lang='lat' dir='ltr'>u</span> <span class='ocrx_word' id='word_1_33' title='bbox 1600 503 1632 542; x_wconf 89' lang='lat' dir='ltr'>ae</span> <span class='ocrx_word' id='word_1_34' title='bbox 1652 488 1675 542; x_wconf 89' lang='lat' dir='ltr'>si</span> <span class='ocrx_word' id='word_1_35' title='bbox 1686 486 1817 544; x_wconf 86' lang='lat' dir='ltr'>diceret:</span> <span class='ocrx_word' id='word_1_36' title='bbox 1848 489 1904 544; x_wconf 87' lang='lat' dir='ltr'>Pro</span> 
     </span>
     <span class='ocr_line' id='line_1_4' title="bbox 152 575 1905 655; baseline -0.007 -13"><span class='ocrx_word' id='word_1_37' title='bbox 152 591 293 653; x_wconf 91' lang='lat' dir='ltr'>mentum,</span> <span class='ocrx_word' id='word_1_38' title='bbox 308 583 385 655; x_wconf 90' lang='lat' dir='ltr'>qnod</span> <span class='ocrx_word' id='word_1_39' title='bbox 398 597 451 654; x_wconf 90' lang='lat' dir='ltr'>per</span> <span class='ocrx_word' id='word_1_40' title='bbox 464 582 546 637; x_wconf 90' lang='grc'>1111151</span> <span class='ocrx_word' id='word_1_41' title='bbox 562 582 659 637; x_wconf 87' lang='grc'>1511151</span> <span class='ocrx_word' id='word_1_42' title='bbox 683 586 735 648; x_wconf 86' lang='grc'>551,</span> <span class='ocrx_word' id='word_1_43' title='bbox 761 581 825 636; x_wconf 89' lang='lat' dir='ltr'>eliis</span> <span class='ocrx_word' id='word_1_44' title='bbox 846 582 996 653; x_wconf 91' lang='lat' dir='ltr'>perfectio·</span> <span class='ocrx_word' id='word_1_45' title='bbox 1053 579 1211 634; x_wconf 88' lang='lat' dir='ltr'>commodis</span> <span class='ocrx_word' id='word_1_46' title='bbox 1234 579 1331 650; x_wconf 92' lang='lat' dir='ltr'>itaque</span> <span class='ocrx_word' id='word_1_47' title='bbox 1354 581 1382 632; x_wconf 89' lang='lat' dir='ltr'>et</span> <span class='ocrx_word' id='word_1_48' title='bbox 1404 593 1474 648; x_wconf 89' lang='lat' dir='ltr'>paee</span> <span class='ocrx_word' id='word_1_49' title='bbox 1496 577 1684 632; x_wconf 87' lang='lat' dir='ltr'>Ecclesiarum</span> <span class='ocrx_word' id='word_1_50' title='bbox 1703 576 1822 648; x_wconf 84' lang='lat' dir='ltr'>provida</span> <span class='ocrx_word' id='word_1_51' title='bbox 1848 575 1905 647; x_wconf 71' lang='lat' dir='ltr'>ivos</span> 
     </span>
     <span class='ocr_line' id='line_1_5' title="bbox 152 664 1906 742; baseline -0.006 -12"><span class='ocrx_word' id='word_1_52' title='bbox 152 691 219 731; x_wconf 91' lang='lat' dir='ltr'>nem</span> <span class='ocrx_word' id='word_1_53' title='bbox 233 689 292 729; x_wconf 75' lang='lat' dir='ltr'>suas</span> <span class='ocrx_word' id='word_1_54' title='bbox 306 672 420 730; x_wconf 86' lang='lat' dir='ltr'>virtutis</span> <span class='ocrx_word' id='word_1_55' title='bbox 434 671 567 727; x_wconf 82' lang='lat' dir='ltr'>obtinuit.</span> <span class='ocrx_word' id='word_1_56' title='bbox 588 671 668 735; x_wconf 81' lang='lat' dir='ltr'>Quod</span> <span class='ocrx_word' id='word_1_57' title='bbox 690 671 714 724; x_wconf 92' lang='lat' dir='ltr'>si</span> <span class='ocrx_word' id='word_1_58' title='bbox 728 676 769 724; x_wconf 88' lang='lat' dir='ltr'>est</span> <span class='ocrx_word' id='word_1_59' title='bbox 787 670 951 742; x_wconf 87' lang='lat' dir='ltr'>aliquorum</span> <span class='ocrx_word' id='word_1_60' title='bbox 968 670 998 726; x_wconf 93' lang='lat' dir='ltr'>in</span> <span class='ocrx_word' id='word_1_61' title='bbox 1052 684 1152 739; x_wconf 77' lang='lat' dir='ltr'>gerere</span> <span class='ocrx_word' id='word_1_62' title='bbox 1172 668 1288 723; x_wconf 80' lang='lat' dir='ltr'>solertia</span> <span class='ocrx_word' id='word_1_63' title='bbox 1305 667 1413 738; x_wconf 81' lang='lat' dir='ltr'>jubeo:</span> <span class='ocrx_word' id='word_1_64' title='bbox 1435 669 1534 720; x_wconf 68' lang='lat' dir='ltr'>contra</span> <span class='ocrx_word' id='word_1_65' title='bbox 1560 669 1648 736; x_wconf 90' lang='lat' dir='ltr'>caput</span> <span class='ocrx_word' id='word_1_66' title='bbox 1672 668 1769 719; x_wconf 86' lang='lat' dir='ltr'>autern</span> <span class='ocrx_word' id='word_1_67' title='bbox 1797 668 1827 719; x_wconf 91' lang='lat' dir='ltr'>et</span> <span class='ocrx_word' id='word_1_68' title='bbox 1854 664 1906 736; x_wconf 91' lang='lat' dir='ltr'>qui</span> 
     </span>
     <span class='ocr_line' id='line_1_6' title="bbox 151 752 1904 829; baseline -0.006 -12"><span class='ocrx_word' id='word_1_69' title='bbox 151 766 309 817; x_wconf 88' lang='lat' dir='ltr'>tantumse</span> <span class='ocrx_word' id='word_1_70' title='bbox 333 760 488 816; x_wconf 86' lang='lat' dir='ltr'>extendens</span> <span class='ocrx_word' id='word_1_71' title='bbox 508 758 643 829; x_wconf 83' lang='lat' dir='ltr'>suspicio,</span> <span class='ocrx_word' id='word_1_72' title='bbox 668 757 910 829; x_wconf 87' lang='lat' dir='ltr'>utimaginentur</span> <span class='ocrx_word' id='word_1_73' title='bbox 929 774 1000 829; x_wconf 91' lang='lat' dir='ltr'>pro·</span> <span class='ocrx_word' id='word_1_74' title='bbox 1049 756 1116 828; x_wconf 87' lang='lat' dir='ltr'>jure</span> <span class='ocrx_word' id='word_1_75' title='bbox 1145 756 1175 811; x_wconf 91' lang='lat' dir='ltr'>in</span> <span class='ocrx_word' id='word_1_76' title='bbox 1199 755 1278 810; x_wconf 82' lang='lat' dir='ltr'>robis</span> <span class='ocrx_word' id='word_1_77' title='bbox 1300 753 1457 825; x_wconf 88' lang='lat' dir='ltr'>primatum</span> <span class='ocrx_word' id='word_1_78' title='bbox 1483 752 1605 822; x_wconf 89' lang='lat' dir='ltr'>obtinet,</span> <span class='ocrx_word' id='word_1_79' title='bbox 1634 752 1720 808; x_wconf 90' lang='lat' dir='ltr'>etiam</span> <span class='ocrx_word' id='word_1_80' title='bbox 1742 753 1904 824; x_wconf 92' lang='lat' dir='ltr'>reprehen-</span> 
     </span>
     <span class='ocr_line' id='line_1_7' title="bbox 151 841 1907 923; baseline -0.006 -18"><span class='ocrx_word' id='word_1_81' title='bbox 151 851 241 906; x_wconf 88' lang='lat' dir='ltr'>latoa</span> <span class='ocrx_word' id='word_1_82' title='bbox 259 866 333 923; x_wconf 88' lang='lat' dir='ltr'>papa</span> <span class='ocrx_word' id='word_1_83' title='bbox 348 846 555 917; x_wconf 83' lang='lat' dir='ltr'>Felieijudieio</span> <span class='ocrx_word' id='word_1_84' title='bbox 571 852 670 918; x_wconf 87' lang='lat' dir='ltr'>postea</span> <span class='ocrx_word' id='word_1_85' title='bbox 688 846 873 902; x_wconf 86' lang='lat' dir='ltr'>inefficaciter</span> <span class='ocrx_word' id='word_1_86' title='bbox 899 847 930 901; x_wconf 92' lang='lat' dir='ltr'>in</span> <span class='ocrx_word' id='word_1_87' title='bbox 953 863 999 901; x_wconf 86' lang='lat' dir='ltr'>sa·</span> <span class='ocrx_word' id='word_1_88' title='bbox 1053 845 1146 900; x_wconf 92' lang='lat' dir='ltr'>denda</span> <span class='ocrx_word' id='word_1_89' title='bbox 1175 843 1362 913; x_wconf 87' lang='lat' dir='ltr'>commiserit,</span> <span class='ocrx_word' id='word_1_90' title='bbox 1392 842 1558 897; x_wconf 87' lang='lat' dir='ltr'>nullatenus</span> <span class='ocrx_word' id='word_1_91' title='bbox 1592 841 1804 912; x_wconf 89' lang='lat' dir='ltr'>insurgendum</span> <span class='ocrx_word' id='word_1_92' title='bbox 1838 857 1907 914; x_wconf 88' lang='lat' dir='ltr'>per·</span> 
     </span>
     <span class='ocr_line' id='line_1_8' title="bbox 152 930 1907 1008; baseline -0.005 -13"><span class='ocrx_word' id='word_1_93' title='bbox 152 939 306 995; x_wconf 89' lang='lat' dir='ltr'>oramentis</span> <span class='ocrx_word' id='word_1_94' title='bbox 321 953 386 1008; x_wconf 82' lang='lat' dir='ltr'>quac</span> <span class='ocrx_word' id='word_1_95' title='bbox 399 935 517 991; x_wconf 77' lang='lat' dir='ltr'>Aeacius</span> <span class='ocrx_word' id='word_1_96' title='bbox 532 933 681 1005; x_wconf 89' lang='lat' dir='ltr'>usurpavit</span> <span class='ocrx_word' id='word_1_97' title='bbox 695 935 797 1005; x_wconf 80' lang='lat' dir='ltr'>egisse,</span> <span class='ocrx_word' id='word_1_98' title='bbox 821 951 853 989; x_wconf 91' lang='lat' dir='ltr'>ac</span> <span class='ocrx_word' id='word_1_99' title='bbox 879 934 999 1006; x_wconf 86' lang='lat' dir='ltr'>perinde</span> <span class='ocrx_word' id='word_1_100' title='bbox 1053 950 1164 989; x_wconf 91' lang='lat' dir='ltr'>censeo.</span> <span class='ocrx_word' id='word_1_101' title='bbox 1177 932 1260 998; x_wconf 85' lang='lat' dir='ltr'>Quod</span> <span class='ocrx_word' id='word_1_102' title='bbox 1283 932 1307 987; x_wconf 89' lang='lat' dir='ltr'>si</span> <span class='ocrx_word' id='word_1_103' title='bbox 1323 931 1526 1004; x_wconf 91' lang='lat' dir='ltr'>episcoporum</span> <span class='ocrx_word' id='word_1_104' title='bbox 1552 930 1781 1002; x_wconf 85' lang='lat' dir='ltr'>superinspectio</span> <span class='ocrx_word' id='word_1_105' title='bbox 1806 930 1907 1002; x_wconf 88' lang='lat' dir='ltr'>hujus·</span> 
     </span>
     <span class='ocr_line' id='line_1_9' title="bbox 152 1018 1905 1096; baseline -0.005 -12"><span class='ocrx_word' id='word_1_106' title='bbox 152 1045 201 1084; x_wconf 84' lang='lat' dir='ltr'>eos</span> <span class='ocrx_word' id='word_1_107' title='bbox 224 1031 353 1082; x_wconf 89' lang='lat' dir='ltr'>metuere</span> <span class='ocrx_word' id='word_1_108' title='bbox 381 1024 530 1096; x_wconf 73' lang='lat' dir='ltr'>quaeavel</span> <span class='ocrx_word' id='word_1_109' title='bbox 555 1023 584 1078; x_wconf 92' lang='lat' dir='ltr'>in</span> <span class='ocrx_word' id='word_1_110' title='bbox 611 1022 881 1088; x_wconf 86' lang='lat' dir='ltr'>consecrationibus,</span> <span class='ocrx_word' id='word_1_111' title='bbox 897 1025 940 1078; x_wconf 92' lang='lat' dir='ltr'>vel</span> <span class='ocrx_word' id='word_1_112' title='bbox 968 1024 999 1078; x_wconf 92' lang='lat' dir='ltr'>in</span> <span class='ocrx_word' id='word_1_113' title='bbox 1053 1022 1132 1078; x_wconf 92' lang='lat' dir='ltr'>modi</span> <span class='ocrx_word' id='word_1_114' title='bbox 1155 1022 1236 1076; x_wconf 91' lang='lat' dir='ltr'>freno</span> <span class='ocrx_word' id='word_1_115' title='bbox 1261 1019 1414 1075; x_wconf 82' lang='lat' dir='ltr'>sanctionis</span> <span class='ocrx_word' id='word_1_116' title='bbox 1439 1018 1669 1089; x_wconf 82' lang='lat' dir='ltr'>constringitur3</span> <span class='ocrx_word' id='word_1_117' title='bbox 1692 1035 1749 1089; x_wconf 92' lang='lat' dir='ltr'>quo</span> <span class='ocrx_word' id='word_1_118' title='bbox 1774 1020 1905 1090; x_wconf 85' lang='lat' dir='ltr'>plebium</span> 
     </span>
     <span class='ocr_line' id='line_1_10' title="bbox 152 1107 1908 1183; baseline -0.003 -14"><span class='ocrx_word' id='word_1_119' title='bbox 152 1112 326 1183; x_wconf 89' lang='lat' dir='ltr'>baptismate</span> <span class='ocrx_word' id='word_1_120' title='bbox 350 1109 486 1181; x_wconf 84' lang='lat' dir='ltr'>mysteria</span> <span class='ocrx_word' id='word_1_121' title='bbox 513 1108 616 1163; x_wconf 88' lang='lat' dir='ltr'>tradita</span> <span class='ocrx_word' id='word_1_122' title='bbox 636 1113 832 1178; x_wconf 89' lang='lat' dir='ltr'>susceperunt,</span> <span class='ocrx_word' id='word_1_123' title='bbox 857 1124 893 1162; x_wconf 91' lang='lat' dir='ltr'>ne</span> <span class='ocrx_word' id='word_1_124' title='bbox 918 1108 1001 1164; x_wconf 88' lang='lat' dir='ltr'>irrita</span> <span class='ocrx_word' id='word_1_125' title='bbox 1053 1126 1134 1167; x_wconf 89' lang='lat' dir='ltr'>camo</span> <span class='ocrx_word' id='word_1_126' title='bbox 1148 1126 1199 1165; x_wconf 92' lang='lat' dir='ltr'>ora</span> <span class='ocrx_word' id='word_1_127' title='bbox 1213 1110 1329 1164; x_wconf 90' lang='lat' dir='ltr'>cludere</span> <span class='ocrx_word' id='word_1_128' title='bbox 1341 1113 1436 1162; x_wconf 88' lang='lat' dir='ltr'>ratum</span> <span class='ocrx_word' id='word_1_129' title='bbox 1458 1113 1512 1175; x_wconf 87' lang='lat' dir='ltr'>est,</span> <span class='ocrx_word' id='word_1_130' title='bbox 1528 1124 1591 1179; x_wconf 76' lang='grc'>5551</span> <span class='ocrx_word' id='word_1_131' title='bbox 1606 1107 1717 1162; x_wconf 84' lang='grc'>15115115</span> <span class='ocrx_word' id='word_1_132' title='bbox 1730 1111 1760 1162; x_wconf 92' lang='grc'>51</span> <span class='ocrx_word' id='word_1_133' title='bbox 1778 1108 1908 1164; x_wconf 92' lang='lat' dir='ltr'>nonsibi</span> 
     </span>
     <span class='ocr_line' id='line_1_11' title="bbox 151 1196 1907 1269; baseline -0.003 -12"><span class='ocrx_word' id='word_1_134' title='bbox 151 1200 292 1258; x_wconf 87' lang='lat' dir='ltr'>beneficia</span> <span class='ocrx_word' id='word_1_135' title='bbox 309 1198 406 1255; x_wconf 81' lang='lat' dir='ltr'>divina</span> <span class='ocrx_word' id='word_1_136' title='bbox 420 1197 589 1263; x_wconf 79' lang='lat' dir='ltr'>videantur3</span> <span class='ocrx_word' id='word_1_137' title='bbox 609 1197 798 1252; x_wconf 88' lang='lat' dir='ltr'>meminerint</span> <span class='ocrx_word' id='word_1_138' title='bbox 816 1196 846 1251; x_wconf 92' lang='lat' dir='ltr'>in</span> <span class='ocrx_word' id='word_1_139' title='bbox 856 1197 909 1251; x_wconf 88' lang='lat' dir='ltr'>hac</span> <span class='ocrx_word' id='word_1_140' title='bbox 925 1212 1000 1268; x_wconf 91' lang='lat' dir='ltr'>quo-</span> <span class='ocrx_word' id='word_1_141' title='bbox 1053 1199 1150 1255; x_wconf 91' lang='lat' dir='ltr'>debita</span> <span class='ocrx_word' id='word_1_142' title='bbox 1163 1198 1306 1253; x_wconf 81' lang='lat' dir='ltr'>intentare</span> <span class='ocrx_word' id='word_1_143' title='bbox 1320 1213 1498 1269; x_wconf 79' lang='lat' dir='ltr'>praesumens</span> <span class='ocrx_word' id='word_1_144' title='bbox 1513 1196 1737 1252; x_wconf 88' lang='lat' dir='ltr'>desaeerdotum</span> <span class='ocrx_word' id='word_1_145' title='bbox 1750 1196 1804 1251; x_wconf 89' lang='lat' dir='ltr'>sibi</span> <span class='ocrx_word' id='word_1_146' title='bbox 1823 1213 1907 1252; x_wconf 88' lang='lat' dir='ltr'>arro-</span> 
     </span>
     <span class='ocr_line' id='line_1_12' title="bbox 153 1284 1909 1362; baseline -0.001 -18"><span class='ocrx_word' id='word_1_147' title='bbox 153 1306 210 1362; x_wconf 89' lang='lat' dir='ltr'>que</span> <span class='ocrx_word' id='word_1_148' title='bbox 226 1293 307 1360; x_wconf 90' lang='lat' dir='ltr'>parte</span> <span class='ocrx_word' id='word_1_149' title='bbox 331 1286 464 1342; x_wconf 91' lang='lat' dir='ltr'>similiter</span> <span class='ocrx_word' id='word_1_150' title='bbox 482 1289 605 1341; x_wconf 90' lang='lat' dir='ltr'>tractum</span> <span class='ocrx_word' id='word_1_151' title='bbox 628 1285 785 1357; x_wconf 84' lang='lat' dir='ltr'>praevalere</span> <span class='ocrx_word' id='word_1_152' title='bbox 809 1286 999 1356; x_wconf 90' lang='lat' dir='ltr'>superiorem,</span> <span class='ocrx_word' id='word_1_153' title='bbox 1055 1292 1104 1358; x_wconf 90' lang='lat' dir='ltr'>gat</span> <span class='ocrx_word' id='word_1_154' title='bbox 1119 1284 1496 1356; x_wconf 83' lang='lat' dir='ltr'>excessibusjndieandum‘l</span> <span class='ocrx_word' id='word_1_155' title='bbox 1511 1285 1566 1340; x_wconf 88' lang='lat' dir='ltr'>Nec</span> <span class='ocrx_word' id='word_1_156' title='bbox 1579 1284 1682 1356; x_wconf 92' lang='lat' dir='ltr'>ignoro</span> <span class='ocrx_word' id='word_1_157' title='bbox 1706 1286 1857 1356; x_wconf 81' lang='lat' dir='ltr'>generales</span> <span class='ocrx_word' id='word_1_158' title='bbox 1871 1287 1909 1342; x_wconf 92' lang='lat' dir='ltr'>il·</span> 
     </span>
     <span class='ocr_line' id='line_1_13' title="bbox 153 1372 1909 1449; baseline -0.002 -18"><span class='ocrx_word' id='word_1_159' title='bbox 153 1376 287 1449; x_wconf 89' lang='lat' dir='ltr'>quianon</span> <span class='ocrx_word' id='word_1_160' title='bbox 298 1375 358 1448; x_wconf 85' lang='lat' dir='ltr'>sine</span> <span class='ocrx_word' id='word_1_161' title='bbox 369 1372 689 1445; x_wconf 89' lang='lat' dir='ltr'>usurpationenominis</span> <span class='ocrx_word' id='word_1_162' title='bbox 700 1372 1001 1444; x_wconf 89' lang='lat' dir='ltr'>sacerdotiiadjudiea·</span> <span class='ocrx_word' id='word_1_163' title='bbox 1055 1377 1095 1431; x_wconf 88' lang='lat' dir='ltr'>les</span> <span class='ocrx_word' id='word_1_164' title='bbox 1111 1375 1219 1446; x_wconf 91' lang='lat' dir='ltr'>opponi</span> <span class='ocrx_word' id='word_1_165' title='bbox 1233 1375 1324 1430; x_wconf 89' lang='lat' dir='ltr'>solere</span> <span class='ocrx_word' id='word_1_166' title='bbox 1340 1374 1508 1443; x_wconf 87' lang='lat' dir='ltr'>sententias,</span> <span class='ocrx_word' id='word_1_167' title='bbox 1522 1390 1588 1445; x_wconf 86' lang='lat' dir='ltr'>quae</span> <span class='ocrx_word' id='word_1_168' title='bbox 1604 1373 1695 1429; x_wconf 90' lang='lat' dir='ltr'>libero</span> <span class='ocrx_word' id='word_1_169' title='bbox 1709 1379 1738 1428; x_wconf 88' lang='lat' dir='ltr'>et</span> <span class='ocrx_word' id='word_1_170' title='bbox 1750 1374 1909 1445; x_wconf 87' lang='lat' dir='ltr'>tranquillo</span> 
     </span>
     <span class='ocr_line' id='line_1_14' title="bbox 153 1458 1909 1536; baseline -0.005 -16"><span class='ocrx_word' id='word_1_171' title='bbox 153 1463 713 1536; x_wconf 69' lang='grc'>1551055311115550115111155155551</span> <span class='ocrx_word' id='word_1_172' title='bbox 729 1461 1000 1532; x_wconf 84' lang='lat' dir='ltr'>obtinentibusmy·</span> <span class='ocrx_word' id='word_1_173' title='bbox 1055 1467 1186 1534; x_wconf 91' lang='lat' dir='ltr'>tempore</span> <span class='ocrx_word' id='word_1_174' title='bbox 1214 1463 1406 1518; x_wconf 87' lang='lat' dir='ltr'>discurrentes</span> <span class='ocrx_word' id='word_1_175' title='bbox 1437 1462 1602 1533; x_wconf 89' lang='lat' dir='ltr'>generalem</span> <span class='ocrx_word' id='word_1_176' title='bbox 1628 1458 1820 1532; x_wconf 90' lang='lat' dir='ltr'>superborum</span> <span class='ocrx_word' id='word_1_177' title='bbox 1850 1471 1909 1511; x_wconf 93' lang='lat' dir='ltr'>non</span> 
     </span>
     <span class='ocr_line' id='line_1_15' title="bbox 154 1545 1910 1623; baseline -0.004 -16"><span class='ocrx_word' id='word_1_178' title='bbox 154 1553 342 1608; x_wconf 90' lang='lat' dir='ltr'>steriisinhoc</span> <span class='ocrx_word' id='word_1_179' title='bbox 357 1567 471 1623; x_wconf 89' lang='lat' dir='ltr'>quoque</span> <span class='ocrx_word' id='word_1_180' title='bbox 486 1550 550 1605; x_wconf 87' lang='lat' dir='ltr'>aliis</span> <span class='ocrx_word' id='word_1_181' title='bbox 564 1566 612 1604; x_wconf 88' lang='lat' dir='ltr'>rea</span> <span class='ocrx_word' id='word_1_182' title='bbox 623 1550 677 1605; x_wconf 91' lang='lat' dir='ltr'>sibi</span> <span class='ocrx_word' id='word_1_183' title='bbox 687 1566 809 1621; x_wconf 90' lang='lat' dir='ltr'>persona</span> <span class='ocrx_word' id='word_1_184' title='bbox 821 1566 880 1605; x_wconf 91' lang='lat' dir='ltr'>non</span> <span class='ocrx_word' id='word_1_185' title='bbox 891 1550 1000 1605; x_wconf 91' lang='lat' dir='ltr'>nocuit.</span> <span class='ocrx_word' id='word_1_186' title='bbox 1055 1551 1266 1609; x_wconf 89' lang='lat' dir='ltr'>consulentium</span> <span class='ocrx_word' id='word_1_187' title='bbox 1281 1550 1391 1623; x_wconf 76' lang='lat' dir='ltr'>patria,</span> <span class='ocrx_word' id='word_1_188' title='bbox 1409 1550 1460 1605; x_wconf 90' lang='lat' dir='ltr'>sed</span> <span class='ocrx_word' id='word_1_189' title='bbox 1483 1550 1615 1605; x_wconf 88' lang='lat' dir='ltr'>seandala</span> <span class='ocrx_word' id='word_1_190' title='bbox 1643 1553 1672 1603; x_wconf 89' lang='lat' dir='ltr'>et</span> <span class='ocrx_word' id='word_1_191' title='bbox 1699 1545 1910 1603; x_wconf 80' lang='lat' dir='ltr'>controversias</span> 
     </span>
     <span class='ocr_line' id='line_1_16' title="bbox 154 1635 1909 1709; baseline -0.005 -14"><span class='ocrx_word' id='word_1_192' title='bbox 154 1642 225 1696; x_wconf 88' lang='lat' dir='ltr'>Nam</span> <span class='ocrx_word' id='word_1_193' title='bbox 239 1640 275 1695; x_wconf 89' lang='lat' dir='ltr'>ad</span> <span class='ocrx_word' id='word_1_194' title='bbox 284 1639 367 1695; x_wconf 91' lang='lat' dir='ltr'>illum</span> <span class='ocrx_word' id='word_1_195' title='bbox 377 1638 518 1709; x_wconf 90' lang='lat' dir='ltr'>pertinuit</span> <span class='ocrx_word' id='word_1_196' title='bbox 528 1638 605 1709; x_wconf 90' lang='lat' dir='ltr'>quod</span> <span class='ocrx_word' id='word_1_197' title='bbox 617 1636 686 1692; x_wconf 93' lang='lat' dir='ltr'>tuba</span> <span class='ocrx_word' id='word_1_198' title='bbox 698 1636 831 1692; x_wconf 76' lang='lat' dir='ltr'>Dauidica</span> <span class='ocrx_word' id='word_1_199' title='bbox 845 1636 999 1691; x_wconf 82' lang='lat' dir='ltr'>bcanitur:</span> <span class='ocrx_word' id='word_1_200' title='bbox 1058 1638 1247 1694; x_wconf 86' lang='lat' dir='ltr'>asserentium</span> <span class='ocrx_word' id='word_1_201' title='bbox 1259 1642 1363 1709; x_wconf 88' lang='lat' dir='ltr'>putant</span> <span class='ocrx_word' id='word_1_202' title='bbox 1375 1637 1546 1692; x_wconf 87' lang='lat' dir='ltr'>simultates.</span> <span class='ocrx_word' id='word_1_203' title='bbox 1561 1636 1615 1692; x_wconf 89' lang='lat' dir='ltr'>Sed</span> <span class='ocrx_word' id='word_1_204' title='bbox 1639 1635 1685 1690; x_wconf 91' lang='lat' dir='ltr'>hie</span> <span class='ocrx_word' id='word_1_205' title='bbox 1700 1650 1828 1706; x_wconf 89' lang='lat' dir='ltr'>quorum</span> <span class='ocrx_word' id='word_1_206' title='bbox 1843 1648 1909 1688; x_wconf 89' lang='lat' dir='ltr'>cer-</span> 
     </span>
     <span class='ocr_line' id='line_1_17' title="bbox 156 1699 1908 1798; baseline -0.004 -15"><span class='ocrx_word' id='word_1_207' title='bbox 156 1730 346 1784; x_wconf 84' lang='lat' dir='ltr'>Verumtamen</span> <span class='ocrx_word' id='word_1_208' title='bbox 359 1730 426 1783; x_wconf 84' lang='lat' dir='ltr'>bens</span> <span class='ocrx_word' id='word_1_209' title='bbox 441 1725 921 1796; x_wconf 80' lang='lat' dir='ltr'>conquassabitoupituinimieorum</span> <span class='ocrx_word' id='word_1_210' title='bbox 939 1739 1001 1780; x_wconf 88' lang='lat' dir='ltr'>suo·</span> <span class='ocrx_word' id='word_1_211' title='bbox 1020 1699 1041 1755; x_wconf 72' lang='lat' dir='ltr'>B</span> <span class='ocrx_word' id='word_1_212' title='bbox 1058 1728 1132 1783; x_wconf 87' lang='lat' dir='ltr'>vices</span> <span class='ocrx_word' id='word_1_213' title='bbox 1152 1732 1250 1782; x_wconf 89' lang='lat' dir='ltr'>tumor</span> <span class='ocrx_word' id='word_1_214' title='bbox 1269 1725 1412 1798; x_wconf 86' lang='lat' dir='ltr'>superbiae</span> <span class='ocrx_word' id='word_1_215' title='bbox 1426 1725 1518 1792; x_wconf 86' lang='lat' dir='ltr'>inflat,</span> <span class='ocrx_word' id='word_1_216' title='bbox 1549 1729 1579 1780; x_wconf 89' lang='lat' dir='ltr'>et</span> <span class='ocrx_word' id='word_1_217' title='bbox 1605 1724 1728 1780; x_wconf 87' lang='lat' dir='ltr'>licentiae</span> <span class='ocrx_word' id='word_1_218' title='bbox 1759 1722 1908 1778; x_wconf 89' lang='lat' dir='ltr'>studentes</span> 
     </span>
     <span class='ocr_line' id='line_1_18' title="bbox 153 1809 1908 1889; baseline -0.005 -16"><span class='ocrx_word' id='word_1_219' title='bbox 153 1832 224 1885; x_wconf 83' lang='lat' dir='ltr'>rum,</span> <span class='ocrx_word' id='word_1_220' title='bbox 234 1818 360 1872; x_wconf 79' lang='grc'>5551155111</span> <span class='ocrx_word' id='word_1_221' title='bbox 377 1816 472 1885; x_wconf 83' lang='grc'>0051111·</span> <span class='ocrx_word' id='word_1_222' title='bbox 489 1815 739 1885; x_wconf 84' lang='lat' dir='ltr'>perambulantium</span> <span class='ocrx_word' id='word_1_223' title='bbox 761 1815 791 1868; x_wconf 83' lang='lat' dir='ltr'>in</span> <span class='ocrx_word' id='word_1_224' title='bbox 807 1814 917 1869; x_wconf 85' lang='lat' dir='ltr'>delictis</span> <span class='ocrx_word' id='word_1_225' title='bbox 939 1815 1001 1884; x_wconf 64' lang='lat' dir='ltr'>{suis</span> <span class='ocrx_word' id='word_1_226' title='bbox 1057 1816 1215 1889; x_wconf 90' lang='lat' dir='ltr'>quemlibet</span> <span class='ocrx_word' id='word_1_227' title='bbox 1228 1815 1467 1885; x_wconf 90' lang='lat' dir='ltr'>superbissimum</span> <span class='ocrx_word' id='word_1_228' title='bbox 1480 1819 1612 1885; x_wconf 82' lang='lat' dir='ltr'>proterve</span> <span class='ocrx_word' id='word_1_229' title='bbox 1628 1812 1791 1880; x_wconf 91' lang='lat' dir='ltr'>defendere,</span> <span class='ocrx_word' id='word_1_230' title='bbox 1807 1810 1854 1865; x_wconf 84' lang='lat' dir='ltr'>vel</span> <span class='ocrx_word' id='word_1_231' title='bbox 1877 1809 1908 1864; x_wconf 92' lang='lat' dir='ltr'>in</span> 
     </span>
     <span class='ocr_line' id='line_1_19' title="bbox 154 1902 1905 1977; baseline -0.005 -17"><span class='ocrx_word' id='word_1_232' title='bbox 154 1904 337 1977; x_wconf 71' lang='lat' dir='ltr'>(Psalmis,</span> <span class='ocrx_word' id='word_1_233' title='bbox 367 1902 423 1974; x_wconf 74' lang='lat'>22).</span> <span class='ocrx_word' id='word_1_234' title='bbox 453 1904 525 1958; x_wconf 84' lang='lat' dir='ltr'>Nam</span> <span class='ocrx_word' id='word_1_235' title='bbox 550 1902 684 1973; x_wconf 88' lang='lat' dir='ltr'>superbia</span> <span class='ocrx_word' id='word_1_236' title='bbox 712 1918 826 1974; x_wconf 91' lang='lat' dir='ltr'>semper</span> <span class='ocrx_word' id='word_1_237' title='bbox 853 1902 917 1969; x_wconf 88' lang='lat' dir='ltr'>sibi,</span> <span class='ocrx_word' id='word_1_238' title='bbox 944 1917 1003 1957; x_wconf 91' lang='lat' dir='ltr'>non</span> <span class='ocrx_word' id='word_1_239' title='bbox 1057 1909 1139 1972; x_wconf 90' lang='lat' dir='ltr'>parte</span> <span class='ocrx_word' id='word_1_240' title='bbox 1151 1903 1282 1958; x_wconf 89' lang='lat' dir='ltr'>sedentes</span> <span class='ocrx_word' id='word_1_241' title='bbox 1299 1903 1488 1958; x_wconf 85' lang='lat' dir='ltr'>universitatis</span> <span class='ocrx_word' id='word_1_242' title='bbox 1501 1903 1702 1973; x_wconf 89' lang='lat' dir='ltr'>derelinquere</span> <span class='ocrx_word' id='word_1_243' title='bbox 1718 1917 1790 1955; x_wconf 89' lang='lat' dir='ltr'>ausu</span> <span class='ocrx_word' id='word_1_244' title='bbox 1815 1904 1905 1954; x_wconf 90' lang='lat' dir='ltr'>teme·</span> 
     </span>
     <span class='ocr_line' id='line_1_20' title="bbox 154 1990 1908 2063; baseline -0.003 -15"><span class='ocrx_word' id='word_1_245' title='bbox 154 1994 229 2059; x_wconf 90' lang='lat' dir='ltr'>aliis,</span> <span class='ocrx_word' id='word_1_246' title='bbox 258 1992 325 2048; x_wconf 89' lang='lat' dir='ltr'>facit</span> <span class='ocrx_word' id='word_1_247' title='bbox 361 1993 499 2059; x_wconf 89' lang='lat' dir='ltr'>ruinam;</span> <span class='ocrx_word' id='word_1_248' title='bbox 524 1991 602 2062; x_wconf 92' lang='lat' dir='ltr'>quod</span> <span class='ocrx_word' id='word_1_249' title='bbox 630 1990 761 2045; x_wconf 85' lang='lat' dir='ltr'>universa</span> <span class='ocrx_word' id='word_1_250' title='bbox 790 1991 1002 2062; x_wconf 90' lang='lat' dir='ltr'>Scripturarum</span> <span class='ocrx_word' id='word_1_251' title='bbox 1056 1991 1133 2046; x_wconf 88' lang='lat' dir='ltr'>rario</span> <span class='ocrx_word' id='word_1_252' title='bbox 1147 1992 1246 2046; x_wconf 90' lang='lat' dir='ltr'>nitunt</span> <span class='ocrx_word' id='word_1_253' title='bbox 1258 1991 1421 2063; x_wconf 89' lang='lat' dir='ltr'>collegium,</span> <span class='ocrx_word' id='word_1_254' title='bbox 1434 1991 1629 2060; x_wconf 87' lang='lat' dir='ltr'>maledictum,</span> <span class='ocrx_word' id='word_1_255' title='bbox 1642 1990 1833 2045; x_wconf 88' lang='lat' dir='ltr'>obstinatione</span> <span class='ocrx_word' id='word_1_256' title='bbox 1845 2003 1908 2059; x_wconf 87' lang='lat' dir='ltr'>per-</span> 
     </span>
     <span class='ocr_line' id='line_1_21' title="bbox 155 2078 1944 2155; baseline -0.003 -17"><span class='ocrx_word' id='word_1_257' title='bbox 155 2081 314 2138; x_wconf 80' lang='lat' dir='ltr'>coelestiunr</span> <span class='ocrx_word' id='word_1_258' title='bbox 329 2085 448 2135; x_wconf 89' lang='lat' dir='ltr'>testatur</span> <span class='ocrx_word' id='word_1_259' title='bbox 472 2079 634 2134; x_wconf 89' lang='lat' dir='ltr'>auctoritas.</span> <span class='ocrx_word' id='word_1_260' title='bbox 659 2079 736 2133; x_wconf 88' lang='lat' dir='ltr'>Sient</span> <span class='ocrx_word' id='word_1_261' title='bbox 755 2079 842 2133; x_wconf 88' lang='lat' dir='ltr'>etiam</span> <span class='ocrx_word' id='word_1_262' title='bbox 866 2095 918 2151; x_wconf 91' lang='lat' dir='ltr'>per</span> <span class='ocrx_word' id='word_1_263' title='bbox 936 2078 1004 2150; x_wconf 89' lang='lat' dir='ltr'>Spi-</span> <span class='ocrx_word' id='word_1_264' title='bbox 1057 2079 1135 2135; x_wconf 82' lang='lat' dir='ltr'>lidiae</span> <span class='ocrx_word' id='word_1_265' title='bbox 1149 2086 1342 2152; x_wconf 85' lang='lat' dir='ltr'>protegentes,</span> <span class='ocrx_word' id='word_1_266' title='bbox 1352 2080 1480 2152; x_wconf 90' lang='lat' dir='ltr'>etimpio</span> <span class='ocrx_word' id='word_1_267' title='bbox 1490 2080 1609 2135; x_wconf 89' lang='lat' dir='ltr'>cuilibet</span> <span class='ocrx_word' id='word_1_268' title='bbox 1618 2080 1741 2135; x_wconf 87' lang='lat' dir='ltr'>ferentes</span> <span class='ocrx_word' id='word_1_269' title='bbox 1754 2078 1906 2145; x_wconf 85' lang='lat' dir='ltr'>auxilium,</span> <span class='ocrx_word' id='word_1_270' title='bbox 1940 2148 1944 2155; x_wconf 86' lang='lat'>.</span> 
     </span>
     <span class='ocr_line' id='line_1_22' title="bbox 156 2165 1907 2239; baseline -0.002 -15"><span class='ocrx_word' id='word_1_271' title='bbox 156 2170 245 2224; x_wconf 90' lang='lat' dir='ltr'>ritum</span> <span class='ocrx_word' id='word_1_272' title='bbox 258 2169 362 2223; x_wconf 90' lang='lat' dir='ltr'>dicitur</span> <span class='ocrx_word' id='word_1_273' title='bbox 383 2168 415 2223; x_wconf 94' lang='lat' dir='ltr'>in</span> <span class='ocrx_word' id='word_1_274' title='bbox 431 2168 598 2239; x_wconf 85' lang='lat' dir='ltr'>Propheta:</span> <span class='ocrx_word' id='word_1_275' title='bbox 624 2170 681 2224; x_wconf 90' lang='lat' dir='ltr'>Non</span> <span class='ocrx_word' id='word_1_276' title='bbox 697 2168 832 2222; x_wconf 81' lang='lat' dir='ltr'>habitabit</span> <span class='ocrx_word' id='word_1_277' title='bbox 860 2169 890 2222; x_wconf 86' lang='lat' dir='ltr'>in</span> <span class='ocrx_word' id='word_1_278' title='bbox 915 2165 1004 2221; x_wconf 82' lang='lat' dir='ltr'>medio</span> <span class='ocrx_word' id='word_1_279' title='bbox 1058 2167 1121 2223; x_wconf 91' lang='lat' dir='ltr'>illas</span> <span class='ocrx_word' id='word_1_280' title='bbox 1135 2169 1284 2239; x_wconf 86' lang='lat' dir='ltr'>generales</span> <span class='ocrx_word' id='word_1_281' title='bbox 1299 2170 1454 2224; x_wconf 88' lang='lat' dir='ltr'>sententias</span> <span class='ocrx_word' id='word_1_282' title='bbox 1468 2169 1615 2223; x_wconf 91' lang='lat' dir='ltr'>verissime</span> <span class='ocrx_word' id='word_1_283' title='bbox 1640 2171 1832 2239; x_wconf 90' lang='lat' dir='ltr'>competunt:</span> <span class='ocrx_word' id='word_1_284' title='bbox 1860 2166 1907 2220; x_wconf 91' lang='lat' dir='ltr'>isti</span> 
     </span>
     <span class='ocr_line' id='line_1_23' title="bbox 157 2254 1909 2328; baseline -0.002 -15"><span class='ocrx_word' id='word_1_285' title='bbox 157 2258 251 2314; x_wconf 88' lang='lat' dir='ltr'>domus</span> <span class='ocrx_word' id='word_1_286' title='bbox 267 2273 331 2313; x_wconf 80' lang='lat' dir='ltr'>mea</span> <span class='ocrx_word' id='word_1_287' title='bbox 345 2259 394 2327; x_wconf 83' lang='lat' dir='ltr'>qui</span> <span class='ocrx_word' id='word_1_288' title='bbox 408 2258 642 2327; x_wconf 81' lang='lat' dir='ltr'>secilsuperbiem</span> <span class='ocrx_word' id='word_1_289' title='bbox 657 2256 741 2327; x_wconf 80' lang='lat' dir='ltr'>(Psoi.</span> <span class='ocrx_word' id='word_1_290' title='bbox 753 2272 778 2322; x_wconf 86' lang='lat' dir='ltr'>e,</span> <span class='ocrx_word' id='word_1_291' title='bbox 790 2255 828 2325; x_wconf 85' lang='lat'>7).</span> <span class='ocrx_word' id='word_1_292' title='bbox 844 2254 924 2309; x_wconf 91' lang='lat' dir='ltr'>Unde</span> <span class='ocrx_word' id='word_1_293' title='bbox 938 2269 1004 2308; x_wconf 90' lang='lat' dir='ltr'>eum</span> <span class='ocrx_word' id='word_1_294' title='bbox 1057 2272 1125 2311; x_wconf 84' lang='grc'>1550</span> <span class='ocrx_word' id='word_1_295' title='bbox 1152 2273 1225 2328; x_wconf 91' lang='lat' dir='ltr'>quos</span> <span class='ocrx_word' id='word_1_296' title='bbox 1253 2257 1360 2328; x_wconf 92' lang='lat' dir='ltr'>impius</span> <span class='ocrx_word' id='word_1_297' title='bbox 1386 2256 1555 2313; x_wconf 89' lang='lat' dir='ltr'>erudelitate</span> <span class='ocrx_word' id='word_1_298' title='bbox 1577 2264 1606 2311; x_wconf 89' lang='lat' dir='ltr'>et</span> <span class='ocrx_word' id='word_1_299' title='bbox 1632 2256 1786 2311; x_wconf 85' lang='lat' dir='ltr'>acerbitate</span> <span class='ocrx_word' id='word_1_300' title='bbox 1814 2254 1909 2309; x_wconf 87' lang='lat' dir='ltr'>inrisa</span> 
     </span>
     <span class='ocr_line' id='line_1_24' title="bbox 157 2341 1907 2417; baseline -0.002 -17"><span class='ocrx_word' id='word_1_301' title='bbox 157 2346 212 2401; x_wconf 91' lang='lat' dir='ltr'>sibi</span> <span class='ocrx_word' id='word_1_302' title='bbox 233 2346 388 2401; x_wconf 89' lang='lat' dir='ltr'>sacerdotis</span> <span class='ocrx_word' id='word_1_303' title='bbox 404 2361 509 2400; x_wconf 89' lang='lat' dir='ltr'>nomen</span> <span class='ocrx_word' id='word_1_304' title='bbox 530 2344 717 2399; x_wconf 85' lang='lat' dir='ltr'>vindicaverit</span> <span class='ocrx_word' id='word_1_305' title='bbox 737 2344 956 2410; x_wconf 87' lang='lat' dir='ltr'>condemnatus,</span> <span class='ocrx_word' id='word_1_306' title='bbox 971 2341 1003 2396; x_wconf 92' lang='lat' dir='ltr'>in</span> <span class='ocrx_word' id='word_1_307' title='bbox 1059 2345 1235 2416; x_wconf 83' lang='lat' dir='ltr'>perdomuit,</span> <span class='ocrx_word' id='word_1_308' title='bbox 1255 2346 1457 2417; x_wconf 88' lang='lat' dir='ltr'>percarceralis</span> <span class='ocrx_word' id='word_1_309' title='bbox 1477 2347 1601 2401; x_wconf 89' lang='lat' dir='ltr'>claustra</span> <span class='ocrx_word' id='word_1_310' title='bbox 1626 2344 1678 2399; x_wconf 92' lang='lat' dir='ltr'>¹et</span> <span class='ocrx_word' id='word_1_311' title='bbox 1704 2360 1791 2399; x_wconf 91' lang='lat' dir='ltr'>onere</span> <span class='ocrx_word' id='word_1_312' title='bbox 1807 2344 1907 2398; x_wconf 78' lang='lat' dir='ltr'>nimios</span> 
     </span>
     <span class='ocr_line' id='line_1_25' title="bbox 155 2431 1909 2507; baseline -0.002 -17"><span class='ocrx_word' id='word_1_313' title='bbox 155 2435 246 2507; x_wconf 91' lang='lat' dir='ltr'>ipsius</span> <span class='ocrx_word' id='word_1_314' title='bbox 264 2435 400 2490; x_wconf 86' lang='lat' dir='ltr'>verticem</span> <span class='ocrx_word' id='word_1_315' title='bbox 426 2433 570 2505; x_wconf 80' lang='lat' dir='ltr'>superbias</span> <span class='ocrx_word' id='word_1_316' title='bbox 596 2438 693 2488; x_wconf 92' lang='lat' dir='ltr'>tumor</span> <span class='ocrx_word' id='word_1_317' title='bbox 714 2431 840 2487; x_wconf 85' lang='lat' dir='ltr'>inflictus</span> <span class='ocrx_word' id='word_1_318' title='bbox 861 2437 913 2498; x_wconf 87' lang='lat' dir='ltr'>est,</span> <span class='ocrx_word' id='word_1_319' title='bbox 937 2431 1006 2503; x_wconf 89' lang='lat' dir='ltr'>quia</span> <span class='ocrx_word' id='word_1_320' title='bbox 1059 2449 1189 2489; x_wconf 85' lang='lat' dir='ltr'>censurae</span> <span class='ocrx_word' id='word_1_321' title='bbox 1227 2434 1371 2498; x_wconf 86' lang='lat' dir='ltr'>contrivit,</span> <span class='ocrx_word' id='word_1_322' title='bbox 1407 2435 1457 2506; x_wconf 90' lang='lat' dir='ltr'>qui</span> <span class='ocrx_word' id='word_1_323' title='bbox 1485 2434 1659 2490; x_wconf 91' lang='lat' dir='ltr'>conscientia</span> <span class='ocrx_word' id='word_1_324' title='bbox 1685 2437 1757 2488; x_wconf 88' lang='lat' dir='ltr'>teste</span> <span class='ocrx_word' id='word_1_325' title='bbox 1792 2447 1909 2504; x_wconf 82' lang='lat' dir='ltr'>semper</span> 
     </span>
     <span class='ocr_line' id='line_1_26' title="bbox 155 2519 1908 2594; baseline -0.002 -15"><span class='ocrx_word' id='word_1_326' title='bbox 155 2539 215 2579; x_wconf 89' lang='lat' dir='ltr'>non</span> <span class='ocrx_word' id='word_1_327' title='bbox 232 2524 357 2594; x_wconf 91' lang='lat' dir='ltr'>populus</span> <span class='ocrx_word' id='word_1_328' title='bbox 373 2522 422 2594; x_wconf 90' lang='lat' dir='ltr'>qni</span> <span class='ocrx_word' id='word_1_329' title='bbox 440 2523 470 2577; x_wconf 95' lang='lat' dir='ltr'>in</span> <span class='ocrx_word' id='word_1_330' title='bbox 486 2522 628 2593; x_wconf 87' lang='lat' dir='ltr'>mysteriis</span> <span class='ocrx_word' id='word_1_331' title='bbox 650 2522 759 2576; x_wconf 89' lang='lat' dir='ltr'>donum</span> <span class='ocrx_word' id='word_1_332' title='bbox 782 2520 873 2593; x_wconf 90' lang='lat' dir='ltr'>ipsius</span> <span class='ocrx_word' id='word_1_333' title='bbox 891 2519 1006 2575; x_wconf 89' lang='lat' dir='ltr'>sitiebat</span> <span class='ocrx_word' id='word_1_334' title='bbox 1059 2523 1247 2578; x_wconf 90' lang='lat' dir='ltr'>maledictum</span> <span class='ocrx_word' id='word_1_335' title='bbox 1257 2523 1505 2579; x_wconf 89' lang='lat' dir='ltr'>maledictionibus</span> <span class='ocrx_word' id='word_1_336' title='bbox 1520 2523 1714 2594; x_wconf 89' lang='lat' dir='ltr'>insequentes,</span> <span class='ocrx_word' id='word_1_337' title='bbox 1728 2536 1908 2587; x_wconf 87' lang='lat' dir='ltr'>nonamore,</span> 
     </span>
     <span class='ocr_line' id='line_1_27' title="bbox 156 2610 1909 2683; baseline -0.003 -15"><span class='ocrx_word' id='word_1_338' title='bbox 156 2612 288 2668; x_wconf 78' lang='lat' dir='ltr'>exclusus</span> <span class='ocrx_word' id='word_1_339' title='bbox 307 2617 359 2678; x_wconf 92' lang='lat' dir='ltr'>est,</span> <span class='ocrx_word' id='word_1_340' title='bbox 391 2612 440 2667; x_wconf 91' lang='lat' dir='ltr'>sed</span> <span class='ocrx_word' id='word_1_341' title='bbox 465 2612 561 2667; x_wconf 89' lang='lat' dir='ltr'>anima</span> <span class='ocrx_word' id='word_1_342' title='bbox 588 2610 649 2666; x_wconf 91' lang='lat' dir='ltr'>sola</span> <span class='ocrx_word' id='word_1_343' title='bbox 675 2610 725 2666; x_wconf 91' lang='lat' dir='ltr'>illa</span> <span class='ocrx_word' id='word_1_344' title='bbox 748 2626 813 2682; x_wconf 87' lang='lat' dir='ltr'>quae</span> <span class='ocrx_word' id='word_1_345' title='bbox 840 2615 1005 2682; x_wconf 82' lang='lat' dir='ltr'>peceaverat</span> <span class='ocrx_word' id='word_1_346' title='bbox 1058 2627 1113 2667; x_wconf 92' lang='lat' dir='ltr'>nee</span> <span class='ocrx_word' id='word_1_347' title='bbox 1134 2611 1368 2683; x_wconf 79' lang='lat' dir='ltr'>pertinacissimos</span> <span class='ocrx_word' id='word_1_348' title='bbox 1391 2612 1545 2666; x_wconf 87' lang='lat' dir='ltr'>voluntatis</span> <span class='ocrx_word' id='word_1_349' title='bbox 1565 2615 1681 2675; x_wconf 89' lang='lat' dir='ltr'>conatu,</span> <span class='ocrx_word' id='word_1_350' title='bbox 1708 2611 1758 2665; x_wconf 91' lang='lat' dir='ltr'>sed</span> <span class='ocrx_word' id='word_1_351' title='bbox 1779 2610 1842 2664; x_wconf 88' lang='lat' dir='ltr'>sola</span> <span class='ocrx_word' id='word_1_352' title='bbox 1860 2625 1909 2664; x_wconf 91' lang='lat' dir='ltr'>ne·</span> 
     </span>
     <span class='ocr_line' id='line_1_28' title="bbox 153 2697 1910 2772; baseline -0.001 -17"><span class='ocrx_word' id='word_1_353' title='bbox 153 2702 231 2772; x_wconf 89' lang='lat' dir='ltr'>justo</span> <span class='ocrx_word' id='word_1_354' title='bbox 242 2700 332 2772; x_wconf 90' lang='lat' dir='ltr'>judici</span> <span class='ocrx_word' id='word_1_355' title='bbox 343 2699 478 2771; x_wconf 69' lang='grc' dir='ltr'>5505515ο</span> <span class='ocrx_word' id='word_1_356' title='bbox 492 2705 554 2754; x_wconf 88' lang='grc'>5151</span> <span class='ocrx_word' id='word_1_357' title='bbox 567 2698 699 2754; x_wconf 86' lang='lat' dir='ltr'>obnoxia.</span> <span class='ocrx_word' id='word_1_358' title='bbox 725 2698 806 2762; x_wconf 83' lang='lat' dir='ltr'>Quod</span> <span class='ocrx_word' id='word_1_359' title='bbox 830 2697 935 2769; x_wconf 89' lang='lat' dir='ltr'>ubique</span> <span class='ocrx_word' id='word_1_360' title='bbox 951 2714 1004 2753; x_wconf 91' lang='lat' dir='ltr'>nu·</span> <span class='ocrx_word' id='word_1_361' title='bbox 1061 2698 1243 2767; x_wconf 88' lang='lat' dir='ltr'>cessitudine,</span> <span class='ocrx_word' id='word_1_362' title='bbox 1269 2705 1297 2755; x_wconf 90' lang='lat' dir='ltr'>et</span> <span class='ocrx_word' id='word_1_363' title='bbox 1321 2699 1411 2771; x_wconf 90' lang='lat' dir='ltr'>regali</span> <span class='ocrx_word' id='word_1_364' title='bbox 1434 2699 1564 2770; x_wconf 90' lang='lat' dir='ltr'>jussione</span> <span class='ocrx_word' id='word_1_365' title='bbox 1582 2699 1705 2766; x_wconf 91' lang='lat' dir='ltr'>contriti,</span> <span class='ocrx_word' id='word_1_366' title='bbox 1734 2699 1910 2753; x_wconf 86' lang='lat' dir='ltr'>discretione</span> 
     </span>
     <span class='ocr_line' id='line_1_29' title="bbox 157 2786 1910 2860; baseline -0.001 -17"><span class='ocrx_word' id='word_1_367' title='bbox 157 2788 640 2859; x_wconf 82' lang='grc'>515105580515105551151155151115</span> <span class='ocrx_word' id='word_1_368' title='bbox 663 2787 823 2842; x_wconf 90' lang='lat' dir='ltr'>instructio.</span> <span class='ocrx_word' id='word_1_369' title='bbox 856 2786 936 2842; x_wconf 92' lang='lat' dir='ltr'>Unde</span> <span class='ocrx_word' id='word_1_370' title='bbox 960 2803 1005 2842; x_wconf 91' lang='lat' dir='ltr'>re·</span> <span class='ocrx_word' id='word_1_371' title='bbox 1060 2787 1254 2858; x_wconf 90' lang='lat' dir='ltr'>intendentes,</span> <span class='ocrx_word' id='word_1_372' title='bbox 1293 2794 1322 2843; x_wconf 93' lang='lat' dir='ltr'>et</span> <span class='ocrx_word' id='word_1_373' title='bbox 1348 2788 1478 2860; x_wconf 90' lang='lat' dir='ltr'>quotidie</span> <span class='ocrx_word' id='word_1_374' title='bbox 1502 2788 1620 2843; x_wconf 88' lang='lat' dir='ltr'>devita</span> <span class='ocrx_word' id='word_1_375' title='bbox 1653 2787 1771 2859; x_wconf 90' lang='lat' dir='ltr'>propria</span> <span class='ocrx_word' id='word_1_376' title='bbox 1793 2786 1910 2859; x_wconf 90' lang='lat' dir='ltr'>pericli-</span> 
     </span>
     <span class='ocr_line' id='line_1_30' title="bbox 157 2873 1908 2948; baseline -0.002 -16"><span class='ocrx_word' id='word_1_377' title='bbox 157 2876 242 2932; x_wconf 92' lang='lat' dir='ltr'>motis</span> <span class='ocrx_word' id='word_1_378' title='bbox 264 2873 423 2931; x_wconf 75' lang='lat' dir='ltr'>omniurnd</span> <span class='ocrx_word' id='word_1_379' title='bbox 443 2875 547 2930; x_wconf 90' lang='lat' dir='ltr'>studiis</span> <span class='ocrx_word' id='word_1_380' title='bbox 563 2876 622 2930; x_wconf 87' lang='lat' dir='ltr'>sive</span> <span class='ocrx_word' id='word_1_381' title='bbox 642 2875 784 2942; x_wconf 83' lang='lat' dir='ltr'>versutiis,</span> <span class='ocrx_word' id='word_1_382' title='bbox 800 2874 829 2930; x_wconf 90' lang='lat' dir='ltr'>in</span> <span class='ocrx_word' id='word_1_383' title='bbox 845 2875 898 2929; x_wconf 92' lang='lat' dir='ltr'>hac</span> <span class='ocrx_word' id='word_1_384' title='bbox 913 2875 1007 2930; x_wconf 89' lang='lat' dir='ltr'>adhuc</span> <span class='ocrx_word' id='word_1_385' title='bbox 1060 2880 1165 2946; x_wconf 88' lang='lat' dir='ltr'>tantas,</span> <span class='ocrx_word' id='word_1_386' title='bbox 1180 2877 1276 2948; x_wconf 87' lang='lat' dir='ltr'>aliqua</span> <span class='ocrx_word' id='word_1_387' title='bbox 1297 2892 1351 2947; x_wconf 89' lang='lat' dir='ltr'>pro</span> <span class='ocrx_word' id='word_1_388' title='bbox 1373 2882 1503 2948; x_wconf 88' lang='lat' dir='ltr'>ternpore</span> <span class='ocrx_word' id='word_1_389' title='bbox 1525 2876 1691 2947; x_wconf 89' lang='lat' dir='ltr'>dispensare</span> <span class='ocrx_word' id='word_1_390' title='bbox 1714 2876 1811 2931; x_wconf 91' lang='lat' dir='ltr'>conati</span> <span class='ocrx_word' id='word_1_391' title='bbox 1826 2881 1908 2941; x_wconf 92' lang='lat' dir='ltr'>sunt;</span> 
     </span>
     <span class='ocr_line' id='line_1_31' title="bbox 156 2964 1909 3054; baseline -0.002 -33"><span class='ocrx_word' id='word_1_392' title='bbox 156 2965 293 3038; x_wconf 74' lang='lat' dir='ltr'>prasenti</span> <span class='ocrx_word' id='word_1_393' title='bbox 305 2964 460 3035; x_wconf 88' lang='lat' dir='ltr'>fragilitate</span> <span class='ocrx_word' id='word_1_394' title='bbox 475 2965 703 3035; x_wconf 88' lang='lat' dir='ltr'>propositorum,</span> <span class='ocrx_word' id='word_1_395' title='bbox 730 2964 888 3020; x_wconf 90' lang='lat' dir='ltr'>seeundum</span> <span class='ocrx_word' id='word_1_396' title='bbox 904 2979 1004 3036; x_wconf 88' lang='lat' dir='ltr'>preces</span> <span class='ocrx_word' id='word_1_397' title='bbox 1023 2995 1044 3054; x_wconf 72' lang='lat' dir='ltr'>C</span> <span class='ocrx_word' id='word_1_398' title='bbox 1061 2981 1113 3021; x_wconf 91' lang='lat' dir='ltr'>cur</span> <span class='ocrx_word' id='word_1_399' title='bbox 1126 2965 1288 3036; x_wconf 91' lang='lat' dir='ltr'>improvida</span> <span class='ocrx_word' id='word_1_400' title='bbox 1299 2967 1492 3037; x_wconf 90' lang='lat' dir='ltr'>insequuntur</span> <span class='ocrx_word' id='word_1_401' title='bbox 1505 2967 1619 3020; x_wconf 88' lang='lat' dir='ltr'>animus</span> <span class='ocrx_word' id='word_1_402' title='bbox 1636 2965 1752 3028; x_wconf 72' lang='lat' dir='ltr'>ordiner</span> <span class='ocrx_word' id='word_1_403' title='bbox 1774 2965 1819 3020; x_wconf 85' lang='lat' dir='ltr'>rel</span> <span class='ocrx_word' id='word_1_404' title='bbox 1840 2966 1909 3019; x_wconf 86' lang='lat' dir='ltr'>alio·</span> 
     </span>
     <span class='ocr_line' id='line_1_32' title="bbox 156 3053 1910 3125; baseline -0.002 -14"><span class='ocrx_word' id='word_1_405' title='bbox 156 3060 270 3111; x_wconf 91' lang='lat' dir='ltr'>nostras</span> <span class='ocrx_word' id='word_1_406' title='bbox 289 3054 433 3110; x_wconf 86' lang='lat' dir='ltr'>aduixuet</span> <span class='ocrx_word' id='word_1_407' title='bbox 459 3054 627 3109; x_wconf 85' lang='lat' dir='ltr'>auctoritate</span> <span class='ocrx_word' id='word_1_408' title='bbox 654 3054 798 3125; x_wconf 90' lang='lat' dir='ltr'>imperiali</span> <span class='ocrx_word' id='word_1_409' title='bbox 822 3053 922 3109; x_wconf 82' lang='grc'>0115515</span> <span class='ocrx_word' id='word_1_410' title='bbox 946 3055 1004 3109; x_wconf 79' lang='lat' dir='ltr'>lieo</span> <span class='ocrx_word' id='word_1_411' title='bbox 1058 3069 1124 3108; x_wconf 92' lang='lat' dir='ltr'>rum</span> <span class='ocrx_word' id='word_1_412' title='bbox 1139 3054 1174 3109; x_wconf 91' lang='lat' dir='ltr'>de</span> <span class='ocrx_word' id='word_1_413' title='bbox 1185 3053 1243 3108; x_wconf 89' lang='lat' dir='ltr'>vita</span> <span class='ocrx_word' id='word_1_414' title='bbox 1260 3055 1274 3088; x_wconf 83' lang='lat'>¹¹</span> <span class='ocrx_word' id='word_1_415' title='bbox 1297 3055 1460 3125; x_wconf 88' lang='lat' dir='ltr'>plectantur</span> <span class='ocrx_word' id='word_1_416' title='bbox 1483 3054 1636 3122; x_wconf 89' lang='lat' dir='ltr'>sententia,</span> <span class='ocrx_word' id='word_1_417' title='bbox 1652 3053 1772 3109; x_wconf 89' lang='lat' dir='ltr'>omuino</span> <span class='ocrx_word' id='word_1_418' title='bbox 1787 3067 1851 3108; x_wconf 91' lang='lat' dir='ltr'>non</span> <span class='ocrx_word' id='word_1_419' title='bbox 1866 3053 1910 3107; x_wconf 83' lang='lat' dir='ltr'>si-</span> 
     </span>
     <span class='ocr_line' id='line_1_33' title="bbox 157 3141 1910 3213; baseline -0.001 -16"><span class='ocrx_word' id='word_1_420' title='bbox 157 3147 255 3198; x_wconf 84' lang='grc'>555150</span> <span class='ocrx_word' id='word_1_421' title='bbox 271 3142 302 3196; x_wconf 90' lang='grc'>15</span> <span class='ocrx_word' id='word_1_422' title='bbox 315 3157 404 3198; x_wconf 88' lang='lat' dir='ltr'>unam</span> <span class='ocrx_word' id='word_1_423' title='bbox 422 3154 435 3186; x_wconf 69' lang='grc' dir='ltr'><strong>ο</strong></span> <span class='ocrx_word' id='word_1_424' title='bbox 458 3142 627 3197; x_wconf 86' lang='lat' dir='ltr'>catholicam</span> <span class='ocrx_word' id='word_1_425' title='bbox 646 3142 799 3197; x_wconf 87' lang='lat' dir='ltr'>Ecclesiam</span> <span class='ocrx_word' id='word_1_426' title='bbox 822 3146 850 3198; x_wconf 89' lang='grc'>51</span> <span class='ocrx_word' id='word_1_427' title='bbox 865 3141 1004 3212; x_wconf 89' lang='lat' dir='ltr'>apostoli·</span> <span class='ocrx_word' id='word_1_428' title='bbox 1059 3142 1124 3197; x_wconf 91' lang='lat' dir='ltr'>deo.</span> <span class='ocrx_word' id='word_1_429' title='bbox 1141 3142 1330 3198; x_wconf 76' lang='lat' dir='ltr'>Conscientiae</span> <span class='ocrx_word' id='word_1_430' title='bbox 1344 3147 1450 3198; x_wconf 77' lang='lat' dir='ltr'>nostras</span> <span class='ocrx_word' id='word_1_431' title='bbox 1465 3147 1494 3197; x_wconf 94' lang='lat' dir='ltr'>et</span> <span class='ocrx_word' id='word_1_432' title='bbox 1502 3142 1672 3213; x_wconf 89' lang='lat' dir='ltr'>fragilitates</span> <span class='ocrx_word' id='word_1_433' title='bbox 1681 3142 1817 3196; x_wconf 85' lang='grc'>1111515555</span> <span class='ocrx_word' id='word_1_434' title='bbox 1825 3141 1910 3213; x_wconf 89' lang='grc'>15551·</span> 
     </span>
     <span class='ocr_line' id='line_1_34' title="bbox 157 3229 1909 3305; baseline -0.001 -19"><span class='ocrx_word' id='word_1_435' title='bbox 157 3247 218 3287; x_wconf 88' lang='lat' dir='ltr'>earn</span> <span class='ocrx_word' id='word_1_436' title='bbox 232 3247 239 3285; x_wconf 91' lang='lat'>:</span> <span class='ocrx_word' id='word_1_437' title='bbox 255 3230 323 3302; x_wconf 90' lang='lat' dir='ltr'>quia</span> <span class='ocrx_word' id='word_1_438' title='bbox 337 3231 391 3285; x_wconf 92' lang='lat' dir='ltr'>boc</span> <span class='ocrx_word' id='word_1_439' title='bbox 404 3231 497 3285; x_wconf 89' lang='lat' dir='ltr'>solum</span> <span class='ocrx_word' id='word_1_440' title='bbox 508 3235 561 3298; x_wconf 91' lang='lat' dir='ltr'>est,</span> <span class='ocrx_word' id='word_1_441' title='bbox 577 3230 608 3284; x_wconf 92' lang='lat' dir='ltr'>in</span> <span class='ocrx_word' id='word_1_442' title='bbox 624 3246 681 3301; x_wconf 90' lang='lat' dir='ltr'>quo</span> <span class='ocrx_word' id='word_1_443' title='bbox 695 3229 705 3265; x_wconf 76' lang='lat'>¹</span> <span class='ocrx_word' id='word_1_444' title='bbox 719 3231 885 3305; x_wconf 75' lang='grc'>5055011151</span> <span class='ocrx_word' id='word_1_445' title='bbox 899 3229 929 3284; x_wconf 92' lang='grc'>15</span> <span class='ocrx_word' id='word_1_446' title='bbox 944 3233 1005 3284; x_wconf 87' lang='lat' dir='ltr'>ter-</span> <span class='ocrx_word' id='word_1_447' title='bbox 1059 3229 1169 3285; x_wconf 79' lang='lat' dir='ltr'>ciendae</span> <span class='ocrx_word' id='word_1_448' title='bbox 1194 3235 1271 3296; x_wconf 87' lang='lat' dir='ltr'>sunt,</span> <span class='ocrx_word' id='word_1_449' title='bbox 1290 3234 1367 3285; x_wconf 90' lang='lat' dir='ltr'>etex</span> <span class='ocrx_word' id='word_1_450' title='bbox 1387 3230 1553 3301; x_wconf 90' lang='lat' dir='ltr'>nobisipsis</span> <span class='ocrx_word' id='word_1_451' title='bbox 1568 3231 1747 3286; x_wconf 91' lang='lat' dir='ltr'>subditorum</span> <span class='ocrx_word' id='word_1_452' title='bbox 1759 3230 1828 3286; x_wconf 75' lang='grc'>11155</span> <span class='ocrx_word' id='word_1_453' title='bbox 1852 3230 1909 3285; x_wconf 85' lang='grc'>105·</span> 
     </span>
     <span class='ocr_line' id='line_1_35' title="bbox 156 3317 1908 3391; baseline 0.001 -19"><span class='ocrx_word' id='word_1_454' title='bbox 156 3319 207 3384; x_wconf 85' lang='grc'>515,</span> <span class='ocrx_word' id='word_1_455' title='bbox 224 3319 274 3373; x_wconf 87' lang='grc'>551</span> <span class='ocrx_word' id='word_1_456' title='bbox 290 3319 376 3373; x_wconf 86' lang='grc'>511551</span> <span class='ocrx_word' id='word_1_457' title='bbox 391 3319 422 3372; x_wconf 91' lang='grc'>15</span> <span class='ocrx_word' id='word_1_458' title='bbox 436 3318 507 3372; x_wconf 86' lang='lat' dir='ltr'>coelo</span> <span class='ocrx_word' id='word_1_459' title='bbox 519 3317 698 3389; x_wconf 88' lang='lat' dir='ltr'>triumphare</span> <span class='ocrx_word' id='word_1_460' title='bbox 709 3318 771 3372; x_wconf 89' lang='lat' dir='ltr'>sine</span> <span class='ocrx_word' id='word_1_461' title='bbox 786 3319 844 3373; x_wconf 92' lang='lat' dir='ltr'>line</span> <span class='ocrx_word' id='word_1_462' title='bbox 857 3319 967 3389; x_wconf 91' lang='lat' dir='ltr'>positis.</span> <span class='ocrx_word' id='word_1_463' title='bbox 989 3339 1003 3369; x_wconf 78' lang='lat' dir='ltr'>u</span> <span class='ocrx_word' id='word_1_464' title='bbox 1059 3319 1185 3375; x_wconf 78' lang='lat' dir='ltr'>mandas.</span> <span class='ocrx_word' id='word_1_465' title='bbox 1199 3318 1442 3391; x_wconf 85' lang='lat' dir='ltr'>Quantanamque</span> <span class='ocrx_word' id='word_1_466' title='bbox 1448 3335 1502 3391; x_wconf 90' lang='lat' dir='ltr'>pro</span> <span class='ocrx_word' id='word_1_467' title='bbox 1509 3324 1649 3391; x_wconf 90' lang='lat' dir='ltr'>tempore,</span> <span class='ocrx_word' id='word_1_468' title='bbox 1658 3334 1712 3390; x_wconf 93' lang='lat' dir='ltr'>pro</span> <span class='ocrx_word' id='word_1_469' title='bbox 1720 3318 1847 3374; x_wconf 88' lang='lat' dir='ltr'>instante</span> <span class='ocrx_word' id='word_1_470' title='bbox 1856 3335 1908 3374; x_wconf 91' lang='lat' dir='ltr'>ne·</span> 
     </span>
     <span class='ocr_line' id='line_1_36' title="bbox 159 3405 1911 3479; baseline -0.001 -17"><span class='ocrx_word' id='word_1_471' title='bbox 159 3408 192 3462; x_wconf 86' lang='lat' dir='ltr'>Et</span> <span class='ocrx_word' id='word_1_472' title='bbox 205 3405 273 3476; x_wconf 88' lang='lat' dir='ltr'>quia</span> <span class='ocrx_word' id='word_1_473' title='bbox 285 3415 317 3460; x_wconf 86' lang='lat' dir='ltr'>ut</span> <span class='ocrx_word' id='word_1_474' title='bbox 330 3405 468 3460; x_wconf 90' lang='lat' dir='ltr'>canoniea</span> <span class='ocrx_word' id='word_1_475' title='bbox 487 3405 629 3459; x_wconf 89' lang='lat' dir='ltr'>institutio</span> <span class='ocrx_word' id='word_1_476' title='bbox 644 3405 751 3459; x_wconf 90' lang='lat' dir='ltr'>iterum</span> <span class='ocrx_word' id='word_1_477' title='bbox 777 3422 828 3477; x_wconf 93' lang='lat' dir='ltr'>per</span> <span class='ocrx_word' id='word_1_478' title='bbox 842 3422 874 3460; x_wconf 91' lang='lat' dir='ltr'>os</span> <span class='ocrx_word' id='word_1_479' title='bbox 899 3405 1006 3461; x_wconf 89' lang='lat' dir='ltr'>beatis·</span> <span class='ocrx_word' id='word_1_480' title='bbox 1058 3406 1198 3475; x_wconf 89' lang='lat' dir='ltr'>cessitate,</span> <span class='ocrx_word' id='word_1_481' title='bbox 1215 3422 1267 3478; x_wconf 94' lang='lat' dir='ltr'>pro</span> <span class='ocrx_word' id='word_1_482' title='bbox 1283 3411 1457 3478; x_wconf 90' lang='lat' dir='ltr'>potestatum</span> <span class='ocrx_word' id='word_1_483' title='bbox 1471 3411 1592 3474; x_wconf 89' lang='lat' dir='ltr'>terrore,</span> <span class='ocrx_word' id='word_1_484' title='bbox 1603 3407 1802 3479; x_wconf 91' lang='lat' dir='ltr'>unusquisque</span> <span class='ocrx_word' id='word_1_485' title='bbox 1813 3422 1849 3462; x_wconf 85' lang='lat' dir='ltr'>ex</span> <span class='ocrx_word' id='word_1_486' title='bbox 1861 3422 1911 3461; x_wconf 92' lang='lat' dir='ltr'>no·</span> 
     </span>
     <span class='ocr_line' id='line_1_37' title="bbox 159 3492 1911 3567; baseline 0.001 -19"><span class='ocrx_word' id='word_1_487' title='bbox 159 3494 224 3549; x_wconf 89' lang='lat' dir='ltr'>simi</span> <span class='ocrx_word' id='word_1_488' title='bbox 234 3510 316 3565; x_wconf 84' lang='lat' dir='ltr'>papae</span> <span class='ocrx_word' id='word_1_489' title='bbox 331 3493 475 3548; x_wconf 75' lang='lat' dir='ltr'>Caelestini</span> <span class='ocrx_word' id='word_1_490' title='bbox 489 3493 523 3547; x_wconf 89' lang='lat' dir='ltr'>ad</span> <span class='ocrx_word' id='word_1_491' title='bbox 544 3492 691 3564; x_wconf 90' lang='lat' dir='ltr'>episcopos</span> <span class='ocrx_word' id='word_1_492' title='bbox 705 3509 757 3565; x_wconf 89' lang='lat' dir='ltr'>per</span> <span class='ocrx_word' id='word_1_493' title='bbox 776 3493 911 3565; x_wconf 77' lang='lat' dir='ltr'>Apuliam</span> <span class='ocrx_word' id='word_1_494' title='bbox 936 3510 1004 3549; x_wconf 91' lang='lat' dir='ltr'>con·</span> <span class='ocrx_word' id='word_1_495' title='bbox 1058 3493 1103 3550; x_wconf 91' lang='lat' dir='ltr'>bis</span> <span class='ocrx_word' id='word_1_496' title='bbox 1116 3494 1246 3565; x_wconf 85' lang='lat' dir='ltr'>pontifex</span> <span class='ocrx_word' id='word_1_497' title='bbox 1257 3494 1288 3548; x_wconf 93' lang='lat' dir='ltr'>in</span> <span class='ocrx_word' id='word_1_498' title='bbox 1302 3495 1356 3550; x_wconf 92' lang='lat' dir='ltr'>sibi</span> <span class='ocrx_word' id='word_1_499' title='bbox 1365 3495 1486 3551; x_wconf 91' lang='lat' dir='ltr'>creditos</span> <span class='ocrx_word' id='word_1_500' title='bbox 1494 3495 1675 3567; x_wconf 84' lang='lat' dir='ltr'>usurpaverit</span> <span class='ocrx_word' id='word_1_501' title='bbox 1688 3496 1840 3567; x_wconf 85' lang='lat' dir='ltr'>greges,.si</span> <span class='ocrx_word' id='word_1_502' title='bbox 1848 3494 1911 3550; x_wconf 91' lang='lat' dir='ltr'>utili</span> 
     </span>
     <span class='ocr_line' id='line_1_38' title="bbox 157 3581 1911 3655; baseline 0.001 -18"><span class='ocrx_word' id='word_1_503' title='bbox 157 3582 269 3637; x_wconf 88' lang='lat' dir='ltr'>stitutus</span> <span class='ocrx_word' id='word_1_504' title='bbox 283 3581 476 3636; x_wconf 86' lang='lat' dir='ltr'>celeberrimis</span> <span class='ocrx_word' id='word_1_505' title='bbox 490 3581 607 3635; x_wconf 85' lang='lat' dir='ltr'>vocibus</span> <span class='ocrx_word' id='word_1_506' title='bbox 625 3581 735 3651; x_wconf 87' lang='lat' dir='ltr'>clamat,</span> <span class='ocrx_word' id='word_1_507' title='bbox 759 3582 834 3654; x_wconf 93' lang='lat' dir='ltr'>quod</span> <span class='ocrx_word' id='word_1_508' title='bbox 858 3582 1005 3639; x_wconf 91' lang='lat' dir='ltr'>doeendus</span> <span class='ocrx_word' id='word_1_509' title='bbox 1059 3586 1087 3637; x_wconf 90' lang='lat' dir='ltr'>et</span> <span class='ocrx_word' id='word_1_510' title='bbox 1102 3583 1148 3653; x_wconf 91' lang='lat' dir='ltr'>pia</span> <span class='ocrx_word' id='word_1_511' title='bbox 1163 3583 1362 3654; x_wconf 89' lang='lat' dir='ltr'>compassione</span> <span class='ocrx_word' id='word_1_512' title='bbox 1372 3585 1547 3640; x_wconf 82' lang='lat' dir='ltr'>voluerimus</span> <span class='ocrx_word' id='word_1_513' title='bbox 1558 3585 1681 3652; x_wconf 89' lang='lat' dir='ltr'>librare;</span> <span class='ocrx_word' id='word_1_514' title='bbox 1692 3584 1770 3639; x_wconf 93' lang='lat' dir='ltr'>illico</span> <span class='ocrx_word' id='word_1_515' title='bbox 1781 3585 1833 3655; x_wconf 91' lang='lat' dir='ltr'>qui</span> <span class='ocrx_word' id='word_1_516' title='bbox 1845 3601 1911 3639; x_wconf 89' lang='lat' dir='ltr'>nos·</span> 
     </span>
     <span class='ocr_line' id='line_1_39' title="bbox 157 3670 1909 3743; baseline 0.002 -19"><span class='ocrx_word' id='word_1_517' title='bbox 157 3670 195 3724; x_wconf 91' lang='lat' dir='ltr'>sit</span> <span class='ocrx_word' id='word_1_518' title='bbox 209 3670 343 3741; x_wconf 91' lang='lat' dir='ltr'>populus,</span> <span class='ocrx_word' id='word_1_519' title='bbox 361 3685 418 3724; x_wconf 93' lang='lat' dir='ltr'>non</span> <span class='ocrx_word' id='word_1_520' title='bbox 435 3670 607 3740; x_wconf 90' lang='lat' dir='ltr'>sequendus,</span> <span class='ocrx_word' id='word_1_521' title='bbox 623 3686 730 3741; x_wconf 90' lang='lat' dir='ltr'>eosque</span> <span class='ocrx_word' id='word_1_522' title='bbox 753 3671 776 3724; x_wconf 92' lang='lat' dir='ltr'>si</span> <span class='ocrx_word' id='word_1_523' title='bbox 791 3670 922 3726; x_wconf 85' lang='lat' dir='ltr'>nesciunt</span> <span class='ocrx_word' id='word_1_524' title='bbox 936 3671 1004 3742; x_wconf 91' lang='lat' dir='ltr'>quid</span> <span class='ocrx_word' id='word_1_525' title='bbox 1057 3671 1110 3726; x_wconf 92' lang='lat' dir='ltr'>tris</span> <span class='ocrx_word' id='word_1_526' title='bbox 1125 3672 1347 3728; x_wconf 88' lang='lat' dir='ltr'>clementissime</span> <span class='ocrx_word' id='word_1_527' title='bbox 1357 3673 1489 3728; x_wconf 86' lang='lat' dir='ltr'>ridemur</span> <span class='ocrx_word' id='word_1_528' title='bbox 1499 3674 1633 3743; x_wconf 89' lang='lat' dir='ltr'>existere,</span> <span class='ocrx_word' id='word_1_529' title='bbox 1649 3673 1672 3727; x_wconf 92' lang='lat' dir='ltr'>si</span> <span class='ocrx_word' id='word_1_530' title='bbox 1683 3673 1766 3728; x_wconf 91' lang='lat' dir='ltr'>aliter</span> <span class='ocrx_word' id='word_1_531' title='bbox 1776 3674 1909 3729; x_wconf 87' lang='lat' dir='ltr'>subdito·</span> 
     </span>
    </p>
   </div>
   <div class='ocr_carea' id='block_1_3' title="bbox 48 3757 1910 3831">
    <p class='ocr_par' dir='ltr' id='par_1_3' title="bbox 48 3757 1910 3831">
     <span class='ocr_line' id='line_1_40' title="bbox 48 3757 1910 3831; baseline 0.003 -19"><span class='ocrx_word' id='word_1_532' title='bbox 48 3805 56 3825; x_wconf 75' lang='grc'>,</span> <span class='ocrx_word' id='word_1_533' title='bbox 156 3758 250 3825; x_wconf 90' lang='grc'>115551,</span> <span class='ocrx_word' id='word_1_534' title='bbox 266 3758 371 3829; x_wconf 87' lang='lat' dir='ltr'>quidve</span> <span class='ocrx_word' id='word_1_535' title='bbox 386 3773 444 3812; x_wconf 94' lang='lat' dir='ltr'>non</span> <span class='ocrx_word' id='word_1_536' title='bbox 460 3757 554 3825; x_wconf 88' lang='lat' dir='ltr'>liceat,</span> <span class='ocrx_word' id='word_1_537' title='bbox 569 3774 761 3822; x_wconf 90' lang='lat' dir='ltr'>commonere,</span> <span class='ocrx_word' id='word_1_538' title='bbox 785 3776 844 3816; x_wconf 91' lang='lat' dir='ltr'>non</span> <span class='ocrx_word' id='word_1_539' title='bbox 866 3760 911 3814; x_wconf 92' lang='lat' dir='ltr'>his</span> <span class='ocrx_word' id='word_1_540' title='bbox 933 3776 1006 3816; x_wconf 89' lang='lat' dir='ltr'>con·</span> <span class='ocrx_word' id='word_1_541' title='bbox 1058 3775 1221 3831; x_wconf 84' lang='lat' dir='ltr'>numquam</span> <span class='ocrx_word' id='word_1_542' title='bbox 1238 3766 1402 3816; x_wconf 88' lang='grc'>5051505551</span> <span class='ocrx_word' id='word_1_543' title='bbox 1417 3762 1592 3818; x_wconf 85' lang='lat' dir='ltr'>voluerimus</span> <span class='ocrx_word' id='word_1_544' title='bbox 1615 3762 1755 3816; x_wconf 89' lang='lat' dir='ltr'>ventilare</span> <span class='ocrx_word' id='word_1_545' title='bbox 1774 3762 1910 3830; x_wconf 87' lang='lat' dir='ltr'>festucas,</span> 
     </span>
    </p>
   </div>
   <div class='ocr_carea' id='block_1_4' title="bbox 157 3845 1914 5071">
    <p class='ocr_par' dir='ltr' id='par_1_4' title="bbox 158 3845 1913 3921">
     <span class='ocr_line' id='line_1_41' title="bbox 158 3845 1913 3921; baseline 0.002 -21"><span class='ocrx_word' id='word_1_546' title='bbox 158 3861 273 3900; x_wconf 91' lang='lat' dir='ltr'>sensum</span> <span class='ocrx_word' id='word_1_547' title='bbox 289 3845 417 3917; x_wconf 82' lang='lat' dir='ltr'>praebere</span> <span class='ocrx_word' id='word_1_548' title='bbox 432 3845 546 3901; x_wconf 88' lang='lat' dir='ltr'>debere.</span> <span class='ocrx_word' id='word_1_549' title='bbox 1058 3850 1215 3903; x_wconf 83' lang='lat' dir='ltr'>severiores</span> <span class='ocrx_word' id='word_1_550' title='bbox 1234 3850 1266 3904; x_wconf 92' lang='lat' dir='ltr'>in</span> <span class='ocrx_word' id='word_1_551' title='bbox 1294 3850 1515 3921; x_wconf 88' lang='lat' dir='ltr'>delinquentum</span> <span class='ocrx_word' id='word_1_552' title='bbox 1540 3850 1701 3905; x_wconf 82' lang='lat' dir='ltr'>excessibus</span> <span class='ocrx_word' id='word_1_553' title='bbox 1720 3850 1913 3920; x_wconf 85' lang='lat' dir='ltr'>probavimur</span> 
     </span>
    </p>

    <p class='ocr_par' dir='ltr' id='par_1_5' title="bbox 157 3934 1914 5071">
     <span class='ocr_line' id='line_1_42' title="bbox 192 3934 1911 4010; baseline 0.002 -20"><span class='ocrx_word' id='word_1_554' title='bbox 192 3935 218 3990; x_wconf 81' lang='lat'>4.</span> <span class='ocrx_word' id='word_1_555' title='bbox 235 3936 340 3991; x_wconf 87' lang='lat' dir='ltr'>Ratum</span> <span class='ocrx_word' id='word_1_556' title='bbox 355 3934 488 3989; x_wconf 79' lang='lat' dir='ltr'>duximus</span> <span class='ocrx_word' id='word_1_557' title='bbox 502 3935 664 3989; x_wconf 89' lang='lat' dir='ltr'>necessitati</span> <span class='ocrx_word' id='word_1_558' title='bbox 679 3936 828 3992; x_wconf 90' lang='lat' dir='ltr'>consulere</span> <span class='ocrx_word' id='word_1_559' title='bbox 843 3941 871 3990; x_wconf 91' lang='lat' dir='ltr'>et</span> <span class='ocrx_word' id='word_1_560' title='bbox 891 3936 1006 4008; x_wconf 90' lang='lat' dir='ltr'>dispen·</span> <span class='ocrx_word' id='word_1_561' title='bbox 1057 3935 1173 3991; x_wconf 89' lang='lat' dir='ltr'>insilere</span> <span class='ocrx_word' id='word_1_562' title='bbox 1190 3953 1197 3991; x_wconf 77' lang='grc'>1</span> <span class='ocrx_word' id='word_1_563' title='bbox 1214 3954 1272 4008; x_wconf 92' lang='lat' dir='ltr'>quo</span> <span class='ocrx_word' id='word_1_564' title='bbox 1284 3939 1394 4009; x_wconf 88' lang='lat' dir='ltr'>judicio</span> <span class='ocrx_word' id='word_1_565' title='bbox 1418 3939 1496 3995; x_wconf 90' lang='lat' dir='ltr'>enim</span> <span class='ocrx_word' id='word_1_566' title='bbox 1507 3939 1743 4010; x_wconf 78' lang='lat' dir='ltr'>judicaverimus,</span> <span class='ocrx_word' id='word_1_567' title='bbox 1760 3939 1791 3993; x_wconf 94' lang='lat' dir='ltr'>in</span> <span class='ocrx_word' id='word_1_568' title='bbox 1802 3955 1839 3994; x_wconf 93' lang='lat' dir='ltr'>eo</span> <span class='ocrx_word' id='word_1_569' title='bbox 1854 3955 1911 3994; x_wconf 91' lang='lat' dir='ltr'>no·</span> 
     </span>
     <span class='ocr_line' id='line_1_43' title="bbox 157 4023 1912 4099; baseline 0.003 -21"><span class='ocrx_word' id='word_1_570' title='bbox 157 4023 283 4078; x_wconf 88' lang='lat' dir='ltr'>sationes</span> <span class='ocrx_word' id='word_1_571' title='bbox 307 4023 510 4078; x_wconf 89' lang='lat' dir='ltr'>ecclesiasticas</span> <span class='ocrx_word' id='word_1_572' title='bbox 539 4039 592 4094; x_wconf 91' lang='lat' dir='ltr'>pro</span> <span class='ocrx_word' id='word_1_573' title='bbox 619 4028 749 4094; x_wconf 87' lang='lat' dir='ltr'>tempore</span> <span class='ocrx_word' id='word_1_574' title='bbox 780 4040 837 4078; x_wconf 96' lang='lat' dir='ltr'>non</span> <span class='ocrx_word' id='word_1_575' title='bbox 852 4068 856 4082; x_wconf 65' lang='grc'>,,</span> <span class='ocrx_word' id='word_1_576' title='bbox 865 4040 1005 4095; x_wconf 81' lang='grc'>55515551-</span> <span class='ocrx_word' id='word_1_577' title='bbox 1058 4024 1103 4080; x_wconf 94' lang='lat' dir='ltr'>bis</span> <span class='ocrx_word' id='word_1_578' title='bbox 1109 4025 1294 4096; x_wconf 85' lang='lat' dir='ltr'>judicabitur.</span> <span class='ocrx_word' id='word_1_579' title='bbox 1306 4028 1340 4082; x_wconf 84' lang='lat' dir='ltr'>Et</span> <span class='ocrx_word' id='word_1_580' title='bbox 1351 4026 1416 4082; x_wconf 93' lang='grc'>1150</span> <span class='ocrx_word' id='word_1_581' title='bbox 1423 4029 1505 4099; x_wconf 87' lang='lat' dir='ltr'>juxta</span> <span class='ocrx_word' id='word_1_582' title='bbox 1520 4027 1597 4082; x_wconf 90' lang='lat' dir='ltr'>beati</span> <span class='ocrx_word' id='word_1_583' title='bbox 1607 4027 1714 4083; x_wconf 80' lang='lat' dir='ltr'>iuliani</span> <span class='ocrx_word' id='word_1_584' title='bbox 1729 4027 1841 4099; x_wconf 88' lang='lat' dir='ltr'>egregii</span> <span class='ocrx_word' id='word_1_585' title='bbox 1857 4028 1912 4083; x_wconf 92' lang='lat' dir='ltr'>do·</span> 
     </span>
     <span class='ocr_line' id='line_1_44' title="bbox 157 4106 1912 4187; baseline 0.003 -22"><span class='ocrx_word' id='word_1_586' title='bbox 157 4110 258 4182; x_wconf 84' lang='grc'>511055</span> <span class='ocrx_word' id='word_1_587' title='bbox 278 4111 364 4179; x_wconf 58' lang='grc'>5551</span> <span class='ocrx_word' id='word_1_588' title='bbox 391 4111 559 4166; x_wconf 89' lang='lat' dir='ltr'>necessitate</span> <span class='ocrx_word' id='word_1_589' title='bbox 586 4111 731 4181; x_wconf 82' lang='lat' dir='ltr'>praevisas,</span> <span class='ocrx_word' id='word_1_590' title='bbox 757 4106 923 4183; x_wconf 79' lang='lat' dir='ltr'>apostoliea,</span> <span class='ocrx_word' id='word_1_591' title='bbox 946 4113 1005 4167; x_wconf 92' lang='lat' dir='ltr'>imo</span> <span class='ocrx_word' id='word_1_592' title='bbox 1059 4113 1143 4168; x_wconf 91' lang='lat' dir='ltr'>ctoris</span> <span class='ocrx_word' id='word_1_593' title='bbox 1162 4114 1343 4184; x_wconf 88' lang='lat' dir='ltr'>sententiam,</span> <span class='ocrx_word' id='word_1_594' title='bbox 1362 4131 1420 4171; x_wconf 96' lang='lat' dir='ltr'>non</span> <span class='ocrx_word' id='word_1_595' title='bbox 1441 4115 1561 4171; x_wconf 90' lang='lat' dir='ltr'>minoris</span> <span class='ocrx_word' id='word_1_596' title='bbox 1577 4121 1619 4170; x_wconf 90' lang='lat' dir='ltr'>est</span> <span class='ocrx_word' id='word_1_597' title='bbox 1640 4115 1832 4187; x_wconf 70' lang='lat' dir='ltr'>providentiae</span> <span class='ocrx_word' id='word_1_598' title='bbox 1857 4132 1912 4172; x_wconf 86' lang='lat' dir='ltr'>ne-</span> 
     </span>
     <span class='ocr_line' id='line_1_45' title="bbox 157 4198 1912 4276; baseline 0.002 -22"><span class='ocrx_word' id='word_1_599' title='bbox 157 4198 295 4254; x_wconf 89' lang='grc'>55505155</span> <span class='ocrx_word' id='word_1_600' title='bbox 317 4198 495 4254; x_wconf 88' lang='lat' dir='ltr'>institutione</span> <span class='ocrx_word' id='word_1_601' title='bbox 517 4198 632 4253; x_wconf 90' lang='lat' dir='ltr'>formati</span> <span class='ocrx_word' id='word_1_602' title='bbox 645 4199 802 4254; x_wconf 82' lang='lat' dir='ltr'>verissimis</span> <span class='ocrx_word' id='word_1_603' title='bbox 823 4201 1005 4256; x_wconf 90' lang='lat' dir='ltr'>constitutio·</span> <span class='ocrx_word' id='word_1_604' title='bbox 1058 4201 1182 4256; x_wconf 87' lang='lat' dir='ltr'>cessitati</span> <span class='ocrx_word' id='word_1_605' title='bbox 1210 4202 1374 4258; x_wconf 86' lang='lat' dir='ltr'>imminenti</span> <span class='ocrx_word' id='word_1_606' title='bbox 1406 4206 1565 4272; x_wconf 89' lang='lat' dir='ltr'>consulere,</span> <span class='ocrx_word' id='word_1_607' title='bbox 1597 4221 1684 4276; x_wconf 90' lang='lat' dir='ltr'>quam</span> <span class='ocrx_word' id='word_1_608' title='bbox 1719 4204 1912 4276; x_wconf 84' lang='lat' dir='ltr'>plenitudinis</span> 
     </span>
     <span class='ocr_line' id='line_1_46' title="bbox 157 4286 1912 4361; baseline 0.003 -20"><span class='ocrx_word' id='word_1_609' title='bbox 157 4286 243 4341; x_wconf 92' lang='lat' dir='ltr'>nibus</span> <span class='ocrx_word' id='word_1_610' title='bbox 261 4287 433 4357; x_wconf 89' lang='lat' dir='ltr'>approbare,</span> <span class='ocrx_word' id='word_1_611' title='bbox 450 4303 486 4340; x_wconf 95' lang='lat' dir='ltr'>ne</span> <span class='ocrx_word' id='word_1_612' title='bbox 510 4291 612 4342; x_wconf 90' lang='lat' dir='ltr'>contra</span> <span class='ocrx_word' id='word_1_613' title='bbox 627 4287 729 4359; x_wconf 81' lang='lat' dir='ltr'>lloysis</span> <span class='ocrx_word' id='word_1_614' title='bbox 753 4288 867 4359; x_wconf 83' lang='lat' dir='ltr'>legiferi</span> <span class='ocrx_word' id='word_1_615' title='bbox 882 4289 1005 4345; x_wconf 89' lang='lat' dir='ltr'>sanctio·</span> <span class='ocrx_word' id='word_1_616' title='bbox 1024 4288 1238 4351; x_wconf 80' lang='lat' dir='ltr'>ndiseretionis</span> <span class='ocrx_word' id='word_1_617' title='bbox 1273 4290 1502 4361; x_wconf 90' lang='lat' dir='ltr'>gubernaculum</span> <span class='ocrx_word' id='word_1_618' title='bbox 1537 4293 1683 4348; x_wconf 88' lang='lat' dir='ltr'>adhibere.</span> <span class='ocrx_word' id='word_1_619' title='bbox 1721 4292 1912 4348; x_wconf 79' lang='lat' dir='ltr'>laudabilius</span> 
     </span>
     <span class='ocr_line' id='line_1_47' title="bbox 158 4374 1911 4451; baseline 0.003 -21"><span class='ocrx_word' id='word_1_620' title='bbox 158 4390 226 4430; x_wconf 91' lang='lat' dir='ltr'>nem</span> <span class='ocrx_word' id='word_1_621' title='bbox 245 4374 275 4429; x_wconf 93' lang='lat' dir='ltr'>id</span> <span class='ocrx_word' id='word_1_622' title='bbox 287 4375 364 4444; x_wconf 91' lang='lat' dir='ltr'>quod</span> <span class='ocrx_word' id='word_1_623' title='bbox 375 4375 486 4445; x_wconf 89' lang='lat' dir='ltr'>justum</span> <span class='ocrx_word' id='word_1_624' title='bbox 501 4380 545 4430; x_wconf 90' lang='lat' dir='ltr'>est</span> <span class='ocrx_word' id='word_1_625' title='bbox 563 4392 622 4431; x_wconf 96' lang='lat' dir='ltr'>non</span> <span class='ocrx_word' id='word_1_626' title='bbox 634 4377 712 4447; x_wconf 87' lang='lat' dir='ltr'>juste</span> <span class='ocrx_word' id='word_1_627' title='bbox 735 4377 921 4449; x_wconf 90' lang='lat' dir='ltr'>insequentes</span> <span class='ocrx_word' id='word_1_628' title='bbox 954 4379 1004 4434; x_wconf 91' lang='lat' dir='ltr'>ad·</span> <span class='ocrx_word' id='word_1_629' title='bbox 1058 4392 1127 4447; x_wconf 91' lang='lat' dir='ltr'>ergo</span> <span class='ocrx_word' id='word_1_630' title='bbox 1145 4381 1187 4431; x_wconf 89' lang='lat' dir='ltr'>est</span> <span class='ocrx_word' id='word_1_631' title='bbox 1208 4393 1243 4432; x_wconf 87' lang='lat' dir='ltr'>ex</span> <span class='ocrx_word' id='word_1_632' title='bbox 1261 4378 1432 4434; x_wconf 86' lang='lat' dir='ltr'>necessitate</span> <span class='ocrx_word' id='word_1_633' title='bbox 1453 4380 1586 4450; x_wconf 74' lang='lat' dir='ltr'>quadam</span> <span class='ocrx_word' id='word_1_634' title='bbox 1603 4384 1766 4451; x_wconf 88' lang='lat' dir='ltr'>opportuna</span> <span class='ocrx_word' id='word_1_635' title='bbox 1786 4380 1911 4451; x_wconf 83' lang='lat' dir='ltr'>eligere,</span> 
     </span>
     <span class='ocr_line' id='line_1_48' title="bbox 158 4462 1912 4539; baseline 0.005 -23"><span class='ocrx_word' id='word_1_636' title='bbox 158 4477 273 4517; x_wconf 86' lang='lat' dir='ltr'>versum</span> <span class='ocrx_word' id='word_1_637' title='bbox 287 4462 447 4517; x_wconf 90' lang='lat' dir='ltr'>Salomonis</span> <span class='ocrx_word' id='word_1_638' title='bbox 461 4468 638 4535; x_wconf 84' lang='lat' dir='ltr'>praeceptum</span> <span class='ocrx_word' id='word_1_639' title='bbox 654 4465 752 4520; x_wconf 83' lang='grc'>5151115</span> <span class='ocrx_word' id='word_1_640' title='bbox 769 4465 889 4537; x_wconf 74' lang='lat' dir='ltr'>justitias</span> <span class='ocrx_word' id='word_1_641' title='bbox 904 4471 933 4522; x_wconf 94' lang='grc'>51</span> <span class='ocrx_word' id='word_1_642' title='bbox 960 4467 1004 4522; x_wconf 92' lang='lat' dir='ltr'>in·</span> <span class='ocrx_word' id='word_1_643' title='bbox 1059 4480 1146 4534; x_wconf 90' lang='lat' dir='ltr'>qoam</span> <span class='ocrx_word' id='word_1_644' title='bbox 1163 4464 1193 4519; x_wconf 91' lang='lat' dir='ltr'>in</span> <span class='ocrx_word' id='word_1_645' title='bbox 1216 4465 1260 4519; x_wconf 92' lang='lat' dir='ltr'>his</span> <span class='ocrx_word' id='word_1_646' title='bbox 1276 4482 1340 4537; x_wconf 89' lang='lat' dir='ltr'>quae</span> <span class='ocrx_word' id='word_1_647' title='bbox 1352 4473 1509 4538; x_wconf 91' lang='lat' dir='ltr'>suppetunt</span> <span class='ocrx_word' id='word_1_648' title='bbox 1523 4468 1654 4539; x_wconf 90' lang='lat' dir='ltr'>eligenda</span> <span class='ocrx_word' id='word_1_649' title='bbox 1677 4468 1813 4523; x_wconf 87' lang='lat' dir='ltr'>formare.</span> <span class='ocrx_word' id='word_1_650' title='bbox 1837 4470 1912 4524; x_wconf 87' lang='lat' dir='ltr'>liul-</span> 
     </span>
     <span class='ocr_line' id='line_1_49' title="bbox 158 4550 1910 4625; baseline 0.004 -20"><span class='ocrx_word' id='word_1_651' title='bbox 158 4554 384 4621; x_wconf 88' lang='lat' dir='ltr'>temperatenos</span> <span class='ocrx_word' id='word_1_652' title='bbox 400 4550 603 4607; x_wconf 89' lang='lat' dir='ltr'>denotaremus</span> <span class='ocrx_word' id='word_1_653' title='bbox 625 4553 752 4609; x_wconf 88' lang='lat' dir='ltr'>infamia.</span> <span class='ocrx_word' id='word_1_654' title='bbox 779 4555 942 4611; x_wconf 84' lang='lat' dir='ltr'>Recolenda</span> <span class='ocrx_word' id='word_1_655' title='bbox 963 4561 1006 4612; x_wconf 88' lang='lat' dir='ltr'>ost</span> <span class='ocrx_word' id='word_1_656' title='bbox 1058 4559 1146 4625; x_wconf 91' lang='lat' dir='ltr'>toque</span> <span class='ocrx_word' id='word_1_657' title='bbox 1175 4559 1204 4609; x_wconf 89' lang='lat' dir='ltr'>et</span> <span class='ocrx_word' id='word_1_658' title='bbox 1232 4555 1370 4624; x_wconf 90' lang='lat' dir='ltr'>grandius</span> <span class='ocrx_word' id='word_1_659' title='bbox 1405 4556 1548 4610; x_wconf 85' lang='lat' dir='ltr'>defectum</span> <span class='ocrx_word' id='word_1_660' title='bbox 1577 4556 1713 4612; x_wconf 86' lang='lat' dir='ltr'>adhibere</span> <span class='ocrx_word' id='word_1_661' title='bbox 1743 4555 1910 4625; x_wconf 85' lang='grc'>5011551551,</span> 
     </span>
     <span class='ocr_line' id='line_1_50' title="bbox 158 4639 1910 4716; baseline 0.003 -22"><span class='ocrx_word' id='word_1_662' title='bbox 158 4639 213 4694; x_wconf 91' lang='lat' dir='ltr'>boc</span> <span class='ocrx_word' id='word_1_663' title='bbox 234 4639 296 4694; x_wconf 90' lang='lat' dir='ltr'>loco</span> <span class='ocrx_word' id='word_1_664' title='bbox 318 4639 475 4694; x_wconf 89' lang='lat' dir='ltr'>iunocentii</span> <span class='ocrx_word' id='word_1_665' title='bbox 496 4641 646 4696; x_wconf 90' lang='lat' dir='ltr'>clarissimi</span> <span class='ocrx_word' id='word_1_666' title='bbox 661 4658 744 4714; x_wconf 86' lang='lat' dir='ltr'>papae</span> <span class='ocrx_word' id='word_1_667' title='bbox 766 4643 800 4698; x_wconf 87' lang='lat' dir='ltr'>ad</span> <span class='ocrx_word' id='word_1_668' title='bbox 830 4644 957 4699; x_wconf 86' lang='lat' dir='ltr'>Rubium</span> <span class='ocrx_word' id='word_1_669' title='bbox 977 4648 1006 4700; x_wconf 90' lang='lat' dir='ltr'>et</span> <span class='ocrx_word' id='word_1_670' title='bbox 1058 4658 1146 4714; x_wconf 89' lang='lat' dir='ltr'>quam</span> <span class='ocrx_word' id='word_1_671' title='bbox 1161 4642 1284 4713; x_wconf 81' lang='lat' dir='ltr'>copiosas</span> <span class='ocrx_word' id='word_1_672' title='bbox 1299 4643 1340 4699; x_wconf 90' lang='lat' dir='ltr'>rei</span> <span class='ocrx_word' id='word_1_673' title='bbox 1355 4643 1550 4714; x_wconf 90' lang='lat' dir='ltr'>dispositionis</span> <span class='ocrx_word' id='word_1_674' title='bbox 1575 4660 1732 4716; x_wconf 89' lang='lat' dir='ltr'>prorogare</span> <span class='ocrx_word' id='word_1_675' title='bbox 1750 4645 1910 4716; x_wconf 86' lang='lat' dir='ltr'>judicium.</span> 
     </span>
     <span class='ocr_line' id='line_1_51' title="bbox 159 4725 1913 4804; baseline 0.004 -22"><span class='ocrx_word' id='word_1_676' title='bbox 159 4725 312 4782; x_wconf 81' lang='lat' dir='ltr'>Eusebium</span> <span class='ocrx_word' id='word_1_677' title='bbox 326 4728 495 4799; x_wconf 76' lang='lat' dir='ltr'>caeterisque</span> <span class='ocrx_word' id='word_1_678' title='bbox 509 4729 648 4801; x_wconf 93' lang='lat' dir='ltr'>episeopis</span> <span class='ocrx_word' id='word_1_679' title='bbox 664 4747 751 4802; x_wconf 87' lang='lat' dir='ltr'>quarn</span> <span class='ocrx_word' id='word_1_680' title='bbox 773 4746 825 4803; x_wconf 95' lang='lat' dir='ltr'>pro</span> <span class='ocrx_word' id='word_1_681' title='bbox 843 4731 935 4786; x_wconf 83' lang='lat' dir='ltr'>Fotini</span> <span class='ocrx_word' id='word_1_682' title='bbox 959 4748 1005 4788; x_wconf 86' lang='lat' dir='ltr'>re·</span> <span class='ocrx_word' id='word_1_683' title='bbox 1059 4731 1109 4786; x_wconf 84' lang='lat' dir='ltr'>Est</span> <span class='ocrx_word' id='word_1_684' title='bbox 1122 4730 1197 4785; x_wconf 91' lang='grc'>55151</span> <span class='ocrx_word' id='word_1_685' title='bbox 1220 4732 1305 4798; x_wconf 88' lang='grc'>551115,</span> <span class='ocrx_word' id='word_1_686' title='bbox 1331 4736 1359 4786; x_wconf 90' lang='grc'>51</span> <span class='ocrx_word' id='word_1_687' title='bbox 1382 4732 1481 4787; x_wconf 87' lang='grc'>55111115</span> <span class='ocrx_word' id='word_1_688' title='bbox 1500 4733 1667 4789; x_wconf 90' lang='grc'>0515151015</span> <span class='ocrx_word' id='word_1_689' title='bbox 1694 4733 1859 4804; x_wconf 89' lang='lat' dir='ltr'>plenitudo,</span> <span class='ocrx_word' id='word_1_690' title='bbox 1885 4735 1913 4789; x_wconf 89' lang='lat' dir='ltr'>si</span> 
     </span>
     <span class='ocr_line' id='line_1_52' title="bbox 158 4815 1914 4892; baseline 0.006 -23"><span class='ocrx_word' id='word_1_691' title='bbox 158 4815 491 4872; x_wconf 84' lang='lat' dir='ltr'>staurationeintentarit</span> <span class='ocrx_word' id='word_1_692' title='bbox 506 4818 688 4888; x_wconf 87' lang='lat' dir='ltr'>sententiam,</span> <span class='ocrx_word' id='word_1_693' title='bbox 708 4824 737 4874; x_wconf 90' lang='lat' dir='ltr'>et</span> <span class='ocrx_word' id='word_1_694' title='bbox 755 4820 818 4890; x_wconf 87' lang='lat' dir='ltr'>ejus</span> <span class='ocrx_word' id='word_1_695' title='bbox 840 4820 887 4875; x_wconf 91' lang='lat' dir='ltr'>hie</span> <span class='ocrx_word' id='word_1_696' title='bbox 903 4836 1005 4877; x_wconf 88' lang='lat' dir='ltr'>recen·</span> <span class='ocrx_word' id='word_1_697' title='bbox 1058 4819 1118 4874; x_wconf 90' lang='lat' dir='ltr'>illie</span> <span class='ocrx_word' id='word_1_698' title='bbox 1135 4819 1265 4874; x_wconf 88' lang='lat' dir='ltr'>utilitatis</span> <span class='ocrx_word' id='word_1_699' title='bbox 1282 4820 1450 4891; x_wconf 86' lang='lat' dir='ltr'>porrigatur</span> <span class='ocrx_word' id='word_1_700' title='bbox 1471 4823 1645 4892; x_wconf 89' lang='lat' dir='ltr'>consultum,</span> <span class='ocrx_word' id='word_1_701' title='bbox 1662 4822 1712 4877; x_wconf 92' lang='lat' dir='ltr'>ubi</span> <span class='ocrx_word' id='word_1_702' title='bbox 1739 4822 1914 4879; x_wconf 87' lang='lat' dir='ltr'>omnimoda</span> 
     </span>
     <span class='ocr_line' id='line_1_53' title="bbox 158 4905 1913 4982; baseline 0.003 -22"><span class='ocrx_word' id='word_1_703' title='bbox 158 4905 247 4961; x_wconf 89' lang='lat' dir='ltr'>senda</span> <span class='ocrx_word' id='word_1_704' title='bbox 258 4910 326 4960; x_wconf 91' lang='lat' dir='ltr'>sunt</span> <span class='ocrx_word' id='word_1_705' title='bbox 337 4905 453 4961; x_wconf 89' lang='lat' dir='ltr'>oracula</span> <span class='ocrx_word' id='word_1_706' title='bbox 465 4907 636 4975; x_wconf 87' lang='lat' dir='ltr'>veneranda,</span> <span class='ocrx_word' id='word_1_707' title='bbox 658 4907 707 4978; x_wconf 93' lang='lat' dir='ltr'>qui</span> <span class='ocrx_word' id='word_1_708' title='bbox 722 4911 787 4979; x_wconf 93' lang='lat' dir='ltr'>post</span> <span class='ocrx_word' id='word_1_709' title='bbox 806 4909 896 4963; x_wconf 89' lang='lat' dir='ltr'>multa</span> <span class='ocrx_word' id='word_1_710' title='bbox 913 4909 1006 4980; x_wconf 89' lang='lat' dir='ltr'>splen·</span> <span class='ocrx_word' id='word_1_711' title='bbox 1058 4908 1207 4978; x_wconf 90' lang='lat' dir='ltr'>plenitudo</span> <span class='ocrx_word' id='word_1_712' title='bbox 1234 4908 1407 4979; x_wconf 91' lang='lat' dir='ltr'>perspicitur</span> <span class='ocrx_word' id='word_1_713' title='bbox 1423 4925 1429 4964; x_wconf 95' lang='lat'>:</span> <span class='ocrx_word' id='word_1_714' title='bbox 1443 4910 1512 4981; x_wconf 88' lang='lat' dir='ltr'>quia</span> <span class='ocrx_word' id='word_1_715' title='bbox 1529 4910 1591 4965; x_wconf 91' lang='lat' dir='ltr'>sine</span> <span class='ocrx_word' id='word_1_716' title='bbox 1610 4910 1748 4966; x_wconf 80' lang='lat' dir='ltr'>fracmine</span> <span class='ocrx_word' id='word_1_717' title='bbox 1764 4912 1913 4982; x_wconf 85' lang='lat' dir='ltr'>generalis</span> 
     </span>
     <span class='ocr_line' id='line_1_54' title="bbox 158 4994 1914 5071; baseline 0.003 -21"><span class='ocrx_word' id='word_1_718' title='bbox 158 4994 224 5051; x_wconf 90' lang='lat' dir='ltr'>dide</span> <span class='ocrx_word' id='word_1_719' title='bbox 236 4997 410 5065; x_wconf 88' lang='lat' dir='ltr'>pertractata</span> <span class='ocrx_word' id='word_1_720' title='bbox 426 4995 521 5050; x_wconf 90' lang='lat' dir='ltr'>taliter</span> <span class='ocrx_word' id='word_1_721' title='bbox 538 4995 658 5051; x_wconf 91' lang='lat' dir='ltr'>intulit:</span> <span class='ocrx_word' id='word_1_722' title='bbox 676 4995 842 5052; x_wconf 77' lang='lat' dir='ltr'>«Sollicitos</span> <span class='ocrx_word' id='word_1_723' title='bbox 856 4996 935 5055; x_wconf 91' lang='lat' dir='ltr'>enim</span> <span class='ocrx_word' id='word_1_724' title='bbox 956 5014 1006 5054; x_wconf 84' lang='lat' dir='ltr'>ros</span> <span class='ocrx_word' id='word_1_725' title='bbox 1058 4996 1195 5067; x_wconf 82' lang='lat' dir='ltr'>praeeepti</span> <span class='ocrx_word' id='word_1_726' title='bbox 1203 4996 1298 5051; x_wconf 84' lang='grc'>105515</span> <span class='ocrx_word' id='word_1_727' title='bbox 1311 4997 1458 5053; x_wconf 89' lang='lat' dir='ltr'>inducitur</span> <span class='ocrx_word' id='word_1_728' title='bbox 1480 4999 1610 5070; x_wconf 88' lang='lat' dir='ltr'>specialis</span> <span class='ocrx_word' id='word_1_729' title='bbox 1623 4999 1735 5071; x_wconf 80' lang='lat' dir='ltr'>judicii,</span> <span class='ocrx_word' id='word_1_730' title='bbox 1751 5005 1778 5055; x_wconf 90' lang='lat' dir='ltr'>et</span> <span class='ocrx_word' id='word_1_731' title='bbox 1791 4999 1914 5056; x_wconf 83' lang='lat' dir='ltr'>eventui</span> 
     </span>
    </p>
   </div>
   <div class='ocr_carea' id='block_1_5' title="bbox 192 5139 1913 5574">
    <p class='ocr_par' dir='ltr' id='par_1_6' title="bbox 193 5139 1424 5225">
     <span class='ocr_line' id='line_1_55' title="bbox 193 5139 1424 5225; baseline 0.003 -19"><span class='ocrx_word' id='word_1_732' title='bbox 193 5160 205 5187; x_wconf 82' lang='lat'>⁸</span> <span class='ocrx_word' id='word_1_733' title='bbox 224 5152 323 5223; x_wconf 83' lang='lat' dir='ltr'>Epist,</span> <span class='ocrx_word' id='word_1_734' title='bbox 335 5154 393 5220; x_wconf 81' lang='lat' dir='ltr'>qui.</span> <span class='ocrx_word' id='word_1_735' title='bbox 510 5139 513 5142; x_wconf 39' lang='lat'><strong>⁴</strong></span> <span class='ocrx_word' id='word_1_736' title='bbox 1095 5167 1110 5210; x_wconf 80' lang='lat' dir='ltr'>s</span> <span class='ocrx_word' id='word_1_737' title='bbox 1128 5155 1190 5223; x_wconf 74' lang='lat' dir='ltr'>us,</span> <span class='ocrx_word' id='word_1_738' title='bbox 1202 5157 1424 5225; x_wconf 83' lang='lat' dir='ltr'>presumptionis.</span> 
     </span>
    </p>

    <p class='ocr_par' dir='ltr' id='par_1_7' title="bbox 192 5222 1913 5423">
     <span class='ocr_line' id='line_1_56' title="bbox 193 5222 1913 5307; baseline 0.005 -31"><span class='ocrx_word' id='word_1_739' title='bbox 193 5223 286 5304; x_wconf 71' lang='lat' dir='ltr'>blla,</span> <span class='ocrx_word' id='word_1_740' title='bbox 301 5222 388 5307; x_wconf 75' lang='lat' dir='ltr'>decit.</span> <span class='ocrx_word' id='word_1_741' title='bbox 548 5295 552 5305; x_wconf 37' lang='grc' dir='ltr'>Ι</span> <span class='ocrx_word' id='word_1_742' title='bbox 1093 5225 1308 5281; x_wconf 79' lang='grc'>1510555110</span> <span class='ocrx_word' id='word_1_743' title='bbox 1334 5242 1367 5281; x_wconf 87' lang='lat' dir='ltr'>ex</span> <span class='ocrx_word' id='word_1_744' title='bbox 1391 5226 1473 5299; x_wconf 91' lang='lat' dir='ltr'>epist.</span> <span class='ocrx_word' id='word_1_745' title='bbox 1505 5229 1539 5282; x_wconf 74' lang='grc'>11</span> <span class='ocrx_word' id='word_1_746' title='bbox 1568 5227 1666 5282; x_wconf 90' lang='grc'>15505.</span> <span class='ocrx_word' id='word_1_747' title='bbox 1696 5228 1733 5283; x_wconf 90' lang='grc'>51</span> <span class='ocrx_word' id='word_1_748' title='bbox 1757 5227 1913 5302; x_wconf 90' lang='lat' dir='ltr'>episcopos</span> 
     </span>
     <span class='ocr_line' id='line_1_57' title="bbox 192 5293 1807 5423; baseline 0.004 -7"><span class='ocrx_word' id='word_1_749' title='bbox 192 5293 442 5419; x_wconf 31' lang='lat' dir='ltr'>:idmst-diiungi&amp;</span> <span class='ocrx_word' id='word_1_750' title='bbox 454 5309 574 5365; x_wconf 56' lang='lat' dir='ltr'>prom</span> <span class='ocrx_word' id='word_1_751' title='bbox 587 5294 672 5364; x_wconf 50' lang='lat' dir='ltr'>culpa</span> <span class='ocrx_word' id='word_1_752' title='bbox 686 5298 753 5349; x_wconf 40' lang='lat' dir='ltr'><strong><em>erat·</em></strong></span> <span class='ocrx_word' id='word_1_753' title='bbox 1059 5296 1495 5423; x_wconf 46' lang='lat' dir='ltr'>¹¹8¹cediairlslsirisit’siniit&#39;feminino</span> <span class='ocrx_word' id='word_1_754' title='bbox 1537 5385 1590 5422; x_wconf 92' lang='grc'>55</span> <span class='ocrx_word' id='word_1_755' title='bbox 1638 5373 1670 5423; x_wconf 88' lang='grc'>15</span> <span class='ocrx_word' id='word_1_756' title='bbox 1771 5370 1807 5423; x_wconf 86' lang='lat' dir='ltr'>t&#39;</span> 
     </span>
    </p>

    <p class='ocr_par' dir='ltr' id='par_1_8' title="bbox 192 5380 1910 5574">
     <span class='ocr_line' id='line_1_58' title="bbox 193 5380 1910 5516; baseline 0.007 -29"><span class='ocrx_word' id='word_1_757' title='bbox 193 5440 204 5467; x_wconf 82' lang='lat'>⁰</span> <span class='ocrx_word' id='word_1_758' title='bbox 223 5380 288 5503; x_wconf 53' lang='lat' dir='ltr'>Eg:</span> <span class='ocrx_word' id='word_1_759' title='bbox 296 5434 392 5516; x_wconf 70' lang='lat' dir='ltr'>qfferrc</span> <span class='ocrx_word' id='word_1_760' title='bbox 408 5405 446 5489; x_wconf 62' lang='lat' dir='ltr'>p]</span> <span class='ocrx_word' id='word_1_761' title='bbox 456 5451 484 5490; x_wconf 89' lang='lat' dir='ltr'>n.</span> <span class='ocrx_word' id='word_1_762' title='bbox 504 5450 596 5490; x_wconf 84' lang='lat' dir='ltr'>unam</span> <span class='ocrx_word' id='word_1_763' title='bbox 1103 5456 1110 5500; x_wconf 84' lang='lat' dir='ltr'>t</span> <span class='ocrx_word' id='word_1_764' title='bbox 1128 5439 1246 5492; x_wconf 79' lang='lat' dir='ltr'>Animus</span> <span class='ocrx_word' id='word_1_765' title='bbox 1259 5437 1419 5494; x_wconf 75' lang='grc'>0511111515</span> <span class='ocrx_word' id='word_1_766' title='bbox 1435 5385 1647 5494; x_wconf 57' lang='grc' dir='ltr'>11551ξοῖ5115</span> <span class='ocrx_word' id='word_1_767' title='bbox 1664 5384 1707 5495; x_wconf 57' lang='lat' dir='ltr'>ansel</span> <span class='ocrx_word' id='word_1_768' title='bbox 1718 5384 1777 5496; x_wconf 52' lang='lat' dir='ltr'>sostris</span> <span class='ocrx_word' id='word_1_769' title='bbox 1790 5386 1910 5499; x_wconf 49' lang='grc'>1111111111</span> 
     </span>
     <span class='ocr_line' id='line_1_59' title="bbox 192 5501 1471 5574; baseline 0.005 -17"><span class='ocrx_word' id='word_1_770' title='bbox 192 5501 203 5538; x_wconf 77' lang='lat'><strong><em>¹</em></strong></span> <span class='ocrx_word' id='word_1_771' title='bbox 221 5503 282 5569; x_wconf 84' lang='grc'>115,</span> <span class='ocrx_word' id='word_1_772' title='bbox 297 5520 327 5559; x_wconf 89' lang='lat' dir='ltr'>m</span> <span class='ocrx_word' id='word_1_773' title='bbox 343 5521 407 5574; x_wconf 81' lang='lat' dir='ltr'>quo.</span> <span class='ocrx_word' id='word_1_774' title='bbox 1097 5501 1110 5535; x_wconf 76' lang='lat'>¹¹</span> <span class='ocrx_word' id='word_1_775' title='bbox 1131 5509 1213 5564; x_wconf 82' lang='lat' dir='ltr'>Forte</span> <span class='ocrx_word' id='word_1_776' title='bbox 1223 5508 1315 5563; x_wconf 84' lang='lat' dir='ltr'>debito</span> <span class='ocrx_word' id='word_1_777' title='bbox 1329 5512 1471 5565; x_wconf 77' lang='lat' dir='ltr'>seruantia.</span> 
     </span>
    </p>
   </div>
   <div class='ocr_carea' id='block_1_6' title="bbox 0 0 1979 6098">
    <p class='ocr_par' dir='ltr' id='par_1_9' title="bbox 0 0 1979 6098">
     <span class='ocr_line' id='line_1_60' title="bbox 0 0 1979 6098; baseline 0 0"><span class='ocrx_word' id='word_1_778' title='bbox 0 0 1979 6098; x_wconf 95' lang='lat' dir='ltr'> </span> 
     </span>
    </p>
   </div>
  </div>
 </body>
</html>
