3930 6098
176 186 225 239 ist

556 175 740 232 ulssaitiiu
760 176 793 230 ΙΝ
814 176 879 230 Llss.
903 176 948 230 DE
968 174 1131 230 contuiti]
1153 174 1197 229 ET
1216 173 1387 230 sunamitis
1408 171 1541 229 uottlitl.

1867 175 1922 228 200

173 323 203 373 et
225 315 457 373 adumbratioues
479 311 689 376 existimantur,
712 311 818 382 quibus
841 307 1016 364 intuentium
1037 309 1123 364 libet
1148 307 1226 379 quod
1253 293 1434 379 potissimum
1457 308 1554 363 auimo
1579 307 1701 364 intendit
1728 308 1919 376 Retramnns,

175 390 273 444 oculos
290 394 317 443 ct
330 402 429 441 sensus
444 399 542 439 rernm
562 398 667 453 corpus
687 398 811 453 presens
824 380 906 435 fallit.
928 381 1019 448 Visus,

177 467 273 528 taetus,
296 463 391 525 ynstus
406 459 435 509 iu
455 460 480 509 tc
499 455 618 522 fallitur,
638 454 686 508 scd
705 454 802 507 (ruditu
818 453 872 507 suto
896 456 951 505 tute
966 466 1020 505 cre·

176 531 261 586 ditur.
276 529 386 598 Quippe
406 526 515 597 species
529 525 590 578 iste
611 525 717 579 Christi
740 540 845 589 corpus
868 536 1019 591 nuncupa-

172 603 229 657 tive
245 598 426 670 appellantur
440 597 474 651 ab
495 597 608 666 ltlgerc,
630 595 698 666 quia
716 610 818 664 corpus
832 592 938 648 Christi
953 607 1019 661 pru·

173 671 268 742 prium
284 669 419 722 occulunt
439 673 465 721 et
490 667 738 721 circumscribunt.
764 666 812 719 liis
826 663 866 718 ita
880 662 1018 717 constitn-

173 743 219 808 tis,
250 738 496 809 comparationem
523 737 652 808 corporis
684 736 783 806 populi
807 750 871 788 cuni
900 749 1020 801 corpora

172 810 278 866 Christi
297 811 328 863 lu
354 808 529 865 Eucharistia
544 808 626 861 facile
650 807 825 860 intellectum
849 804 885 858 iri
907 806 942 857 ab
957 820 1020 857 um·

172 882 256 936 nibus
274 897 330 935 non
346 881 455 935 dubito.
472 879 547 934 Nihil
573 878 650 931 enim
674 877 752 931 atiud
766 876 829 930 vult
848 876 1020 930 Ratramnus

173 952 228 1006 nisi
252 968 355 1022 corpus
381 950 483 1005 Christi
511 948 702 1019 nuncupative
730 946 830 1018 populi
871 945 1021 1015 esttigura

173 1023 300 1094 corporis
323 1027 351 1076 et
367 1021 513 1090 sanguinis
539 1021 649 1089 populi.
672 1017 725 1073 Sed
754 1018 814 1072 bec
840 1032 899 1070 non
932 1017 1021 1087 inipe-

174 1095 259 1149 diuut
272 1094 428 1165 quominus
443 1106 541 1144 rerum
558 1106 662 1159 corpus
682 1089 734 1143 sub
750 1087 900 1160 speciebus
915 1086 1020 1140 delite-

175 1182 253 1219 scere
269 1164 417 1218 credatur:
440 1163 506 1216 licet
527 1177 629 1232 corpus
642 1164 671 1214 et
695 1159 810 1229 sanguis
826 1157 924 1230 populi
939 1157 969 1212 in
984 1157 1020 1210 li-

174 1252 246 1307 gura
260 1233 459 1288 tautummodo
474 1232 661 1302 intelligatur,
672 1247 741 1285 nuni
757 1230 933 1294 Paschasius,
950 1244 1020 1298 praa·

176 1306 276 1360 sentlae
290 1310 317 1359 et
332 1302 660 1358 transsubstantiationis
680 1303 738 1355 vcri
764 1300 892 1370 corporis
914 1298 1020 1354 Christi

176 1377 204 1430 in
218 1375 340 1430 Ecclesia
355 1375 488 1429 defensor
505 1373 715 1439 invictissimus,
732 1374 861 1425 eamdem
875 1386 1021 1439 compara-

176 1449 282 1502 tionem
299 1446 437 1511 iustituit;
454 1445 583 1514 dixitque
597 1459 699 1513 corpus
716 1442 815 1512 populi
832 1442 904 1494 sicut
918 1456 1021 1510 corpus

177 1519 280 1571 Christi
304 1517 426 1586 figurate
448 1515 478 1569 in
501 1516 675 1569 Eucharistia
701 1513 865 1576 consistere,
890 1512 1020 1580 quamvis

1073 379 1180 432 scilicet
1207 379 1335 450 aliquam
1358 379 1389 434 in
1419 379 1593 435 Eucharistia
1617 396 1677 433 esse
1704 379 1839 450 figuram,
1869 396 1921 434 nec

1075 450 1171 504 omnia
1185 457 1282 520 aperta
1299 454 1327 505 et
1341 450 1417 505 edita
1432 450 1621 520 patefactione
1636 450 1784 505 declarari.

1110 522 1262 591 Hucusque
1284 521 1351 574 satis
1373 523 1542 593 explicuisse
1564 521 1696 575 ridemur
1718 537 1752 575 ea
1778 536 1844 592 que
1863 521 1920 575 dis·

1074 597 1197 645 sertator
1211 593 1240 645 in
1257 592 1330 646 libro
1354 593 1501 647 ltatramni
1516 608 1533 645 a
1548 592 1603 651 lide
1618 594 1752 647 catholico
1770 593 1921 646 obhorrea-

1075 667 1124 728 tio,
1142 662 1259 716 heresis
1281 663 1402 717 crimine
1424 669 1536 717 accusat
1560 668 1587 717 et
1612 665 1704 733 carpit
1727 663 1919 717 vehementer.

1073 734 1134 787 iam
1150 749 1218 787 vero
1231 750 1295 805 qnae
1321 734 1411 804 magis
1425 741 1525 804 operta
1547 740 1575 787 et
1599 734 1693 788 fucata
1708 734 1857 787 denuntiat
1878 734 1921 787 in·

1075 806 1233 875 quiramus,
1250 810 1278 858 et
1301 804 1447 858 llatramni
1471 804 1591 858 insontis
1607 811 1635 857 et
1649 805 1822 872 intaminati,
1839 820 1920 858 recu-

1074 875 1238 945 peratoris,
1268 880 1298 930 ut
1322 875 1521 945 jurisconsulti
1542 881 1654 941 vocant,
1684 875 1794 929 actione
1822 891 1917 946 perse·

1075 962 1209 1015 quamue.

1109 1018 1200 1073 lllllll.
1228 1015 1381 1071 Contendit
1406 1016 1572 1071 dissertator
1593 1016 1676 1086 (Psy.
1702 1019 1761 1074 292.
1777 1032 1854 1069 uam.
1875 1031 1920 1069 sca

1074 1093 1197 1142 tmemote
1221 1089 1282 1155 ira,
1301 1102 1375 1141 aum.
1403 1091 1428 1154 l,
1453 1087 1585 1141 editionis
1607 1092 1705 1158 prima
1729 1089 1827 1151 Paris,
1853 1102 1920 1158 pag.

1076 1158 1136 1228 iis)
1152 1158 1340 1212 Ratiramuum
1365 1158 1423 1211 sive
1438 1165 1583 1212 auctorem
1600 1159 1667 1213 libri
1690 1158 1724 1212 de
1748 1158 1874 1228 Corpore
1896 1163 1923 1210 et

1074 1228 1220 1298 Sanguine
1235 1228 1348 1282 Domini
1367 1229 1439 1283 adeo
1459 1229 1606 1298 implicare
1627 1228 1815 1299 questionem
1831 1234 1864 1282 ut
1877 1229 1921 1281 vix

1074 1316 1091 1353 a
1115 1299 1215 1369 peritis
1240 1300 1433 1368 dignoscatur.
1461 1300 1674 1370 Exquireudum
1699 1299 1776 1353 euim
1802 1300 1842 1353 ait
1868 1314 1921 1352 nii·

1075 1386 1154 1424 mero
1177 1373 1211 1423 ti:
1239 1371 1316 1435 Quod
1330 1373 1360 1423 iu
1384 1372 1504 1425 Ecclesia
1524 1386 1569 1424 ore
1583 1371 1709 1441 fidetium
1730 1374 1847 1424 sumitur
1868 1385 1924 1423 cor·

1072 1456 1125 1510 pus
1138 1446 1163 1494 rt
1185 1443 1308 1507 sonyuis,
1323 1445 1352 1494 iu
1375 1444 1502 1509 mysterio
1517 1441 1572 1511 fiet
1594 1457 1628 1494 cu
1644 1444 1672 1493 iu
1695 1445 1819 1502 ueritate,
1839 1440 1924 1494 idest

1074 1519 1168 1567 utrum
1185 1513 1293 1579 aliquid
1306 1516 1403 1565 secreti
1420 1515 1554 1567 coutiucut
1574 1511 1645 1580 quoii
1660 1513 1743 1566 oculis
1757 1511 1922 1565 solummodo

176 1589 210 1643 de
223 1590 370 1658 praeseutia
391 1587 460 1640 recti
474 1585 601 1655 corporis
615 1584 719 1640 Christi
735 1583 786 1637 sub
811 1581 960 1653 speciebus
975 1597 1019 1634 rc·
1068 1582 1141 1652 fidei
1152 1586 1255 1651 pntcot.
1271 1584 1316 1636 Aa
1334 1586 1391 1636 siue
1405 1584 1568 1651 cujusquam
1584 1584 1716 1637 vetatione
1730 1584 1858 1650 mysterii
1876 1583 1922 1634 lios

176 1675 242 1712 vera
266 1657 381 1712 recondi
404 1657 524 1710 minime
548 1653 728 1709 dubitaverit.
754 1653 865 1723 Quippe
891 1652 931 1705 sic
945 1653 1021 1706 latur
1040 1658 1198 1722 gospertus
1223 1657 1362 1707 intueatur
1385 1656 1504 1722 corporis
1528 1655 1657 1720 acterius,
1673 1653 1745 1723 quod
1767 1655 1864 1707 meritis
1881 1655 1923 1706 ui·

176 1730 269 1799 capite
286 1731 313 1782 lt
333 1727 401 1781 libri
416 1731 450 1781 dc
465 1727 589 1797 Corpore
604 1730 632 1780 et
647 1724 792 1794 Sanguine
809 1722 940 1777 Domini:
960 1743 973 1771 u
990 1723 1022 1776 Et

177 1801 332 1854 ideorecte
355 1798 499 1869 provisum
515 1801 566 1859 ast,
592 1796 660 1866 quia
683 1796 768 1848 simul
792 1810 855 1848 cuni
881 1792 1021 1864 sauguine

178 1887 194 1923 u
216 1885 253 1923 ua
266 1869 356 1934 lluiiit,
374 1872 405 1922 nt
423 1869 454 1922 in
475 1869 528 1922 hoc
553 1866 688 1937 mysterio
711 1865 771 1918 reri
784 1863 933 1934 sanguinis
949 1879 1022 1934 aqua

176 1887 378 2006 admisceatur,
393 1944 534 2010 quatenus
549 1944 578 1991 et
602 1953 654 1990 nos
677 1935 707 1989 iii
730 1936 779 1989 illo
800 1935 899 2001 simiis,
916 1939 948 1987 ut
971 1949 1023 2003 per

109 2059 112 2063 .
176 2011 231 2066 lioc
253 2011 353 2063 salutis
374 2015 583 2062 sacramentum
609 2006 711 2060 divinis
735 2006 883 2060 obtutibus
905 2005 947 2058 illi
972 2021 1023 2058 co-

178 2080 253 2136 uniti
275 2079 391 2148 mystice
415 2078 580 2132 offeramur.
606 2079 675 2131 Num
696 2077 719 2131 si
742 2079 841 2130 irinum
866 2075 927 2129 sine
948 2091 1024 2146 aqua

178 2151 324 2215 alteratur,
341 2150 457 2217 sanguis
479 2148 583 2204 Christi
598 2147 699 2218 incipit
715 2163 775 2201 esse
797 2148 859 2201 sine
884 2145 984 2212 nobis;
1000 2145 1023 2198 si

179 2226 275 2275 autem
291 2221 443 2291 aquasola,
457 2218 517 2289 jani
529 2218 609 2288 plebs
625 2219 738 2272 videtur
753 2233 814 2271 esse
829 2218 890 2271 siue
901 2216 1021 2271 Christo.

178 2290 297 2357 Quando
320 2297 415 2345 autem
438 2297 593 2360 utrumqne
618 2289 754 2343 miscetur
775 2294 803 2342 et
828 2287 1024 2358 conjungitur,

179 2368 247 2417 tuuc
262 2365 337 2417 recte
357 2360 522 2431 mysterium
548 2360 677 2415 Ecclesiae
701 2359 889 2430 spiritualiter
909 2357 1024 2428 pertici-

180 2437 238 2487 tur.
254 2454 268 2482 u
286 2433 318 2486 Et
333 2431 408 2485 inira
420 2431 521 2485 eodem
533 2431 624 2501 capite
637 2447 668 2484 :a
686 2432 830 2485 Exsultent
845 2445 913 2510 ergo
928 2429 1025 2482 lideles

180 2504 248 2558 dum
265 2518 294 2556 se
305 2502 473 2572 intelligunt
488 2502 523 2555 ad
539 2507 648 2555 tantam
664 2502 802 2554 unitatem
820 2499 922 2555 Christi
936 2499 1025 2552 socia-

180 2579 224 2628 tos
241 2589 292 2644 per
308 2573 441 2643 gratiam,
458 2578 486 2625 et
501 2572 534 2626 ad
552 2577 659 2625 tautam
676 2571 856 2642 llagrantiam
879 2569 1026 2624 charitalis

180 2649 344 2716 provectum
360 2650 388 2697 et
403 2645 468 2697 ideo
487 2659 575 2714 quam
596 2643 669 2696 bene
683 2643 713 2696 iii
737 2642 792 2696 hoc
814 2640 949 2711 mysterio
973 2656 1025 2693 no·

182 2721 239 2769 stra
263 2714 355 2784 ligura
376 2729 428 2783 per
451 2729 556 2784 aquam
579 2713 749 2780 admittitur,
774 2716 805 2765 ut
829 2711 1027 2781 unusquisque

180 2786 210 2839 in
225 2785 274 2839 illo
289 2786 393 2839 Christi
409 2784 548 2854 sanguine
569 2791 732 2853 susceptum
753 2799 782 2836 se
797 2782 940 2852 intelligat
954 2790 982 2834 et
998 2781 1028 2834 in

180 2856 284 2911 melius
298 2860 530 2910 transmutatum.
549 2854 627 2909 Unde
650 2855 715 2909 licet
738 2853 817 2923 prius
841 2853 960 2922 mystice
985 2851 1027 2903 vi·

1075 1739 1121 1777 sus
1142 1726 1261 1792 aspiciat
1282 1726 1417 1778 interius:
1435 1731 1464 1778 ut
1480 1729 1565 1777 totum
1585 1725 1657 1793 quod
1671 1727 1764 1790 uyitur
1784 1726 1813 1777 iu
1835 1725 1923 1777 moui-

1075 1796 1230 1860 fcstntiouis
1249 1795 1307 1848 tuce
1325 1797 1471 1849 clarescat:
1488 1799 1513 1848 ct
1526 1800 1616 1849 istrum
1631 1797 1720 1864 ipsum
1735 1809 1832 1863 corpus
1854 1793 1924 1863 qaod

1077 1864 1109 1918 de
1124 1867 1239 1919 tioterici
1254 1870 1348 1919 actum
1369 1871 1417 1931 est,
1439 1871 1464 1920 et
1478 1881 1600 1934 possum,
1615 1871 1766 1929 mortuum,
1788 1880 1819 1918 οο
1833 1863 1924 1934 sepui-

1078 1941 1144 2002 tum,
1160 1935 1283 2005 quodque
1302 1951 1445 2006 resaryms
1461 1943 1486 1991 et
1504 1936 1540 1991 od
1555 1938 1631 1990 cetos
1646 1935 1791 1991 osteudens
1805 1935 1843 1989 ud
1856 1937 1925 1989 itec-

1078 2011 1163 2077 terom
1179 2007 1272 2061 Putris
1285 2007 1433 2062 consideat.

1424 2128 1582 2168 aaseonsm.

1115 2216 1233 2271 Difficile
1250 2223 1293 2270 est
1305 2218 1466 2290 intelligere
1481 2218 1551 2289 quid
1566 2218 1595 2272 iii
1611 2218 1664 2273 hac
1679 2217 1848 2287 questionis
1863 2233 1927 2287 pro

1078 2288 1221 2359 positione
1243 2289 1394 2343 obscurum
1424 2293 1474 2343 aut
1501 2290 1666 2343 intricatum
1697 2288 1837 2343 rideatur.
1857 2291 1925 2344 Cum

1079 2358 1230 2414 dubitandi
1253 2360 1331 2413 locus
1346 2376 1405 2415 non
1429 2362 1467 2414 sit
1484 2366 1614 2431 tempore
1637 2360 1785 2414 llalramni
1800 2360 1926 2413 extitisse

1079 2430 1179 2483 lideles
1195 2429 1246 2499 qui
1261 2430 1357 2484 omnia
1380 2431 1458 2485 edita
1478 2436 1507 2484 et
1527 2437 1627 2501 aperta
1653 2446 1714 2484 esse
1736 2432 1764 2483 iii
1791 2431 1926 2500 mysterio

1080 2499 1265 2554 Eucharistiae
1287 2501 1340 2554 sibi
1365 2501 1591 2571 persuaderent:
1623 2517 1785 2571 corpusque
1813 2507 1841 2554 at
1863 2516 1926 2554 saii-

1080 2573 1198 2641 guinem
1218 2571 1324 2625 Christi
1348 2573 1427 2626 nulla
1451 2572 1619 2642 sub'ligura
1641 2579 1691 2625 aut
1707 2571 1927 2625 obumbratione

1080 2641 1213 2695 collocari
1229 2643 1391 2709 crederent;
1410 2642 1449 2696 uti
1473 2648 1656 2713 prospectum
1673 2642 1811 2696 habemus
1828 2657 1861 2696 ex
1875 2658 1927 2696 nu-

1082 2728 1161 2766 mero
1178 2715 1206 2767 tt
1225 2713 1294 2766 dicti
1310 2713 1375 2767 libri
1389 2714 1424 2767 de
1440 2714 1566 2783 Corpore
1580 2717 1609 2766 et
1628 2713 1773 2784 Sanguine
1796 2713 1926 2766 Domini:

1083 2804 1097 2833 u
1117 2783 1188 2837 Dum
1204 2783 1280 2837 enim
1298 2784 1415 2854 quidam
1431 2784 1558 2839 fidelium
1577 2789 1788 2838 sacramentum
1802 2783 1929 2855 corporis

1082 2853 1288 2924 sanguinisque
1319 2855 1424 2910 Christi
1452 2855 1529 2926 quod
1553 2855 1582 2908 in
1609 2855 1733 2908 Ecclesia
1757 2855 1928 2917 celebratur,

180 2943 250 2981 nuni
272 2930 301 2980 et
324 2941 399 2996 aqua
422 2925 670 2991 commisceantur,
696 2930 762 2995 post
783 2924 1025 2977 consecrationem
1082 2924 1182 2979 dicunt
1196 2926 1273 2994 quod
1283 2926 1363 2978 nulla
1372 2926 1424 2983 sub
1440 2926 1541 2997 ligura,
1555 2926 1634 2979 nulla
1645 2925 1697 2979 sub
1709 2924 1929 2979 obumbratione

181 3002 351 3052 tamennon
367 2994 420 3049 nisi
437 2997 555 3065 sanguis
575 2995 693 3062 bibitur,
710 2995 777 3066 quia
790 2995 819 3048 in
835 2994 883 3047 illo
898 2993 978 3064 prius
994 3008 1027 3046 eii
1047 3015 1067 3071 C
1082 2996 1141 3061 liat,
1171 2994 1221 3049 sed
1245 2996 1335 3065 ipsius
1360 2997 1486 3051 veritatis
1509 2995 1587 3051 nuda
1612 2996 1843 3050 manifestatione
1869 3010 1930 3066 per·

181 3084 256 3140 aqua
271 3066 449 3137 baptismatis
465 3066 587 3138 suscepti
611 3082 711 3121 rursus
735 3082 800 3120 euin
817 3065 945 3136 quotidie
960 3080 1027 3118 esu·
1081 3070 1200 3137 agatur,
1223 3067 1341 3136 quidam
1361 3083 1430 3122 vero
1451 3072 1592 3121 testentur
1616 3066 1693 3136 quod
1709 3066 1770 3120 hec
1793 3066 1846 3119 sub
1868 3081 1928 3135 my·

181 3140 283 3193 rieudo
298 3143 325 3192 et
339 3137 461 3192 sitiendo
473 3142 622 3209 potamus:
639 3159 652 3186 u
671 3139 704 3191 Et
717 3135 849 3191 interius.
866 3155 879 3186 s
896 3136 1029 3205 Propter·
1082 3137 1162 3191 iterii
1177 3136 1269 3207 ligura
1285 3137 1496 3205 contineantur,
1513 3143 1540 3191 et
1560 3137 1636 3191 aliud
1658 3136 1694 3190 sit
1707 3136 1783 3208 quod
1801 3137 1930 3207 corporis

181 3225 215 3263 aa
243 3225 299 3263 uon
326 3209 561 3263 inconvenienter
587 3208 673 3262 etiam
702 3207 737 3261 ob
767 3209 822 3262 hoc
852 3206 927 3261 idem
955 3221 1029 3276 aqua
1082 3207 1212 3262 sensibus
1236 3215 1383 3289 appareat,
1411 3209 1487 3263 aliud
1513 3207 1589 3279 quod
1615 3208 1686 3262 fides
1707 3207 1848 3277 aspiciat:
1873 3223 1930 3261 non

182 3286 374 3343 consecratur,
390 3295 450 3333 non
466 3280 542 3360 quod
562 3294 636 3349 aqua
652 3283 828 3359 permaneat,
845 3278 893 3330 sed
910 3277 1030 3330 vertitur
1082 3293 1170 3350 parra
1184 3278 1332 3332 diversitas
1347 3280 1422 3333 inter
1436 3295 1485 3334 eos
1499 3279 1689 3348 dignoscitur.
1708 3299 1718 3326 i
1737 3282 1859 3348 lusuper
1874 3293 1931 3331 non

182 3352 211 3404 in
227 3350 396 3419 sanguinem
413 3356 443 3402 ut
458 3349 599 3419 signitlcet
613 3349 682 3418 quid
698 3348 769 3401 tides
782 3347 929 3418 percipiat.
943 3366 957 3393 ii
1083 3349 1144 3402 sine
1165 3348 1272 3418 injuria
1288 3354 1381 3418 potest
1403 3350 1489 3419 hujus
1503 3348 1685 3403 obscuritatis
1706 3354 1733 3402 et
1757 3348 1931 3418 implicatio·

219 3419 257 3472 Ex
275 3419 318 3472 liis
333 3418 493 3488 intelligere
509 3418 591 3471 facile
606 3427 648 3471 est
667 3433 753 3488 quam
769 3431 979 3488 supervacanea
993 3415 1030 3469 sit
1084 3420 1127 3472 uis
1142 3419 1172 3471 in
1188 3420 1334 3488 proposita
1345 3421 1505 3489 questione
1520 3419 1646 3472 accusari
1660 3418 1856 3473 Retramuus:
1873 3434 1932 3472 nou

183 3488 327 3541 conclusio
349 3504 365 3541 a
385 3488 568 3541 dissertatore
594 3491 738 3557 assumpta
763 3503 796 3540 ei
821 3488 866 3541 his
881 3484 1029 3540 llatramul
1083 3488 1160 3542 enisu
1176 3488 1237 3557 ipse
1252 3489 1307 3541 tuit
1322 3496 1421 3542 auctor
1440 3490 1594 3559 propositae
1611 3490 1792 3560 questionis,
1808 3489 1858 3543 sed
1877 3489 1931 3542 im·

184 3558 295 3611 verbis:
313 3579 323 3605 ι
344 3558 400 3611 Ηοο
415 3561 457 3611 est
473 3558 561 3623 enim,
579 3556 674 3626 iuquit
688 3558 863 3620 dissertator,
880 3557 1030 3626 perspicue
1083 3564 1198 3628 perator
1213 3559 1330 3613 Carolus
1352 3560 1462 3627 Calvus,
1483 3559 1563 3629 cujus
1577 3559 1658 3630 jussu
1675 3560 1879 3631 inquirendam
1902 3575 1933 3614 ac

184 3635 212 3681 et
227 3628 288 3681 sine
312 3627 432 3698 ambage
451 3627 546 3682 dicere
566 3635 698 3681 neutrum
724 3642 784 3681 esse
799 3643 903 3697 corpus
918 3627 948 3680 in
964 3641 1030 3679 san·
1083 3629 1287 3683 discutiendam
1309 3631 1428 3701 recepit,
1444 3636 1476 3684 ut
1499 3631 1689 3701 intelligimus
1711 3647 1744 3684 ex
1768 3631 1863 3684 verbis
1878 3646 1931 3684 nn·

183 3699 306 3753 ctiticato
330 3714 402 3770 pane
429 3698 625 3768 corporaliter,
643 3699 694 3752 lioc
717 3702 760 3751 est
783 3699 939 3752 secuudum
963 3697 1029 3749 sub·
1084 3715 1163 3752 mero
1186 3701 1212 3765 s,
1233 3715 1296 3770 que
1319 3700 1414 3754 dedita
1436 3717 1523 3772 opera
1547 3701 1733 3771 pretermisit
1752 3702 1931 3756 dissertator.

184 3769 329 3835 stantiam,
350 3769 398 3823 sed
424 3773 536 3822 tantum
561 3769 707 3823 intellectu
729 3768 797 3823 fidei
821 3766 989 3840 spiritualis.
1015 3785 1029 3818 ii
1084 3771 1146 3824 Non
1162 3773 1238 3823 enini
1255 3770 1294 3822 ait
1308 3770 1504 3826 llatramnus:
1529 3771 1672 3836 Quaeritur
1688 3772 1763 3842 quod
1788 3771 1818 3824 iii
1839 3772 1933 3824 Eccle-

184 3840 295 3921 Quippe
321 3840 463 3911 ejusmodi
486 3840 701 3894 conclusionem
725 3855 761 3894 eii
782 3839 924 3894 Paschasii
939 3837 1032 3891 verbis
1084 3842 1126 3894 sia
1145 3856 1194 3894 ore
1219 3840 1346 3894 tidelium
1371 3842 1495 3896 sumitur
1508 3858 1612 3912 corpus
1635 3848 1664 3896 et
1685 3842 1801 3913 sanguis
1815 3843 1931 3904 Christi,

184 3911 338 3975 similibus,
363 3910 386 3964 si
410 3927 466 3964 nun
488 3910 602 3976 iisdem,
627 3926 774 3964 assumere
796 3926 852 3964 uon
874 3908 950 3978 potis
979 3912 1029 3960 est.
1085 3927 1121 3965 an
1145 3910 1175 3963 in
1192 3912 1329 3982 mysterio
1353 3913 1411 3976 llat,
1428 3930 1464 3966 an
1487 3913 1517 3966 in
1540 3913 1668 3980 veritate,
1685 3915 1759 3979 etc.;
1775 3913 1823 3967 sed
1837 3928 1843 3966 :
1859 3913 1934 3978 Quod

184 3983 256 4047 Quia
273 3998 341 4051 ergo
356 3997 419 4035 eam
435 3996 468 4035 ex
491 3981 646 4035 ltatramuo
661 3981 792 4045 deducet,
808 3980 854 4033 cui
873 3977 1031 4049 presertim
1084 3984 1113 4035 iu
1136 3982 1257 4036 Ecclesia
1279 3997 1323 4035 ore
1342 3983 1469 4052 fidetium
1497 3986 1614 4038 sumitur
1641 3998 1738 4053 corpus
1766 3989 1792 4038 et
1820 3985 1933 4050 suuyuis

185 4054 219 4107 ad
236 4051 455 4122 precavendum
478 4049 658 4119 intelligendi
672 4050 787 4104 solertia
808 4066 865 4103 non
880 4048 979 4116 deluit,
997 4064 1032 4101 ne
1085 4053 1198 4116 christi,
1223 4067 1328 4112 onaan
1355 4069 1466 4109 vasania
1486 4070 1679 4107 uiuuirnuiais
1703 4069 1884 4109 ancaiaaisrii
1906 4068 1932 4106 ia

184 4122 357 4193 figmentum
373 4137 406 4173 ex
422 4120 531 4174 Caluini
551 4121 669 4174 cerebro
691 4129 785 4174 ortum
800 4120 944 4174 continuis
959 4126 1033 4173 tem·
1086 4136 1214 4176 iii'sranio
1242 4139 1302 4176 siir
1321 4139 1356 4177 is
1381 4141 1408 4178 ia
1437 4140 1579 4178 i'iinirire.
1600 4125 1678 4178 ltbsil
1706 4124 1796 4194 igitur
1822 4132 1856 4178 ut
1884 4125 1934 4178 aa·

186 4192 304 4262 poribus
317 4192 342 4244 ei
355 4191 556 4255 ascriberetur,
570 4190 612 4242 uti
630 4195 710 4260 patet
722 4206 842 4245 numero
860 4193 927 4244 llll:
945 4209 959 4238 u
978 4191 1033 4244 Nec
1085 4198 1215 4246 tramnus
1231 4192 1383 4264 implicate
1407 4195 1575 4266 questionis
1600 4194 1754 4264 propositae
1774 4204 1931 4248 accusetur.

184 4278 253 4315 vero
270 4263 408 4332 quoniam
430 4260 483 4314 ista
506 4260 634 4323 dicimus,
653 4267 770 4331 putetur
791 4262 821 4315 iu
838 4260 973 4332 mysterio
988 4275 1032 4312 sa·
1086 4262 1142 4317 Ista
1156 4264 1234 4318 enim
1256 4265 1431 4319 contumelia
1451 4265 1480 4318 iu
1497 4261 1590 4335 ipsum
1608 4267 1810 4335 imperatorem
1837 4265 1933 4319 refun-

185 4331 326 4386 cramenti
348 4347 450 4401 corpus
473 4330 587 4385 Domini
600 4331 643 4384 vel
668 4331 836 4402 sanguinem
860 4331 950 4402 ipsius
975 4346 1032 4384 uon
1054 4333 1178 4415 Ddenda
1195 4340 1246 4387 est.
1273 4335 1320 4389 llis
1336 4336 1428 4388 verbis
1447 4336 1634 4406 significatum
1650 4339 1748 4402 quarti
1766 4341 1862 4390 ucstrae
1876 4352 1932 4388 mo·

186 4402 350 4458 alldelibus
366 4401 451 4465 sumi,
472 4401 587 4472 quando
602 4401 673 4456 tides
696 4417 755 4455 non
771 4402 848 4474 quod
874 4403 974 4456 oculus
988 4400 1030 4454 ri·
1085 4403 1238 4471 yuitudiuis
1255 4406 1422 4471 excellentia,
1439 4408 1607 4477 neutiquam
1624 4407 1709 4459 etiam
1727 4406 1846 4477 hujusce
1860 4422 1934 4476 que·

186 4473 243 4539 det,
260 4474 307 4526 sed
333 4472 408 4543 quud
432 4471 523 4525 credit
544 4471 688 4542 accipit.»
711 4472 774 4526 Non
799 4472 891 4542 magis
912 4471 947 4526 ad
969 4487 1031 4525 reni
1086 4474 1186 4529 ationis
1200 4481 1299 4529 auctor
1319 4477 1453 4546 iutelligit
1465 4492 1516 4545 per
1534 4481 1663 4530 secretum
1680 4476 1752 4543 quud
1771 4478 1888 4531 interius
1906 4479 1934 4530 iu

187 4543 315 4616 prodidit
338 4544 505 4597 dissertator
522 4543 617 4596 locum
641 4542 791 4597 Retramni
806 4559 840 4597 ex
861 4544 1030 4597 humeruli
1085 4548 1175 4598 oatrao
1198 4547 1303 4613 peritur
1319 4547 1449 4615 cujusque
1463 4547 1571 4616 ridetis:
1592 4546 1716 4615 mysterii
1734 4548 1847 4607 velatio,
1861 4562 1934 4614 sym-

187 4615 232 4669 hls
248 4613 341 4668 verbis
357 4617 545 4683 conceptum:
563 4634 577 4662 «
601 4616 637 4667 At
658 4612 789 4667 videmus
812 4613 841 4667 iii
864 4629 939 4684 aqua
957 4611 1031 4667 nibil
1087 4615 1174 4670 bulum
1199 4615 1272 4684 quod
1295 4619 1409 4684 quisque
1433 4620 1558 4682 intuitus,
1576 4632 1663 4670 secum
1686 4619 1714 4670 iu
1740 4619 1831 4671 auimo
1851 4617 1936 4672 credit

187 4701 248 4738 esse
268 4699 448 4748 conversum,
469 4688 676 4755 consequenter
697 4689 811 4754 ergoet
830 4684 860 4738 iu
875 4685 941 4737 vino
959 4683 1032 4737 nihil
1085 4687 1164 4740 oerho
1177 4686 1230 4740 Dei
1244 4685 1278 4740 de
1297 4686 1405 4741 Christi
1422 4702 1546 4756 corpai·e;
1565 4703 1617 4739 nec
1639 4687 1700 4740 vult
1723 4688 1870 4742 ullatenus
1889 4689 1935 4741 iu-

187 4755 373 4826 corporaliter
396 4760 552 4809 ostensum.
577 4753 723 4824 accipitur
738 4754 926 4825 spiritualiter
948 4754 1031 4825 quid·
1088 4756 1203 4827 quireie
1218 4771 1257 4809 aa
1271 4759 1308 4810 sit
1323 4762 1428 4810 tautum
1445 4761 1536 4825 fiyuro
1549 4763 1573 4810 et
1588 4760 1706 4825 siyuum,
1723 4758 1794 4825 quod
1808 4773 1870 4813 cum
1882 4757 1936 4824 fide

187 4826 256 4897 quid
269 4826 299 4879 in
311 4840 385 4896 aqua
395 4824 430 4877 de
444 4825 542 4894 populi
559 4840 678 4894 corpore
691 4825 880 4894 significatur,
895 4824 1034 4894 accipitur
1087 4828 1218 4881 intuentis
1242 4826 1413 4893 coriy'uuctum
1427 4826 1553 4895 mysterii
1573 4842 1666 4880 nomen
1683 4829 1776 4891 hobel,
1792 4833 1818 4881 et
1832 4832 1870 4884 sit
1883 4845 1936 4899 pu-

188 4912 258 4967 ergo
276 4911 390 4949 necesse
415 4900 458 4948 est
483 4893 670 4965 spiritualiter
693 4895 834 4966 quidquid
856 4895 886 4949 in
909 4895 975 4949 vinu
998 4895 1033 4948 de
1086 4899 1129 4952 nis
1152 4910 1247 4964 corpas
1271 4897 1374 4952 Christi
1399 4913 1448 4965 per
1471 4899 1660 4962 coyitutioocm
1684 4904 1799 4962 tuntiim,
1825 4915 1863 4952 nu
1877 4913 1936 4953 uero

189 4966 293 5023 Christi
309 4965 447 5036 sanguine
463 4965 622 5019 intimatur.
647 4987 658 5013 ι
684 4966 748 5020 llec
767 4967 844 5020 enim
869 4964 941 5019 nihil
957 4964 1033 5018 aliud
1087 4969 1254 5026 inveritate,
1277 4982 1308 5021 oc
1323 4970 1414 5036 reipsa
1428 4970 1464 5021 sit
1478 4974 1509 5021 ut
1523 4973 1585 5021 oute
1600 4969 1664 5035 fidei
1677 4971 1827 5038 meritisque
1841 4985 1937 5039 operc-

188 5037 352 5108 signilicant
367 5035 423 5089 nisi
433 5035 464 5089 in
476 5036 625 5106 speciebus
641 5035 698 5088 sini
710 5037 841 5090 sensibus
852 5052 910 5089 riou
925 5035 1035 5106 percipi
1089 5040 1187 5090 tionem
1201 5037 1257 5090 dici
1278 5052 1336 5091 uere
1354 5041 1440 5106 possit
1459 5038 1507 5091 lios
1522 5038 1594 5107 qaod
1609 5041 1745 5106 aspicitur
1765 5054 1827 5092 uere
1842 5055 1937 5110 cor-pm

189 5107 359 5178 sanguinem
385 5105 499 5173 Christi,
524 5110 553 5160 et
579 5107 722 5177 ejusmodi
745 5106 854 5177 species
879 5121 940 5161 usse
968 5121 1034 5159 cor·
1088 5112 1250 5161 esseactum
1273 5106 1306 5160 dc
1333 5110 1451 5174 Viryinc.
1469 5109 1580 5178 Quippe
1603 5109 1696 5162 soluni
1722 5109 1939 5164 examinavitct

190 5197 243 5250 pus
272 5177 376 5232 Christi
403 5175 589 5246 spiritualiter
618 5183 647 5231 et
675 5177 876 5246 nuncupative,
904 5176 976 5230 sicut
1004 5176 1035 5229 in
1089 5177 1239 5247 inquisivit
1265 5178 1439 5232 Ratramnus
1471 5195 1508 5232 au
1537 5179 1590 5232 hoc
1624 5185 1835 5233 sacramentum
1866 5188 1941 5235 esset

189 5265 271 5317 aque
299 5245 486 5319 permistione
510 5263 569 5301 nun
592 5247 750 5318 percipitur
774 5249 891 5317 sangnis
919 5245 1034 5317 populi,
1089 5246 1182 5301 ouinis
1197 5246 1297 5317 ligure
1312 5264 1414 5316 expers
1436 5253 1464 5303 et
1485 5265 1617 5316 vacuum,
1638 5249 1828 5319 probavitque
1854 5251 1884 5305 in
1907 5269 1939 5305 eo

190 5319 239 5370 sed
261 5333 336 5388 aqua
360 5317 553 5441 nuncuRative
586 5322 698 5370 tantum
721 5320 749 5370 et
778 5316 967 5385 spiritualiter
994 5321 1037 5370 est
1090 5317 1216 5388 aliquam
1243 5333 1303 5371 esso
1328 5318 1451 5388 figuram
1480 5335 1544 5373 cum
1575 5321 1693 5373 veritate
1720 5320 1889 5375 sociabilem
1913 5330 1941 5375 ut

190 5389 305 5457 sanguis
329 5389 440 5459 populi.
488 5387 538 5442 ihil
562 5386 639 5440 enim
654 5390 730 5440 vetat
751 5384 792 5439 ita
811 5402 841 5440 sa
856 5401 916 5440 rem
932 5386 1036 5440 babere
1090 5387 1283 5457 coniunctam,
1299 5389 1336 5443 ad
1361 5396 1488 5443 mentem
1515 5389 1667 5456 recussit,
1683 5394 1711 5443 et
1731 5405 1847 5460 semper
1866 5392 1940 5446 iute-

191 5456 322 5528 quamvis
337 5472 440 5528 corpus
456 5455 562 5512 Christi
575 5471 675 5510 rerum
691 5455 780 5511 lateat
799 5456 829 5510 in
849 5457 1035 5523 Eucharistia,
1091 5459 1150 5511 rius
1170 5474 1201 5512 sc
1222 5463 1363 5514 secretum
1386 5459 1571 5514 Eucharistiae
1597 5460 1698 5514 falleris
1720 5461 1820 5513 oculos
1849 5463 1941 5517 homi·

190 5541 295 5596 corpus
310 5541 377 5581 vero
394 5527 494 5599 populi
508 5526 579 5581 insit
591 5526 621 5579 iii
645 5526 737 5597 ligura
752 5531 876 5580 tautum.
892 5527 948 5582 Nec
960 5526 1037 5581 enim
1091 5542 1161 5583 num
1177 5529 1321 5598 reputavit
1333 5529 1477 5600 obiectum
1490 5535 1519 5583 et
1531 5538 1713 5601 prospectum
1730 5529 1797 5584 lidei
1816 5534 1941 5587 minime

193 5611 307 5651 necesse
320 5605 364 5652 est
386 5598 632 5670 comparationem
647 5597 677 5653 iii
697 5598 811 5669 integro
834 5594 907 5659 lieri,
923 5602 955 5652 ut
969 5613 1038 5669 pro·
1092 5597 1235 5654 ellectum.
1248 5599 1433 5671 locogitabile
1449 5614 1564 5671 semper
1572 5601 1598 5654 ei
1611 5601 1703 5654 risum
1716 5616 1821 5670 corpus
1837 5603 1944 5658 Christi
