3930 6098
495 197 539 253 ult
559 197 724 255 CORPORE
747 198 791 256 ΕΤ
810 197 985 257 sanantur
1006 202 1140 259 uoulm.
1638 213 1690 270 150

81 342 104 392 o,
125 328 179 383 hoc
190 330 218 383 et
231 331 331 400 postea
350 328 518 385 consistunt.
543 330 626 384 Panis
641 334 668 386 et
682 330 779 386 siurim
795 332 818 385 Α
838 335 895 386 tem
909 332 978 405 quia
991 333 1062 389 fides
1074 338 1169 389 totum
1191 335 1332 408 quidquid
1344 337 1415 395 illud
1431 342 1524 397 totum
1545 346 1598 411 est,
1613 344 1688 416 aspi-

81 416 188 484 rtitere;
204 426 218 452 ⁸
244 417 272 471 iu
299 433 357 489 qua
380 418 467 472 etiam
490 419 584 490 specie
603 420 664 490 jam
686 436 783 474 conse·
839 421 886 488 cit,
902 427 930 477 et
944 423 1044 477 oculus
1054 423 1147 477 carnis
1163 424 1233 478 nihil
1249 426 1448 497 apprehendit.
1464 429 1593 502 intellige
1604 432 1689 504 lquod

83 520 199 561 manere
222 505 366 561 ridentur.
397 509 444 561 Est
470 523 538 578 ergo
566 507 686 562 interius
707 524 784 563 com·
838 526 896 564 non
923 509 953 564 in
977 510 1083 582 specie,
1113 511 1162 566 sed
1191 512 1220 566 in
1245 513 1348 569 virtute
1377 532 1481 588 corpus
1515 523 1543 574 et
1572 521 1689 591 sanguis

96 593 219 664 Spiritus
243 595 333 649 sancti
352 595 463 665 potenti
483 596 596 660 virtute,
621 596 697 667 quod
714 597 784 650 tides
839 598 944 653 Christi
954 598 1078 654 existant
1101 616 1167 671 quaa
1185 608 1351 656 cernuntur.
1378 604 1455 659 Unde
1482 605 1549 660 dicit
1572 608 1685 680 (ibid.):

81 682 204 736 animam
230 685 333 753 pascit,
359 688 474 737 aeternae
501 683 567 738 vitre
594 685 782 739 substantiam
840 687 1003 743 «Ordinem
1023 694 1134 743 natura
1161 705 1218 743 non
1238 689 1284 744 hic
1306 690 1489 759 intuendum,
1513 695 1562 750 sed
1583 697 1687 753 Christi

80 774 144 826 lrat.
837 777 1207 847 potentiamvenerandam‚
1220 794 1285 850 qore
1299 779 1436 851 quidquid
1453 784 1522 849 vult,
1543 785 1687 854 quomodo

81 874 129 913 em
163 859 193 914 in
232 858 418 930 sequentibus
449 859 559 931 (lbid.):
594 879 608 912 n
641 862 713 926 Quid
738 862 784 917 hie
836 867 907 933 vult,
934 865 1126 937 quodcunque
1154 867 1262 921 veltet
1282 872 1360 921 creat
1381 868 1457 939 quod
1478 885 1537 925 non
1564 878 1633 940 erat,
1658 878 1687 929 et

81 951 174 1002 ratores
209 948 340 1002 ordinem
370 948 400 1002 in
431 947 535 1003 Christi
558 964 688 1019 corpore,
717 966 782 1004 cunr
836 958 964 1008 creatum
991 954 1186 1025 permutatio
1210 955 1238 1009 id
1262 954 1341 1026 quod
1369 960 1454 1011 antea
1475 973 1532 1012 non
1558 959 1684 1016 luerat.»

81 1040 200 1091 laturam
224 1035 261 1091 sit
284 1036 345 1108 ipse
368 1037 504 1090 Dominus
533 1037 613 1091 lesus
637 1045 734 1109 partus
750 1055 782 1093 ex
836 1043 990 1113 subjungit
1012 1042 1089 1098 idern
1115 1049 1215 1098 auctor
1235 1042 1379 1114 (lordum
1395 1045 1465 1099 Vera
1486 1046 1585 1118 utique
1608 1063 1684 1117 caro,

84 1144 100 1173 n
836 1146 900 1199 quae
925 1129 1059 1184 crucifixa
1090 1134 1143 1196 est,
1169 1146 1234 1202 quae
1258 1131 1367 1202 sepulta
1394 1136 1455 1196 est;
1485 1134 1498 1175 d
1523 1149 1588 1189 rere
1617 1151 1684 1207 ergo

81 1210 113 1268 lic
138 1212 200 1283 jam
226 1212 319 1284 surgit
343 1212 468 1282 auditor,
499 1215 561 1268 bet
588 1214 657 1269 dicit
679 1230 781 1286 corpus
836 1217 1021 1273 carnisiltius
1050 1223 1260 1273 sacramentum
1285 1225 1342 1288 est;
1370 1218 1431 1290 ipse
1454 1222 1558 1277 clamat
1587 1223 1683 1278 [lomi-

81 1300 123 1356 isti
145 1301 223 1372 quod
238 1302 378 1368 cernitur,
404 1306 433 1356 et
447 1301 617 1373 sangninem
642 1303 691 1374 qui
709 1302 781 1358 hibi·
836 1322 889 1360 nris
904 1307 985 1361 lesus
1000 1323 1007 1362 ε
1021 1309 1075 1363 Ηοο
1087 1312 1126 1362 est
1141 1323 1237 1377 corpus
1251 1323 1347 1363 mcum.
1364 1330 1375 1356 ι
1468 1318 1474 1325 ’

92 1388 284 1460 quarendum
309 1390 455 1459 qnornodo
471 1390 588 1455 facturn,
614 1391 662 1444 sed
680 1396 780 1446 tenen·
872 1394 948 1449 Lllll.
965 1395 1056 1459 Quam
1081 1395 1244 1467 diligenter,
1267 1412 1354 1468 quam
1377 1397 1534 1467 prudenter
1555 1400 1628 1456 facla
1642 1400 1683 1455 di·

81 1476 282 1531 ›dsicfactnm
307 1478 352 1532 sit.
384 1477 593 1549 Benequidem
613 1479 718 1532 sentire
738 1480 779 1534 vi·
834 1482 963 1537 stinrtiut
992 1483 1029 1538 lle
1050 1499 1135 1537 carne
1161 1484 1275 1552 Christi,
1303 1502 1367 1556 quse
1388 1487 1521 1541 crucillxa
1546 1495 1681 1560 estque

81 1565 103 1620 nl
127 1565 152 1620 si
176 1565 234 1620 vim
255 1566 407 1622 verborum
430 1566 584 1638 diligenter
611 1567 778 1639 inspexeris,
834 1571 944 1640 sepulta
959 1570 1054 1641 est,lid
1075 1575 1126 1637 est,
1146 1574 1304 1628 secundum
1327 1589 1413 1644 quam
1430 1575 1556 1630 Christus
1571 1576 1680 1648 elicro-

81 1653 194 1727 quidem
211 1654 315 1709 Christi
336 1655 565 1727 sanguinemque
581 1654 704 1710 fideliter
718 1673 777 1711 cre·
795 1628 815 1682 B
834 1659 934 1714 cillxus
951 1662 994 1714 est
1008 1663 1036 1714 et
1050 1659 1190 1730 sepultus,
1206 1659 1259 1716 ait:
1285 1662 1357 1715 Vera
1371 1662 1470 1734 itaque
1484 1680 1550 1718 caro
1565 1665 1678 1720 Christi.

81 1742 96 1799 h
114 1743 291 1814 perspiceres
306 1744 375 1815 quia
389 1743 465 1815 quod
481 1744 572 1800 credis
596 1745 725 1800 nondum
737 1746 778 1801 ri·
833 1751 868 1802 ut
881 1748 917 1802 de
936 1747 984 1802 illa
1007 1763 1072 1818 quae
1097 1749 1221 1803 sumitur
1235 1749 1265 1803 in
1284 1749 1478 1818 Sacramenta,
1501 1751 1583 1806 dicit:
1609 1754 1680 1808 Vere

81 1831 132 1887 lsi
157 1832 277 1898 rideres,
301 1832 426 1887 diceres:
454 1832 553 1887 Video:
571 1849 629 1887 uon
649 1834 777 1889 diceres:
833 1849 902 1904 ergo
925 1834 1018 1889 carnis
1040 1835 1119 1889 illius
1143 1843 1354 1892 sacramentum
1382 1843 1434 1904 est,
1462 1849 1473 1874 ·
1500 1838 1679 1910 distinguens

81 1934 142 1993 pus
165 1921 393 1992 sanguinemque
413 1936 475 1976 esse
490 1921 609 1977 Christi:
626 1938 703 1977 nunc
726 1938 777 1976 an·
832 1928 1043 1977 sacramentum
1063 1922 1155 1978 carnis
1177 1940 1194 1978 a
1214 1924 1332 1980 veritate
1359 1925 1468 1981 carnis:
1491 1932 1632 1997 quatenus
1647 1928 1678 1983 in

81 2077 268 2145 orruplibitem
281 2082 307 2132 et
320 2080 471 2147 orrqcticom
484 2079 669 2135 substantiam
689 2083 777 2148 rosor·
831 2083 880 2134 sed
894 2079 1028 2135 adversus
1054 2080 1172 2153 eosqui
1200 2081 1320 2135 credunt
1345 2097 1444 2136 rerum
1470 2086 1499 2137 et
1528 2084 1677 2154 proprium

82 2148 166 2228 Apud
188 2149 407 2212 Tertullianum,
433 2150 505 2204 libro
530 2151 565 2205 de
587 2152 776 2222 Morregamia,
831 2166 935 2222 corpas
948 2150 1053 2206 Christi
1067 2151 1096 2206 in
1125 2168 1158 2205 ea
1173 2151 1303 2206 sensibus
1325 2152 1438 2221 subjici,
1458 2153 1556 2224 ibique
1571 2155 1676 2208 contri-

89 2216 146 2272 lrtt.
165 2219 194 2272 ll.
213 2221 381 2288 :Resurgere
400 2223 428 2274 io
447 2224 630 2288 operacarnis
645 2222 678 2275 de
690 2225 775 2277 conti·
831 2227 893 2275 tum
908 2227 937 2276 et
958 2224 1079 2276 fractum
1104 2222 1190 2277 nullis
1213 2224 1282 2277 velis
1296 2227 1346 2278 aut
1366 2223 1468 2294 liguris
1483 2224 1675 2294 reconditum,

81 2289 112 2355 io,
144 2293 183 2343 est
208 2291 364 2345 substantia
388 2293 520 2345 luterum:
549 2293 582 2346 ad
610 2292 775 2362 significan·
830 2294 874 2346 ssd
890 2292 1017 2362 propriis
1032 2293 1123 2346 oculis
1137 2292 1254 2363 percipi.

89 2360 258 2430 strigon-m
287 2361 417 2415 latcnnn.
447 2362 531 2415 Libro
549 2378 568 2417 n
582 2363 617 2416 de
632 2363 716 2417 Cultu
732 2365 776 2418 fe·
865 2365 1002 2432 ‘’Corpus
1035 2363 1145 2431 quidem
1173 2363 1276 2419 Christi
1308 2366 1520 2432 sanguinemque
1560 2365 1678 2434 fideliter

81 2445 167 2500 ‚pag
194 2431 257 2496 175,
283 2432 337 2486 litt.
364 2433 393 2485 B.
418 2447 425 2485 :
450 2433 582 2488 Debemus
608 2434 717 2504 quidem
736 2437 777 2489 ita
830 2433 967 2500 credis,id
984 2438 1036 2497 est,
1052 2433 1423 2505 orrrnidubiopostposit0;
1440 2437 1626 2506 quippenam
1643 2441 1675 2506 tt-

81 2505 140 2556 lota
159 2501 224 2569 {idm
247 2503 403 2556 substantia
422 2504 562 2569 incedere3
591 2509 618 2558 el
643 2504 716 2558 libro
740 2504 775 2559 de
830 2504 927 2558 daliter
949 2503 1064 2568 credere,
1097 2505 1255 2559 secundum
1286 2505 1488 2575 theologorum
1516 2506 1626 2561 dicendi
1648 2512 1677 2561 ct

81 2586 129 2625 ane
151 2573 295 2636 castilatis,
312 2589 387 2643 pag„
404 2575 465 2636 670,
487 2574 540 2627 litt.
558 2574 599 2628 C:
615 2577 665 2630 Per
688 2578 775 2630 conti·
830 2574 971 2629 scribendi
984 2576 1126 2629 rationem
1142 2582 1273 2629 accrrrate
1288 2579 1316 2629 et
1331 2575 1494 2646 perfidem,
1512 2575 1583 2630 nihil
1597 2577 1675 2631 aliod

81 2643 253 2710 negotiatoris
275 2660 402 2710 magnam
423 2645 604 2698 substantiam
628 2648 774 2701 castitatis.
830 2644 971 2715 siguificat
984 2644 1542 2717 quamproculdubieeleopostposito,
1566 2647 1616 2718 qui
1634 2653 1676 2701 est

81 2718 151 2767 stum
166 2715 652 2783 Augustuluminpsalmumnarru,
668 2717 722 2772 litt.
737 2719 773 2772 B:
829 2717 962 2771 credendi
978 2717 1108 2770 omnium
1128 2715 1196 2770 fidei
1211 2717 1398 2770 articulorum
1415 2717 1526 2772 modus.
1544 2747 1577 2756 —
1592 2719 1674 2773 lutet-

83 2785 177 2838 itatem
194 2786 269 2838 homo
284 2785 377 2854 tapsus
399 2790 438 2839 est
451 2786 607 2840 substantia
622 2789 650 2840 in
663 2803 718 2856 qua
729 2791 772 2855 sa·
795 2827 801 2835 .
829 2788 883 2853 tine
897 2787 969 2855 quod
982 2802 1035 2842 non
1050 2789 1079 2841 iu
1088 2789 1181 2855 specie,
1194 2787 1242 2840 sed
1254 2790 1284 2840 in
1293 2789 1394 2841 uirtute
1409 2803 1507 2857 corpus
1523 2792 1549 2842 et
1561 2791 1674 2855 sanquis

81 2853 135 2925 pud
147 2861 276 2908 sanctum
290 2857 405 2909 Petrum
415 2855 632 2927 Chrysalogum,
644 2873 774 2912 sermone
829 2858 931 2912 Christi
943 2860 1064 2912 eristum
1088 2872 1148 2926 quae
1168 2863 1324 2913 cernamur.
1351 2858 1406 2912 Vox
1430 2860 1541 2927 speeies,
1564 2859 1588 2912 si
1602 2859 1674 2913 ratio

81 2940 100 2994 s,
115 2924 150 2979 de
170 2925 277 2980 Christi
297 2927 506 2980 resurrectione
530 2928 590 2981 haec
605 2932 771 2982 occurrunt:
789 2922 809 2978 C
828 2928 967 2982 habeatnr
986 2928 1063 2982 modi
1079 2927 1190 2981 dicendi
1206 2933 1234 2982 et
1250 2927 1392 2982 scribendi
1411 2928 1569 2993 Retramni,
1586 2928 1674 2982 dubio

81 3000 121 3050 tur
133 2996 238 3063 efligies
254 2996 318 3050 dom
335 2999 455 3065 efficitur
467 3013 501 3052 en
511 2998 621 3054 mortali
632 3001 772 3052 immortu-
829 2999 927 3067 procul
938 2998 1080 3069 significat
1089 3000 1289 3066 apparitionem
1300 2999 1372 3052 visui
1383 2998 1551 3069 subjectam.
1565 2999 1594 3053 ld
1605 3015 1672 3052 vero

81 3066 254 3134 corruptibili
275 3067 510 3137 incorruptibitis3
536 3074 565 3122 ut
585 3069 632 3123 hoo
653 3072 690 3124 sit
709 3085 772 3123 mu·
827 3083 887 3121 non
902 3068 957 3122 alia
981 3069 1091 3137 indiget
1113 3067 1281 3136 probatione
1307 3084 1393 3139 quam
1418 3084 1452 3122 ex
1475 3070 1569 3123 verbis
1583 3069 1673 3123 sancti

81 3140 195 3192 tantiam
215 3144 557 3208 nonmutassepersonum
583 3139 648 3194 Haec
664 3143 771 3206 omnia,
827 3138 968 3193 Ambrosii
994 3153 1058 3208 quse
1074 3137 1192 3208 profert,
1215 3138 1318 3207 quibus
1338 3138 1438 3192 asserit
1451 3138 1554 3192 virtute
1574 3154 1606 3192 ao
1620 3155 1672 3208 po-

81 3207 112 3262 ris
132 3208 264 3262 Patribus
287 3210 434 3280 exscripta,
460 3210 571 3280 liquido
597 3209 773 3280 patefaciunt
827 3213 927 3263 testate
953 3208 1019 3262 lesu
1043 3207 1146 3263 Christi
1173 3207 1386 3277 resproductas
1412 3223 1472 3261 esse
1488 3207 1519 3261 in
1538 3207 1608 3261 alias
1628 3224 1672 3261 res

81 3294 104 3332 rs
117 3295 179 3333 esse
197 3281 286 3332 instar
307 3279 455 3334 llatramni
476 3296 544 3333 voce
564 3282 723 3336 substantia
736 3281 772 3335 ed
826 3295 890 3351 quae
914 3283 996 3333 erant
1014 3284 1099 3333 antea
1122 3283 1324 3332 commutatas:
1350 3280 1386 3333 Et
1404 3283 1524 3333 creatum
1534 3282 1672 3348 permutat

81 3348 130 3404 das
159 3351 313 3420 qualitates
343 3367 393 3405 seu
422 3351 610 3421 proprietates
641 3351 772 3405 sensibus
825 3349 1254 3417 inidquodootcanonsurrot.

80 3436 85 3474 ε
115 3420 358 3492 quemadmodum
392 3422 503 3489 psalmo
535 3437 631 3476 axvrn:
667 3425 772 3486 lrifiuus
860 3421 970 3474 oleae
990 3435 1053 3486 ergo
1078 3421 1168 3474 carnis
1192 3421 1265 3474 iltius
1289 3423 1487 3473 sacramentum
1509 3422 1557 3474 est.
1580 3419 1670 3473 lnler-

81 3493 128 3545 ὀπο
150 3492 283 3560 profundi
308 3497 333 3546 et
347 3508 400 3545 non
419 3498 457 3546 est
471 3493 641 3546 substantia:
659 3497 709 3543 Καὶ
726 3492 772 3544 οὐκ
845 3506 891 3545 res
906 3490 1086 3544 Celsinianus
1100 3490 1169 3544 anni
1185 3493 1263 3558 lura,
1284 3505 1318 3543 ex
1333 3489 1378 3544 his
1397 3490 1590 3560 conjecturam
1605 3489 1672 3545 facit

81 3563 175 3624 ποίοις,
194 3570 223 3616 el
246 3564 355 3632 psalmo
379 3578 486 3622 cxxxix.
516 3579 588 3616 vers.
608 3567 653 3617 ll:
674 3566 706 3618 ln
720 3565 771 3617 mi·
824 3509 888 3617 Foco
902 3560 987 3632 hujus
1004 3562 1080 3615 vocis
1101 3577 1172 3626 uere,
1188 3576 1253 3632 quas
1268 3559 1435 3615 adverbium
1447 3565 1499 3627 est,
1520 3560 1671 3630 legendam

81 3648 87 3687 t
118 3635 279 3686 subsistent:
317 3636 367 3684 het
397 3632 426 3684 οὐ
453 3637 489 3704 μὴ
519 3633 677 3686 ὑποστῶσιν.
709 3633 772 3687 llaea
825 3631 1160 3702 esseadjeetiramoerae.
1177 3630 1670 3686 scilicetoeraecarnisiltiussacro·

99 3703 262 3785 significant
283 3703 448 3758 substantiae
474 3704 642 3773 carentiam,
664 3704 713 3758 sed
728 3704 770 3758 di·
824 3708 942 3757 mentum
954 3704 993 3756 est
1019 3702 1084 3756 llaec
1099 3701 1239 3756 restitutio
1257 3702 1286 3754 in
1304 3703 1355 3755 hac
1375 3717 1458 3755 cansa
1474 3701 1545 3755 mihi
1559 3701 1671 3756 ridetur

82 3775 231 3828 ualitatum
256 3780 284 3828 et
306 3774 515 3844 proprietatum
533 3774 662 3828 sensibus
677 3774 770 3843 subja·
824 3771 982 3843 equilibris
993 3776 1021 3826 el
1036 3787 1211 3851 magnopere
1224 3771 1398 3826 indifferens.
1415 3772 1469 3826 Sed
1480 3788 1545 3826 cum
1560 3778 1670 3826 veteres

81 3843 119 3899 ad
147 3844 272 3899 mentem
299 3846 458 3913 ltatramni,
487 3846 555 3898 dum
584 3847 638 3899 ait:
669 3848 770 3914 Corpus
824 3843 935 3897 codices
951 3841 1387 3910 manuscriptisauclihrnbrosii
1398 3846 1425 3894 et
1439 3842 1585 3895 Ratrarnui
1596 3842 1669 3896 hanc

81 3918 188 3985 ceptum
204 3919 233 3970 in
257 3917 434 3970 Eucharistiu
448 3921 554 3970 aeterua
568 3914 770 3972 uitasubstan-
825 3929 920 3968 rocem
945 3913 1114 3983 adjectivum
1145 3928 1203 3967 non
1229 3911 1363 3978 referant,
1387 3911 1534 3966 communi
1554 3913 1669 3966 lectioni

81 3988 211 4051 sinistrat,
227 3986 256 4039 id
273 3990 314 4039 est
333 3987 454 4058 gratiam
470 3986 556 4056 digne
570 3986 769 4040 manducanti·
824 3985 971 4039 adherere
995 3999 1053 4037 non
1078 3982 1249 4037 destitimus.
1266 3982 1386 4051 lusnper
1412 3996 1479 4034 eum
1496 3982 1668 4036 llatramnus

81 4071 106 4110 m
120 4063 149 4110 et
158 4057 323 4111 bibentibus
338 4057 519 4128 sanguinem,
536 4072 639 4128 corpus
657 4056 770 4110 llomini
823 4072 857 4110 er
874 4054 960 4109 verbo
976 4056 1140 4109 sacramenti
1154 4058 1203 4107 arrt
1216 4054 1342 4121 mysterii
1354 4051 1497 4131 intelligat
1507 4052 1583 4122 quod
1599 4068 1665 4107 con-

81 4127 158 4180 ibus,
824 4126 895 4180 linet
911 4125 1036 4197 aliquam
1053 4139 1114 4178 rem
1138 4125 1276 4178 occultam
1293 4129 1322 4178 et
1346 4129 1521 4177 reconditam
1537 4122 1667 4176 sensibus

81 4213 101 4250 a
128 4200 210 4250 etium
236 4199 322 4266 specie
344 4213 406 4267 Jurn
433 4201 588 4252 consecrato
613 4212 770 4266 permonere
823 4197 957 4251 humanis
982 4195 1101 4249 minime
1125 4195 1293 4265 subjectam,
1315 4199 1345 4248 at
1368 4194 1408 4249 ait
1430 4209 1551 4247 numero
1567 4195 1593 4260 9,
1611 4209 1666 4246 non

83 4267 277 4322 Concinnator
299 4268 411 4322 Gallica
440 4268 575 4321 versionis
603 4269 663 4321 llaec
684 4267 803 4322 rerbaD
823 4267 933 4321 alienus
951 4284 968 4322 a
993 4265 1156 4332 Paschasio,
1174 4265 1317 4337 conceptis
1341 4264 1434 4319 verbis
1447 4263 1557 4318 dicente
1576 4264 1668 4334 capite

81 4345 144 4400 αῶς
168 4338 208 4391 sic
228 4339 374 4408 explanat:
392 4341 427 4395 Et
448 4339 576 4393 viduatur
597 4343 659 4407 post
679 4353 769 4393 conse·
825 4341 841 4393 3
871 4337 915 4392 sui
939 4341 1076 4391 tractatus
1103 4336 1138 4390 de
1165 4336 1290 4405 Corpore
1318 4341 1347 4390 et
1375 4334 1520 4406 Sanguine
1548 4333 1665 4389 Christi:

110 4409 270 4464 substantie
306 4414 401 4464 croam
434 4425 591 4477 permansera
618 4412 647 4463 in
678 4409 771 4464 eadem
827 4409 901 4463 Unde
924 4409 1084 4478 mysterium
1107 4408 1149 4461 ool
1170 4411 1380 4469 sacramentum,
1405 4404 1478 4475 quod
1502 4408 1568 4459 Deus
1593 4405 1668 4460 homo

81 4494 108 4534 ec
121 4481 217 4541 rerba,
237 4480 396 4535 substantiae
416 4486 511 4535 create
526 4480 555 4534 in
581 4484 657 4533 textu
672 4479 770 4533 Latino
824 4480 915 4545 faetus
930 4482 979 4544 est,
1000 4478 1065 4547 jure
1084 4477 1200 4544 dicitur;
1215 4477 1262 4531 sert
1281 4478 1438 4544 rrpsterium
1460 4475 1620 4531 dictumest
1639 4493 1668 4531 eo

81 4566 104 4607 ro
119 4566 177 4605 non
200 4550 359 4605 incurrunt.
380 4551 459 4615 Quod
479 4555 586 4621 spectat
599 4549 735 4621 speciem,
748 4551 772 4604 si
825 4549 898 4618 quod
916 4553 1043 4603 secretum
1066 4552 1092 4602 et
1114 4547 1280 4603 reconditum
1302 4549 1331 4601 in
1352 4561 1379 4601 se
1397 4546 1495 4600 habeat
1510 4545 1667 4615 dispositio-

81 4636 104 4677 m
129 4621 277 4678 liatramni
301 4636 352 4690 pre
376 4621 555 4691 apparitione
573 4629 623 4674 aut
636 4620 772 4675 similitu·
824 4636 894 4674 rum.
912 4619 1005 4674 Nimio
1021 4633 1106 4689 opere
1126 4624 1236 4672 constat
1253 4618 1297 4672 his
1312 4618 1499 4673 llatramnum
1516 4618 1559 4670 vel
1575 4618 1668 4688 potius

81 4698 138 4747 rtur
152 4693 306 4763 (nusquam
322 4707 389 4745 vero
405 4707 456 4761 pro
470 4691 531 4762 ipsa
550 4691 634 4761 panis
649 4696 700 4745 aut
713 4691 772 4745 riui
825 4696 954 4744 sanctum
967 4687 1203 4744 Ambrosiumhic
1213 4704 1247 4742 ex
1260 4691 1498 4742 rocesuoromenti
1508 4687 1667 4757 inlelligere

80 4763 101 4817 ti
116 4763 292 4817 ostendimus
316 4762 351 4816 ad
373 4777 525 4816 nurrrerum
542 4765 594 4831 la),
609 4762 771 4831 haecpara·
825 4762 973 4816 carbasum
984 4764 1013 4814 et
1022 4759 1145 4830 liguram
1158 4774 1222 4830 quta
1230 4758 1308 4813 intus
1317 4758 1422 4813 occulit
1432 4772 1535 4829 corpus
1545 4758 1667 4827 Christi;
1733 4821 1735 4825 .

81 4832 177 4888 efendi
201 4837 307 4904 pessel,
333 4833 382 4887 sed
404 4832 553 4887 dubitandi
574 4833 653 4888 locus
675 4833 772 4887 nullus
825 4832 883 4885 sira
902 4847 966 4886 rere
980 4830 1077 4884 velum
1091 4831 1184 4883 carnis
1209 4844 1259 4882 seu
1281 4844 1355 4883 verae
1379 4829 1481 4895 carnis,
1510 4835 1541 4882 ut
1556 4830 1594 4881 ait
1615 4844 1668 4882 nu-

81 4920 100 4957 lr
122 4904 199 4959 hunc
223 4904 409 4974 interpretem
438 4904 624 4958 vernaculum
656 4902 772 4957 intelle·
826 4918 906 4957 mero
931 4901 1077 4973 sequenti:
1097 4902 1173 4956 Verae
1195 4898 1270 4953 iltius
1294 4901 1430 4954 corrrisin
1454 4900 1668 4968 quoorucifinus

86 4974 212 5046 speciem
229 4980 360 5028 naturam
375 4980 403 5027 et
421 4973 612 5028 substantiam
627 4974 719 5043 panis,
736 4973 771 5028 ad
825 4979 865 5028 est
878 4972 1040 5028 diceretesse
1053 4974 1260 5026 sacramentum.

82 5045 251 5110 aristotelis,
275 5044 404 5115 adeoque
428 5044 519 5098 versio
534 5044 669 5099 Callicaa
687 5060 771 5098 seusu
861 5045 1064 5111 ‘Distinguam
1085 5046 1282 5097 oruamentum
1304 5042 1396 5094 cornis
1421 5056 1437 5093 a
1461 5052 1589 5092 rantrara
1608 5053 1668 5091 aar·

81 5116 169 5171 aliena
180 5116 310 5170 rideatur
325 5131 438 5170 necesse
453 5120 505 5168 est.
825 5115 880 5169 nis.
902 5113 1091 5178 Quaestionem
1107 5112 1244 5182 disceptat
1264 5112 1436 5167 Retramuus
1458 5124 1495 5162 an
1520 5123 1618 5161 revera
1632 5109 1670 5163 sit

81 5189 111 5242 rit
132 5201 227 5256 corpus
245 5202 300 5241 esse
318 5188 423 5243 Christi
440 5186 514 5256 quod
528 5187 648 5240 cernitur
661 5187 773 5254 sungui-
826 5200 891 5239 caro
906 5182 1010 5238 Christi
1033 5199 1097 5264 qnae
1126 5183 1257 5238 sensibus
1283 5180 1450 5260 percipitur.
1475 5177 1617 5246 frangitur
1642 5186 1671 5234 et

81 5261 170 5313 ibitur.
187 5259 266 5313 lianc
280 5259 509 5312 adversariorum
520 5272 635 5310 suorum
652 5271 771 5325 respon·
826 5255 969 5309 frustatim
990 5252 1136 5309 dividitur.
1162 5253 1243 5319 Quod
1264 5252 1370 5307 scilicet
1389 5251 1443 5305 sibi
1459 5247 1671 5320 persuadebant

81 5344 140 5400 epe
170 5328 301 5400 recoquit
325 5345 359 5382 ae
388 5327 498 5382 revellit
526 5328 712 5382 llatramnns:
741 5331 773 5381 ut
826 5325 918 5380 aetatis
932 5340 991 5379 suae
1005 5324 1058 5379 viri
1070 5325 1210 5392 catholici,
1227 5323 1386 5394 postposito
1403 5318 1535 5400 examine
1551 5321 1670 5374 rationis

81 5414 222 5470 tunquam
239 5414 296 5451 non
311 5398 424 5468 assequi
445 5398 547 5452 mentis
559 5398 619 5451 acie
633 5402 772 5465 punctum
827 5412 876 5450 seu
896 5394 974 5450 modi
989 5410 1047 5467 quo
1068 5412 1112 5450 res
1132 5395 1300 5468 mysterium
1319 5393 1349 5447 in
1370 5391 1546 5446 Eucharistia
1560 5395 1672 5460 poterat

81 5487 101 5538 s,
118 5476 147 5524 el
161 5485 190 5522 se
214 5469 292 5522 nulla
312 5470 525 5523 concertatione
542 5467 703 5540 digladiari,
724 5473 773 5522 aut
827 5466 936 5523 affieri:
954 5465 1028 5522 sicut
1042 5483 1094 5521 nec
1108 5483 1144 5521 an
1160 5467 1255 5521 velum
1270 5470 1298 5519 et
1316 5478 1498 5533 conopoeum,
1514 5478 1562 5516 seu
1579 5463 1598 5516 li
1621 5479 1672 5517 ura

81 5543 98 5611 i,
123 5545 175 5594 aut
198 5554 300 5593 manus
316 5556 464 5594 conserere
479 5555 543 5594 cum
561 5539 596 5593 iis
610 5539 660 5610 qui
670 5553 773 5610 corpus
827 5538 935 5619 aliqua,
948 5537 980 5592 in
991 5543 1169 5593 sacramento
1183 5535 1375 5608 contingeret,
1392 5533 1470 5606 quod
1486 5533 1573 5589 iidem
1589 5479 1671 5589 theo·

108 5609 285 5667 liucharistia
313 5626 482 5682 permanere
503 5609 558 5665 sibi
579 5608 772 5682 persuadent:
827 5609 886 5682 logi
900 5608 1022 5665 firmiter
1036 5606 1241 5681 pernegabant.
