3930 6098
101 311 143 365 ssa
812 306 1124 367 ussrtnotonluu.
1791 310 1843 364 set

107 442 162 497 Dies
181 445 211 497 at
237 442 311 511 (llaec
321 439 421 511 spatiis
434 443 528 512 aequat
536 437 653 512 paribus
667 443 837 510 noctemque
850 438 941 493 diem·
960 439 982 495 A
998 438 1064 495 Dies
1083 441 1118 495 28
1138 442 1215 497 lianc
1234 456 1351 513 quoque
1374 442 1568 498 Guntrsmnus
1583 442 1709 511 migrans
1724 457 1773 496 rex
1791 457 1842 511 op-

861 542 941 599 que:

239 621 303 675 ilrec
332 633 450 691 quoque
477 617 535 672 sole
563 631 638 671 noro
663 616 761 671 tanam
791 526 943 688 statiuaque

828 704 943 774 [micare

239 795 313 851 vidit
336 796 368 851 in
393 798 493 850 exortu
523 794 574 850 sub
599 795 661 848 lnce
685 797 787 866 quarta
810 792 943 864 dierum.)

273 887 305 940 ln
334 884 517 950 Alexandria,
544 884 701 953 Serapioms
727 883 861 950 monasti,
887 883 943 937 Lu-

310 989 357 1038 ca,
372 973 524 1028 emanas.

187 1067 221 1119 22
242 1061 406 1118 Undecima.
430 1060 547 1116 antistes
567 1059 667 1115 tribuit
681 1058 730 1130 pia
746 1058 857 1114 lumina
870 1061 944 1115 Pau-

887 1146 945 1220 [lus

239 1240 299 1304 Qua
312 1238 380 1310 jure
394 1239 501 1293 exultat
516 1237 631 1310 proprio
647 1237 779 1292 Narbona
794 1234 942 1307 magistro.

238 1329 314 1398 (llaec
336 1327 464 1398 primum
491 1336 504 1362 ⁸
531 1327 656 1382 celebrat
680 1325 808 1397 perfecto
834 1323 945 1379 lumine

802 1410 945 1486 [Pascha.)

274 1507 305 1560 ln
328 1506 430 1571 Africa
444 1504 591 1558 Saturnini
615 1504 779 1557 stallorum
805 1516 907 1556 nouem.

189 1596 221 1649 ii
242 1594 321 1648 Felix
354 1593 422 1648 hinc
449 1592 601 1657 decimam,
631 1596 659 1646 et
683 1590 849 1645 Theodorus
878 1604 943 1643 cum

807 1676 950 1750 [iuliano.

240 1771 358 1838 Ornant,
385 1769 489 1824 eximis
511 1768 651 1823 virtutum
674 1765 757 1821 laude
786 1765 905 1821 ferendi.

274 1862 307 1916 ln
330 1861 485 1923 Provincia,
517 1858 604 1924 Pauli,
632 1856 751 1911 iuliani.
787 1855 818 1909 ln
846 1855 944 1908 Antio·

311 1949 384 2014 etia,
401 1947 533 2002 Theodori
542 1945 705 2016 presbyteri.

189 2037 222 2090 al
243 2036 382 2090 Romulus
401 2041 429 2090 et
444 2050 561 2099 nonam,
582 2032 748 2103 pariterque
766 2030 946 2088 secundulus

822 2119 944 2190 [implet.

277 2215 327 2269 llic
355 2214 540 2266 concurrentes
560 2211 748 2265 incutiuntur.
776 2209 814 2263 In
833 2208 944 2274 Africa,

312 2301 439 2370 Apapiti,
464 2299 577 2368 Repeti.
597 2300 632 2354 ln
650 2299 829 2364 Mauritania,
850 2297 946 2352 Felicis

311 2394 336 2444 et
352 2390 505 2445 Saturnini.

241 2478 368 2549 Angelus
391 2481 490 2531 octava
512 2480 665 2530 venturum
686 2473 797 2528 nuntiet
821 2476 945 2544 Aguam.

1633 528 1732 603 [timus
1748 535 1842 585 ornat.

1173 619 1208 673 ln
1228 617 1360 684 Cesarea,
1391 617 1498 684 Donati,
1531 618 1665 685 Dorothei,
1700 617 1843 686 Audacia,

1210 705 1375 762 Alexandri.
1397 706 1434 760 In
1459 706 1559 761 Tharsa
1580 707 1691 770 Cilicia,
1710 707 1841 763 Castoris.

1209 798 1244 851 Et
1256 795 1388 866 depositio
1404 794 1476 849 beati
1489 793 1590 849 idiloni
1598 796 1732 850 monasti.

1085 888 1119 940 29
1141 883 1303 940 Eustathius
1329 886 1432 956 quarta
1455 881 1567 937 virtutis
1597 882 1681 937 laude
1703 881 1842 947 coruscat,

1139 972 1219 1028 Abba
1243 972 1421 1028 columbano
1444 971 1533 1026 nituit
1552 969 1602 1042 qui
1618 969 1674 1025 rite
1689 969 1838 1040 magistro.

1176 1065 1212 1118 ln
1238 1061 1405 1121 Nicomedia,
1427 1060 1588 1127 Pastoraiis,
1615 1060 1762 1123 victurini,
1790 1058 1844 1114 Sa-

1212 1153 1328 1216 turnini,
1349 1151 1482 1218 Julianar,
1502 1155 1528 1204 et
1550 1150 1666 1204 ationem
1697 1149 1789 1201 trium
1815 1149 1845 1200 ln

1212 1241 1370 1307 Antiochia,
1389 1239 1522 1294 Theodori
1532 1238 1695 1310 presbyteri.

1088 1334 1122 1387 30
1140 1330 1234 1386 Tertia
1256 1328 1380 1384 Domino
1403 1329 1417 1371 d
1440 1327 1545 1384 comite
1568 1331 1596 1383 et
1627 1326 1747 1381 Victore
1758 1323 1845 1378 retul-

1775 1412 1842 1487 [get.

1175 1510 1207 1563 ln
1232 1508 1420 1563 Thessalonica
1444 1508 1563 1571 ciuitate,
1580 1504 1690 1570 Domni,
1710 1503 1845 1568 Palatini,

1209 1601 1235 1652 et
1262 1597 1340 1662 olibi,
1375 1597 1501 1661 Victoris,
1529 1593 1691 1659 Marcellini,
1727 1592 1847 1646 Eulalia

1210 1687 1338 1754 cirpinis.
1364 1684 1532 1751 Aurelianis,
1559 1681 1691 1752 depositio
1709 1680 1843 1734 Pastoris.

1087 1779 1117 1831 sl
1142 1773 1281 1829 Diodotus
1295 1772 1389 1846 pridie
1415 1772 1519 1826 emicat
1542 1773 1708 1840 Anesusqne
1723 1766 1809 1822 beati.

1129 1863 1186 1919 ·Sic
1197 1863 1294 1918 llartis
1305 1861 1420 1917 volvens
1431 1857 1846 1916 determinatorbitsmeusem.

1176 1953 1211 2008 ln
1244 1952 1353 2019 Africa,
1385 1951 1477 2005 natale
1506 1953 1660 2004 sanctorum
1686 1946 1793 2004 Corneli
1821 1947 1846 1998 et

1217 2041 1367 2097 Valeriani.

1353 2179 1500 2236 APRILlS.

1143 2309 1292 2378 Purpureo
1309 2320 1395 2376 quem
1419 2303 1490 2360 tlore
1512 2301 1567 2357 sihi
1590 2316 1639 2355 rer
1659 2297 1750 2354 sancit
1764 2297 1847 2369 Apri-

1780 2384 1848 2460 [lem

1145 2485 1277 2541 Dicemus
1300 2481 1404 2555 quibus
1427 2479 1540 2536 attollat
1560 2494 1611 2533 sus
1632 2475 1739 2549 gaudia
1759 2473 1847 2530 lestis.

191 2571 224 2624 ²5
242 2571 341 2641 A8¹¹¹¹³
361 2572 389 2621 0¹
411 2565 471 2637 iP⁵0
488 2565 564 2620 “¹¹⁰¹
580 2563 682 2618 mundi
696 2579 749 2635 ΡΝ)
764 2567 856 2617 ¹¹¹⁰i¹⁰
871 2561 948 2616 liii·
1019 2579 1082 2633 Dies
1103 2578 1114 2630 l
1140 2574 1276 2645 Virginea
1290 2571 1418 2643 insignes
1442 2572 1538 2641 Agape
1562 2571 1590 2622 et
1604 2564 1725 2622 chionis
1742 2573 1753 2601 ⁰
1773 2566 1849 2618 serto

877 2649 947 2723 [tur.

278 2745 480 2811 Hierosolymis,
504 2745 632 2797 Dominus
655 2746 745 2796 noster
767 2742 843 2795 lesus
867 2740 948 2795 ctri-

314 2837 373 2889 stus
395 2834 541 2901 crucifixus
556 2836 605 2886 est.
628 2833 663 2885 ΕΙ
682 2830 775 2900 passio
798 2829 887 2882 sancti
899 2828 948 2881 la·

313 2923 371 2978 coti
400 2921 524 2990 aposloli.
569 2923 604 2976 Et
633 2920 816 2975 Annuntiatio
850 2919 949 2970 sancta

315 3012 421 3066 ilaris.

244 3098 306 3171 (liic
328 3100 403 3154 Deus
426 3097 610 3168 oaruipotens
633 3097 646 3138 b
669 3094 758 3150 Adam
775 3094 810 3148 de
834 3092 950 3164 pulvere

805 3180 949 3254 [psalmat

249 3275 372 3332 Nomius
389 3280 418 3332 et
441 3279 508 3345 apta
526 3272 609 3345 ponit
622 3271 731 3327 cunctis
756 3269 952 3325 animantibus

828 3355 951 3432 [Adami

280 3454 321 3510 Et
332 3454 489 3509 immolatus
502 3455 542 3508 est
556 3453 649 3506 leoco.

198 3545 229 3599 tt
245 3542 374 3615 Septima
388 3543 552 3598 ilontanum
576 3541 717 3593 memorat
741 3552 806 3592 cam
828 3536 952 3607 conjuge

830 3622 950 3695 [sancta.

245 3723 338 3792 Atque
354 3716 441 3773 simul
457 3716 644 3789 quadrageno
659 3729 724 3767 cum
747 3716 871 3782 martyre
883 3725 952 3781 pas-

863 3796 950 3870 [sum.

280 3897 313 3952 in
327 3894 483 3959 Antiochia,
499 3891 641 3958 Timothei,
666 3891 795 3957 Diopenis
815 3891 840 3942 et
862 3887 953 3941 Diasi-

316 3985 365 4050 mi,
393 3981 524 4037 Tteooori
548 3979 676 4050 episcopi.
704 3978 737 4032 ln
762 3976 872 4044 Attica,
901 3976 952 4029 Vi-

318 4069 411 4128 ctoris,
438 4065 593 4122 Saturnini.
626 4062 663 4115 ln
689 4059 798 4117 Sebaste
832 4059 953 4126 ciuitate,

318 4156 521 4210 scansoria
545 4153 623 4207 Petri
646 4151 766 4220 episcopi
796 4151 821 4202 et
844 4147 941 4214 confes·

321 4258 400 4299 sons.

204 4335 234 4388 ti
250 4332 325 4405 Agni
347 4330 492 4402 surgentis
512 4327 674 4399 resplendet
696 4328 775 4380 sexta
794 4323 953 4394 triumpho.
974 4333 997 4388 p

288 4421 460 4476 Resurrectio
493 4419 603 4475 Domini
639 4416 726 4471 nostri
747 4414 811 4469 iesu
842 4413 954 4471 Christi.

322 4511 357 4564 Ει
375 4511 405 4562 in
424 4508 534 4574 Africa,
558 4504 682 4568 ilaurili,
702 4502 844 4568 successa,
865 4501 955 4555 Distu-

322 4600 396 4661 tinae,
431 4597 540 4652 Donati.
566 4595 607 4650 Et
637 4595 666 4648 in
697 4593 833 4658 casarea,
866 4588 958 4643 notate

205 4775 236 4831 28
254 4678 506 4840 Quinlt'aargiscus,
530 4769 700 4835 Alexander,
725 4767 887 4838 llalcasque
911 4779 957 4819 eo·

797 4854 934 4929 [lurrtar0
950 4868 957 4906 ε

1144 2663 1250 2734 Aprilis
1265 2661 1340 2715 socio
1356 2662 1468 2714 sacrant
1486 2658 1539 2712 sibi
1560 2657 1626 2729 J'urc
1640 2653 1795 2710 Kalendas.

1179 2755 1213 2808 ln
1227 2753 1360 2806 Armenia
1380 2750 1490 2814 Minori,
1517 2746 1609 2800 natale
1623 2745 1672 2801 SS.
1696 2742 1849 2810 Quintiani,

1219 2841 1335 2896 Victoris
1349 2842 1375 2893 et
1387 2835 1516 2892 Secundi.

1109 2933 1126 2985 2
1145 2928 1276 3001 Lugduni
1290 2925 1400 2999 quartis
1424 2923 1512 2979 Nonis
1536 2937 1615 2976 saccr
1638 2920 1711 2975 urbe
1724 2919 1848 2974 Nicetus.

1182 3019 1216 3072 ln
1248 3018 1348 3084 Africa
1374 3013 1465 3068 natale
1492 3015 1648 3066 sanctorum
1676 3007 1805 3073 Quirioni
1825 3010 1851 3059 et

1218 3107 1336 3172 Ropisa.
1356 3101 1486 3173 Lupduni
1512 3099 1583 3155 Gall.
1609 3097 1698 3152 Niceti
1721 3094 1850 3164 episcopi.

1110 3195 1283 3264 alstagnus
1305 3190 1395 3246 ternis
1416 3188 1556 3260 splendet,
1581 3188 1747 3256 martyrque
1768 3179 1850 3237 Deni-
1937 3236 1941 3243 ,

1755 3268 1849 3343 lenus.

1145 3375 1238 3442 Atque
1252 3367 1316 3440 pari
1330 3364 1443 3439 trutger
1465 3360 1625 3420 Theodosia
1644 3359 1723 3430 virgo
1744 3358 1849 3413 nitore.

1181 3460 1214 3514 In
1228 3457 1334 3519 Sicilia,
1357 3455 1450 3510 natale
1473 3454 1563 3508 sancti
1584 3449 1722 3506 Pancrati.
1744 3448 1776 3501 ln
1795 3446 1851 3503 Ga-

1216 3562 1296 3602 sarea
1328 3545 1483 3600 Palaestina
1518 3542 1610 3597 natale
1641 3541 1741 3594 saneta
1769 3536 1851 3590 Tirso-

1217 3634 1300 3689 dosia
1319 3633 1451 3700 airpinis,
1472 3635 1497 3685 et
1519 3631 1613 3699 passio
1638 3625 1727 3682 sancti
1749 3623 1853 3690 Eoopri

1217 3725 1244 3776 et
1256 3722 1391 3789 Denipnn.

1111 3813 1128 3867 i
1146 3809 1315 3866 Ambrosius
1329 3806 1425 3879 pridie
1448 3805 1606 3860 aethereum
1630 3798 1792 3873 penetravit
1805 3798 1852 3852 ho·

1730 3886 1851 3959 tuorem.

1183 3987 1320 4043 Extrema
1343 3983 1461 4039 incensio
1485 3982 1555 4036 iuna
1576 3977 1728 4034 Paselralis.
1749 3976 1781 4030 ln
1795 3975 1853 4029 tie·

1220 4075 1339 4134 diatono.
1361 4071 1493 4141 depositio
1516 4068 1606 4124 sancti
1624 4065 1773 4130 Ambrosii,
1795 4063 1853 4129 epi·

1218 4165 1301 4232 scopi.
1322 4163 1355 4216 ln
1378 4161 1489 4227 Asrr'oa,
1513 4158 1605 4213 natale
1626 4158 1781 4211 sannorum
1801 4152 1855 4207 Dr-

1221 4254 1297 4316 tani,
1315 4251 1495 4307 Saturniniet
1512 4246 1645 4301 Successi.

1117 4347 1132 4398 5
1153 4341 1241 4396 Nonis
1255 4339 1336 4411 virgo
1356 4339 1407 4408 pis
1431 4337 1467 4392 de
1488 4345 1580 4391 morte
1595 4332 1719 4403 refulget
1733 4332 1854 4386 Herone.

1188 4431 1218 4484 ln
1237 4421 1404 4491 nioomeaio,
1428 4425 1521 4480 natale
1537 4423 1626 4478 saneti
1645 4419 1801 4478 Claudiani.
1826 4420 1857 4473 ln

1223 4516 1361 4588 AEpypto,
1383 4514 1475 4570 natale
1498 4517 1653 4569 sanctorum
1668 4509 1776 4576 Maria,
1803 4509 1858 4563 Ni-

1224 4604 1342 4658 canoris.

1119 4692 1250 4748 ildibus
1278 4689 1385 4745 octavis
1408 4687 1502 4743 Sixtus
1528 4689 1695 4757 martyrque
1723 4695 1860 4751 sacerque

1156 4779 1319 4845 Praeminet,
1358 4775 1482 4832 Adriano
1511 4777 1636 4830 mortem
1671 4770 1724 4826 sub
1750 4771 1860 4826 Caesare

1741 4858 1858 4930 [passas.

68 5034 69 5038 ¹
125 5006 234 5106 snae
251 5007 382 5088 primurn.
407 5003 528 5057 Versum
550 5001 636 5082 nunc,
662 4995 959 5078 quiinvplgstisds·
1016 5018 1073 5074 que
1088 4999 1195 5066 codice,
1212 4999 1284 5068 Reg.
1301 5000 1329 5051 et
1344 4993 1420 5066 Dig„
1434 4992 1474 5048 sic
1489 4995 1522 5047 ut
1536 4985 1744 5046 edidimuszin
1760 4982 1861 5039 iisdem

139 5073 190 5141 rat,
203 5077 494 5132 subministraverunt
508 5072 619 5127 codices
633 5071 702 5140 lieg.
725 5073 753 5122 et
767 5069 846 5139 Brg.;
862 5082 893 5121 ιιι
910 5066 960 5121 rllo
1015 5074 1161 5130 Eustasius
1176 5069 1315 5140 scriptum
1330 5071 1382 5133 est,
1399 5064 1449 5120 uhi
1464 5063 1571 5133 legitur
1585 5059 1755 5118 gustaturus,

123 5132 231 5202 ‘dattm
242 5147 327 5203 sauss
341 5145 522 5200 Eretricus.

1050 5141 1173 5198 tlTertia
1187 5142 1329 5197 Domnino.
1347 5138 1379 5193 ln
1393 5135 1491 5192 codice
1508 5134 1590 5205 Reg,
1607 5130 1755 5186 Dominioo.

120 5259 125 5270 .
153 5211 310 5275 bliicDens
328 5215 436 5286 omnip.
458 5216 534 5270 Duos
554 5213 638 5267 hosce
653 5225 761 5275 versus,
778 5208 828 5281 qui
844 5209 963 5264 deerant
1051 5215 1117 5268 eEt
1150 5213 1280 5266 cirionis.
1314 5210 1358 5266 Sic
1382 5208 1411 5262 in
1439 5204 1536 5261 codice
1574 5200 1681 5273 Regio;
1710 5198 1742 5252 in
1767 5194 1861 5258 editis,

118 5275 147 5326 Ψ
172 5289 256 5359 priori
277 5287 416 5355 editione,
432 5285 463 5340 in
477 5284 574 5340 codice
598 5285 668 5354 [teg.
685 5279 792 5351 reperit
814 5279 960 5344 Balazius;
1017 5285 1159 5343 Santouta.

116 5339 190 5413 ¹¹ier
200 5359 240 5414 sic
254 5359 404 5431 legebatur
419 5371 426 5412 :

180 5447 291 5498 Nomina
304 5445 381 5511 pouit
392 5446 467 5508 pater
478 5441 580 5493 cunctis
595 5439 745 5490 amantibus
758 5437 855 5499 taam

63 5552 65 5593 ε
114 5513 174 5579 ¹¹⁸1:
189 5527 225 5581 ita
240 5524 466 5592 emendavimus,
484 5522 615 5580 atrides.

63 5634 65 5647 .
152 5605 170 5635 ⁸
182 5594 538 5666 amnemamnem
557 5591 651 5659 editis,
672 5592 810 5660 locantur3
825 5589 855 5643 in
885 5591 965 5643 utro·

317 5992 349 6033 4,

1052 5352 1172 5424 fAtque
1195 5353 1260 5423 pari
1281 5353 1379 5421 sulpet.
1407 5350 1489 5404 Hunc
1507 5356 1633 5411 versum,
1658 5339 1707 5413 qui
1731 5337 1811 5394 deest
1834 5338 1865 5391 in

1018 5425 1116 5482 codiee
1141 5424 1169 5480 Bi
1194 5464 1212 5488 .,
1238 5423 1268 5479 in
1290 5422 1329 5478 Re
1353 5421 1380 5475 io
1407 5415 1538 5474 Baluzias
1560 5413 1669 5485 reperit
1689 5408 1865 5481 descriptum

1019 5497 1094 5553 (liei
1110 5440 1226 5569 epuiis,
1243 5498 1308 5566 post
1321 5439 1352 5547 ifl

1354 5505 1404 5546 um
1419 5487 1558 5556 nuciam,
1574 5489 1629 5540 etc.
