3930 6098
138 250 190 302 979
687 244 804 301 SERMO
823 245 868 301 DE
888 241 996 300 utut.
1020 240 1122 298 CORP.
1142 241 1170 298 S.
1191 241 1338 299 Ausum.
1837 249 1898 301 980.

139 378 235 434 monis
261 378 323 434 haec
349 376 488 447 explicare
517 379 548 429 ut
570 375 662 444 decet,
688 375 866 430 tenuissimis
888 375 981 428 valeat
998 372 1190 445 Adeposuit:
1217 372 1348 444 lapidum
1378 372 1465 428 etiam
1490 389 1620 442 cesores,
1645 389 1760 429 necnon
1785 378 1814 429 et
1835 391 1882 430 ca-

139 467 243 522 verhis.
265 465 444 537 Stupefactus
465 464 563 535 igitur,
589 467 622 517 ut
643 480 695 535 par
717 469 785 532 crat,
807 470 867 519 tam
891 463 987 534 inopi·
1042 463 1198 518 menterios
1225 463 1367 529 adhibuit,
1386 463 1498 534 aliaque
1517 464 1666 535 perplura,
1690 479 1758 534 qure
1780 464 1882 520 adhoc

139 556 200 611 nati
216 554 321 609 visione
344 553 482 624 portenti,
507 552 697 623 omnipotenti
722 553 779 606 Deo
802 551 906 606 debitis
926 553 987 605 lau·
1041 568 1113 623 opus
1124 557 1190 623 apta
1201 552 1382 620 videbantur,
1393 552 1552 623 exquisivit.
1571 553 1763 624 Corpusvero
1778 569 1883 607 venera·

141 645 224 698 dibus
252 641 406 709 benedixit,
445 645 651 711 tantorumque
684 641 825 695 donorum
858 639 988 706 largitori
1041 640 1192 696 hiteadie
1207 641 1378 696 duodecimo
1394 642 1589 697 Kalendarum
1604 641 1774 696 Octobrinm
1790 642 1882 713 quibus

141 732 248 803 gratias
263 731 330 801 egit.
349 731 538 801 congaudens
556 729 643 783 ctiam
658 731 730 783 tanti
745 729 911 783 inventione
921 729 988 782 the·
1042 730 1183 784 elevatum
1196 735 1249 796 est,
1259 746 1349 800 usque
1359 729 1395 783 ed
1406 730 1549 784 decimum
1560 730 1760 785 Kalendarum
1772 731 1881 784 Novem-

141 820 228 886 sauri,
244 836 303 874 non
318 819 431 874 modico
445 820 550 873 iterum
567 818 653 888 coepit
667 817 866 872 sollicitudinis
882 832 988 887 angore
1041 819 1137 873 hrium
1151 819 1257 890 quibus
1279 818 1443 872 restitutum
1459 823 1510 886 est,
1530 834 1583 889 per
1606 818 1726 890 triginta
1747 819 1820 872 divos
1832 820 1882 873 dies

141 908 271 970 cruciari,
290 910 379 962 molta
394 907 492 961 animo
508 906 636 974 volvens,
651 906 721 976 quid
736 922 771 960 ex
787 906 847 977 ipso
861 905 894 959 ad
911 921 988 959 com·
1042 924 1129 979 supra
1141 914 1248 961 terram
1262 923 1378 962 manere
1394 906 1535 977 permisit,
1552 923 1584 960 ac
1599 907 1645 961 die
1658 907 1775 975 eodem,
1790 923 1881 978 magno

141 997 381 1053 memorationem
403 994 585 1067 sequentium
605 1010 658 1064 pro
671 1010 791 1049 munere
804 994 923 1049 deberet
937 1010 988 1048 au·
1042 996 1121 1062 cleri,
1139 996 1297 1066 populique
1312 1000 1451 1049 conventu
1471 1000 1656 1065 congregato,
1684 995 1715 1049 in
1737 995 1801 1049 loco
1819 1012 1880 1065 pre-

141 1087 219 1142 ferri.
1042 1089 1143 1156 parato
1158 1083 1339 1139 recollocavit
1354 1098 1532 1154 :urnamque
1546 1082 1684 1154 sepulcri,
1695 1099 1757 1137 non
1768 1089 1882 1138 ulantee

176 1174 229 1229 Ubi
254 1189 321 1228 vero
348 1173 535 1227 fluctuantem
566 1171 696 1226 animum
727 1170 851 1226 anchora
878 1171 990 1226 consilii
1043 1171 1137 1226 fuerat
1151 1171 1180 1224 in
1194 1169 1452 1242 profunditioribus
1466 1169 1572 1240 posuit,
1584 1170 1676 1224 sedin
1688 1170 1882 1241 superioribus,

142 1261 287 1326 stabilivit,
313 1263 437 1315 casulam
469 1265 611 1331 quaerat
640 1260 765 1329 indutus,
797 1260 989 1315 sacratissimo
1043 1261 1131 1316 itaut
1156 1259 1376 1314 fundamentum
1402 1257 1481 1312 illius
1495 1257 1594 1325 videri,
1616 1263 1644 1312 et
1660 1260 1762 1313 lumen
1776 1258 1828 1312 suh
1840 1258 1880 1312 illo

143 1350 204 1420 ejus
223 1349 296 1404 collo
321 1349 446 1416 abstulit,
469 1348 661 1419 eumdemque
686 1348 811 1402 inlatus
833 1353 990 1419 utrumque
1044 1347 1161 1404 accendi
1176 1351 1282 1417 posset,
1303 1347 1459 1412 collocavit,
1474 1354 1560 1418 atque
1581 1347 1611 1400 in
1633 1362 1668 1401 eo
1687 1347 1774 1402 illum
1793 1347 1880 1418 psalmi

142 1453 269 1503 versans,
286 1454 391 1492 cannas
411 1437 585 1491 arundinum
606 1436 745 1503 fluviales,
765 1453 829 1507 quae
853 1437 905 1491 suh
927 1437 989 1507 ipso
1043 1437 1238 1492 versiculum:
1256 1437 1317 1491 llaee
1336 1437 1442 1504 requies
1459 1450 1518 1491 mec
1540 1437 1713 1490 insecutum
1728 1437 1829 1501 saeculi,
1846 1437 1880 1490 lu'c

143 1527 212 1581 olim
240 1527 340 1597 positae
368 1526 482 1580 fueraut
503 1529 621 1595 propter
645 1525 797 1579 humorem
822 1525 989 1595 aquatilem,
1045 1526 1183 1591 habitabo,
1211 1527 1340 1592 quonium
1362 1524 1430 1592 elegi
1447 1538 1516 1586 eum,
1546 1523 1762 1594 suprascripsit.
1781 1520 1879 1579 Utram-

143 1615 289 1681 subduxit,
305 1615 391 1685 idque
412 1613 472 1667 suis
495 1613 645 1667 desideriis
669 1613 764 1667 minus
783 1629 843 1668 esse
863 1629 990 1684 perpen-
1045 1629 1101 1686 que
1134 1629 1200 1668 vero
1244 1612 1433 1668 elevationem
1472 1612 1603 1667 videlicet
1644 1613 1778 1684 corporis
1809 1619 1879 1682 atqve

35 1740 40 1744 »
143 1702 221 1768 dens,
239 1701 295 1756 nisi
309 1702 395 1756 etiam
419 1717 454 1755 ex
472 1717 591 1771 corpore
611 1701 738 1772 aliquam
759 1702 873 1756 tolleret
896 1701 987 1757 invio·
1044 1701 1266 1763 restitutionem,
1282 1701 1424 1756 celebrem
1438 1716 1498 1754 esse
1513 1700 1588 1766 fecit,
1603 1700 1663 1754 suis
1678 1701 1770 1756 etiam
1783 1716 1877 1755 succes

142 1792 267 1845 latorum
282 1791 447 1861 portionem
469 1789 679 1855 membrorum,
705 1789 790 1844 vertit
810 1789 941 1856 audaces,
958 1795 990 1845 ut
1043 1791 1156 1845 sorihus
1176 1788 1376 1844 honorabilem
1399 1788 1429 1843 in
1451 1793 1592 1858 perpetuo
1612 1787 1674 1842 fore
1692 1789 1796 1844 sanxit.
1809 1788 1878 1854 Quod
1899 1803 1901 1806 ·

142 1878 183 1932 ita
197 1878 300 1946 dicam,
316 1878 351 1932 ad
370 1879 490 1932 cadaver
512 1876 673 1931 venerabile
696 1893 809 1940 manus,
821 1894 989 1949 unguesque
1043 1879 1180 1932 hactenus
1199 1892 1252 1930 nos
1266 1875 1447 1931 devotissime
1465 1876 1606 1931 hodierna
1628 1876 1799 1930 celebritate
1823 1874 1877 1929 coli·

143 1966 298 2036 spiritualis
315 1966 396 2021 vituli
417 1982 525 2021 cornua
548 1966 734 2036 producentis
755 1971 783 2020 et
807 1968 930 2037 ungulas
945 1982 989 2021 se·
1045 1982 1118 2033 mus,
1133 1981 1165 2020 ac
1182 1969 1294 2025 nostros
1305 1971 1379 2018 utea
1391 1969 1877 2034 maneatcnraposterosmonemus.

143 2054 210 2110 cuit.
228 2054 296 2120 Qum
312 2059 377 2126 post
391 2055 500 2109 obitum
522 2054 600 2108 illius
623 2059 722 2109 contra
736 2059 869 2109 naturam
885 2055 926 2109 ita
939 2071 990 2109 cx·
1079 2055 1143 2109 llaec
1163 2069 1215 2107 nos
1227 2068 1320 2107 cuma
1335 2052 1466 2106 Patribus
1482 2052 1532 2123 qui
1547 2051 1591 2106 his
1606 2052 1778 2121 interfuere,
1800 2057 1826 2107 et
1838 2053 1878 2107 ad·

143 2148 300 2211 creverant,
316 2149 349 2199 ut
361 2144 447 2198 etiam
469 2143 595 2198 manicas
613 2159 750 2197 manuum
767 2144 829 2214 ejus
845 2148 989 2198 cremento
1043 2142 1100 2197 huc
1115 2140 1260 2195 numerosi
1275 2146 1439 2211 supersunt,
1451 2140 1640 2204 audissemus,
1667 2140 1814 2211 frequenti
1830 2156 1878 2194 ser-

143 2247 194 2286 suo
208 2235 402 2303 penetrarent.
428 2233 546 2286 Necnon
567 2235 595 2285 et
620 2231 738 2286 barbam
759 2231 912 2302 pontificis,
937 2247 990 2286 no·
1044 2245 1130 2283 moue
1154 2228 1347 2292 narrantibus,
1371 2227 1485 2282 silentio
1506 2244 1693 2300 nequaquam
1717 2228 1879 2283 infructuoso

144 2319 195 2372 stri
224 2319 332 2374 scilicet
353 2319 483 2385 saronis,
507 2323 571 2391 post
596 2320 773 2391 sepulturam
795 2319 873 2374 illius
898 2335 991 2374 recre-
1043 2322 1140 2387 tegere
1155 2316 1289 2387 permissi
1301 2331 1400 2370 sumus
1416 2332 1423 2370 ε
1440 2317 1489 2370 sed
1506 2316 1540 2370 ad
1560 2316 1676 2371 laudem
1699 2317 1806 2372 Christi
1820 2331 1879 2388 pen-

144 2408 270 2459 scentem
284 2405 416 2459 totondit.
535 2400 539 2407 '
1043 2405 1186 2476 tificisque
1202 2404 1301 2476 ipsius,
1323 2404 1391 2458 licet
1409 2404 1458 2458 vili
1480 2405 1597 2470 dictatu,
1622 2403 1748 2476 postelis
1763 2403 1879 2467 transmi-

180 2494 245 2548 llaec
257 2509 323 2547 vero
338 2494 436 2548 omnia
457 2493 512 2548 sibi
535 2509 648 2547 summo
673 2493 831 2548 devotionis
853 2493 991 2565 obsequio
1044 2495 1142 2548 simus.
1157 2493 1272 2549 Talibus
1286 2498 1313 2547 et
1327 2493 1415 2547 tantis
1431 2509 1520 2565 usque
1541 2494 1571 2547 in
1584 2509 1714 2564 praesene
1729 2492 1879 2555 virtutibus,

142 2583 308 2646 recondens,
332 2597 384 2636 nec
402 2581 456 2636 sibi
485 2587 581 2636 tamen
601 2582 717 2652 suisque
741 2581 888 2636 desideriis
914 2582 991 2637 sufli·
1044 2584 1105 2654 ejus
1128 2581 1308 2637 celebrabilis
1331 2581 1491 2636 honoratur
1506 2588 1643 2637 tumulus.
1663 2583 1702 2637 lle
1727 2582 1879 2636 sanitatibus

143 2685 206 2723 cere
220 2669 351 2739 credens,
368 2670 402 2724 ad
427 2686 458 2723 os
473 2669 697 2724 sacratissimum
721 2686 773 2740 per
790 2671 866 2741 quod
887 2670 991 2725 divinae
1045 2670 1157 2724 veroin
1173 2669 1289 2725 basilica
1312 2671 1384 2741 ejus,
1402 2686 1459 2742 qua
1479 2669 1642 2740 requiescit,
1657 2670 1752 2740 ipsius
1772 2669 1880 2723 interve·

142 2757 243 2828 pietati
261 2757 367 2812 crebrae
390 2757 554 2812 orationum
579 2773 678 2828 preces
704 2758 819 2812 fuerant
847 2757 928 2828 lusae,
958 2775 990 2813 ac
1045 2759 1190 2813 aientibus
1206 2758 1315 2812 meritis
1330 2759 1458 2828 patratis,
1483 2760 1578 2830 aliqua
1598 2759 1644 2812 hic
1665 2771 1879 2812 commemorare

143 2844 229 2899 variis
256 2845 371 2916 populis
401 2845 566 2916 frequentes
604 2844 824 2916 predicationes
865 2846 990 2915 directae,
1044 2847 1279 2918 supersedimus:
1304 2847 1441 2918 quoniam
1465 2847 1500 2901 de
1520 2846 1565 2900 his
1582 2847 1650 2900 satis
1670 2845 1878 2901 inlibellovite

145 2950 230 2989 ausus
244 2937 287 2989 est
300 2950 417 2988 manum
434 2934 566 3002 mittere,
582 2940 669 3005 atque
684 2933 708 2987 si
723 2935 850 3005 aliquem
871 2936 905 2990 de
920 2936 990 2990 den·
1010 2937 1123 3014 Gillias
1138 2951 1268 3006 expressa
1287 2934 1496 3005 cognoscimus.
1521 2933 1668 3006 Siquidem
1694 2934 1730 2989 ad
1756 2936 1817 3007 ejus
1834 2947 1878 2986 me·

144 3023 220 3077 tibus
236 3022 314 3077 illius
338 3027 433 3093 posset
457 3023 591 3090 eximere,
612 3023 722 3077 studuit
741 3028 915 3092 pertentare.
935 3023 991 3078 Sed
1046 3025 1167 3078 moriam
1188 3024 1297 3077 caecitas
1318 3023 1422 3083 visum,
1447 3021 1570 3076 surditas
1595 3022 1737 3090 auditum,
1763 3022 1877 3078 debilitas

144 3115 174 3166 et
185 3127 249 3166 cum
266 3111 320 3166 hoc
334 3127 385 3182 pro
403 3112 570 3167 eorumdem
589 3110 725 3166 firmitate
737 3112 887 3183 nequieret
903 3112 992 3184 perli-

145 3214 219 3266 cere,
248 3199 342 3253 fahrili
368 3199 571 3266 instrumento,
605 3200 697 3253 tenaci
726 3199 858 3254 videlicet
884 3200 992 3272 forcipe

144 3303 224 3353 usus,
240 3287 274 3342 de
288 3287 410 3358 gingivis
422 3287 607 3357 pulcherrimi
618 3288 676 3342 oris
688 3288 761 3343 duos
771 3288 873 3343 dentes
884 3289 991 3353 eduxit,

144 3375 304 3430 rubicundo
329 3375 427 3443 ebore,
450 3381 481 3429 ut
500 3376 578 3430 credi
609 3376 698 3442 decet,
724 3392 755 3430 ac
782 3377 901 3448 antiquo
924 3394 992 3448 sap-

146 3463 229 3535 phiro
261 3463 455 3533 pretiosiores.
484 3464 585 3519 illrum
616 3463 691 3517 dictu
721 3464 837 3519 fidelem
861 3481 993 3536 quaerens

147 3549 319 3617 auditorem,
335 3551 412 3621 quod
429 3558 528 3606 contra
550 3557 683 3607 naturam
699 3552 757 3605 est!
782 3553 887 3607 mortui
906 3553 993 3608 cada-

146 3635 221 3690 veris
244 3637 437 3693 dedentibus
460 3638 567 3694 eductis
595 3641 678 3694 stillae
705 3640 850 3694 fluxerunt
872 3642 992 3705 cruoris,

147 3722 290 3796 hujusque
300 3728 481 3781 monumenti
493 3744 583 3799 usque
593 3727 624 3782 in
634 3728 710 3783 diem
725 3728 895 3784 hodiernum
914 3731 994 3785 testi-

104 3863 108 3871 .
148 3813 279 3868 monium
303 3831 400 3869 acerra
423 3817 533 3886 praebet
556 3817 671 3882 eborea,
695 3817 788 3872 adhuc
815 3819 917 3873 eodem
937 3835 994 3890 quo

101 3902 103 3911 '
147 3901 244 3956 infusa
262 3902 356 3957 fuerat
375 3903 525 3974 sanguine,
544 3921 608 3958 com
628 3904 668 3958 ihi
684 3905 816 3960 servandi
843 3906 994 3962 mitteren-

147 3994 205 4058 tur,
222 3990 352 4047 mirabile
364 3990 455 4046 dictul
472 3996 630 4060 cruentata,
646 3999 698 4049 etc.

184 4079 277 4150 Igitur
288 4080 397 4136 ablatas
410 4080 445 4135 de
464 4097 583 4151 corpore
608 4081 661 4135 viri
685 4081 733 4137 bei
749 4082 871 4137 amandi
893 4099 994 4153 sapra-

1046 3127 1187 3185 gressum,
1203 3115 1231 3164 et
1245 3110 1425 3164 taciturnitas
1438 3110 1541 3181 linguae
1557 3109 1659 3180 recipit
1673 3110 1812 3164 officium.
1830 3111 1877 3163 llaee

1047 3216 1150 3270 nempe
1183 3199 1266 3270 quasi
1297 3198 1461 3253 communia
1489 3203 1651 3252 sanctorum
1685 3198 1762 3252 dona
1788 3197 1875 3252 referre

1047 3288 1217 3353 omittimus,
1231 3288 1299 3358 quia
1314 3286 1349 3341 ad
1364 3287 1461 3357 ignem
1476 3286 1505 3340 in
1520 3287 1582 3357 eJus
1595 3287 1738 3341 memoria
1758 3285 1875 3341 divinitus

1047 3392 1195 3430 accensum
1216 3374 1305 3446 stylus
1328 3374 1444 3428 festinat
1466 3374 1596 3440 stolidus,
1622 3373 1668 3428 cui
1695 3373 1784 3429 hebes
1803 3385 1874 3444 prout

1047 3465 1199 3520 devotione
1214 3463 1358 3518 concurrit
1372 3462 1485 3517 animus
1497 3473 1518 3514 ⁸.

1053 3609 1088 3662 be
1100 3608 1163 3676 tque
1176 3607 1276 3661 celesti
1291 3608 1321 3660 iu
1334 3608 1463 3660 memorio
1487 3605 1559 3658 beati
1576 3603 1703 3658 dumeti
1719 3603 1814 3657 dirim
1831 3602 1873 3654 uir·

1292 3681 1348 3730 tute
1359 3677 1524 3730 mirabiliter
1539 3689 1659 3730 occense.

1085 3811 1873 3888 DeniqueannoabincarnationeDominioctingcntesino

1049 3907 1289 3980 quinquagesimo
1315 3905 1428 3977 quinto,
1451 3921 1467 3959 a
1490 3903 1613 3958 transita
1640 3919 1708 3958 vero
1737 3898 1872 3958 beatissimi

1049 3995 1169 4050 Amaudi
1180 3993 1335 4048 centesimo
1344 3992 1531 4063 nonagesimo
1542 3993 1643 4062 quinto
1653 3997 1741 4063 atque
1756 3991 1791 4046 ab
1804 3991 1872 4045 cleve

1049 4084 1129 4139 tione
1138 4082 1267 4153 corporis
1277 4080 1367 4151 ipsius
1378 4079 1600 4152 quadragesimo
1610 4080 1747 4149 septimo,
1758 4079 1802 4134 die
1812 4078 1872 4146 vige·

150 4173 323 4240 memoratas
355 4169 492 4240 reliquias
519 4185 646 4240 congruo
670 4170 733 4224 loco
763 4171 858 4225 debito
886 4171 994 4227 honore
1050 4171 1123 4225 simo
1139 4169 1246 4224 mensis
1256 4168 1442 4240 Septembris,
1453 4167 1604 4223 celebritas
1613 4166 1872 4232 anniversariam&

185 4291 292 4346 ⁸Hauc
315 4290 462 4344 historiam
486 4291 572 4361 paulo
601 4291 684 4345 aliter
707 4291 842 4348 describit
862 4295 996 4350 dicuinus
1015 4277 1190 4347 Dreuorsosse
1209 4291 1322 4346 dicitur.
1347 4292 1379 4346 Et
1399 4291 1539 4361 epigram.
1559 4292 1623 4356 rra,
1643 4292 1778 4345 arnonus
1795 4283 1872 4359 presel

151 4359 358 4431 epigrammate
376 4361 419 4427 54,
436 4368 587 4432 postquam
606 4362 636 4415 in
657 4362 749 4416 trihus
768 4367 996 4434 precedentibus
1048 4367 1182 4434 jacentem
1204 4361 1350 4416 basilicam
1375 4377 1526 4415 renovasse
1550 4367 1575 4415 et
1593 4362 1690 4415 metius
1704 4363 1871 4419 emineas

151 4430 356 4486 debasiticaS.
373 4431 725 4487 Amandietmonasterio
741 4435 996 4501 perGiselbertum
1052 4441 1139 4504 atque
1161 4433 1191 4487 in
1214 4433 1354 4486 honorem
1382 4432 1411 4487 S.
1426 4432 1578 4496 Michaelis,
1602 4430 1630 4486 S.
1662 4432 1740 4486 Petri
1763 4437 1839 4501 atque
1855 4425 1873 4479 S.

151 4502 305 4571 praesulem
321 4501 469 4568 restitutis,
492 4503 660 4557 deecclesia
678 4504 706 4559 S.
731 4505 826 4559 Manes
848 4511 878 4561 et
898 4508 933 4562 de
948 4513 993 4562 tu·
1052 4504 1174 4559 Amandi
1188 4503 1333 4557 dedicasse
1350 4502 1450 4558 fertur.
1473 4501 1653 4571 volnisseque
1668 4499 1874 4556 mementote

151 4572 266 4628 mulos.
282 4572 404 4627 rimandi
416 4573 485 4643 egit.
500 4573 544 4628 Sic
556 4573 632 4628 cauit
646 4574 854 4646 epigrammata
868 4578 925 4632 54:
1052 4576 1209 4646 mandram,
1245 4574 1299 4628 hoc
1332 4578 1374 4626 est
1410 4573 1616 4652 coemeterium,
1646 4573 1785 4638 fratribus
1815 4571 1870 4625 esui·

213 4668 281 4741 pun,
294 4681 369 4717 mm
383 4669 520 4731 praesgng,
537 4669 654 4732 pgmdq
668 4670 760 4742 limma
773 4672 864 4734 templi
1052 4648 1084 4700 ln
1107 4644 1164 4699 fine
1177 4644 1267 4724 ipsius
1289 4643 1505 4714 epigrammatis
1517 4644 1654 4723 alcuinus
1667 4643 1793 4724 seipsum
1806 4643 1873 4696 lecte

213 4730 316 4793 Saepius
330 4743 483 4780 accrescens
495 4731 647 4780 cumulatur
660 4736 763 4796 gurgite
780 4732 888 4783 flumen.
1053 4732 1116 4788 rum
1132 4715 1262 4786 ΡΓθθὼῑ]8
1281 4714 1472 4768 θῦῐῦωθῡᾰὸῑ·
1486 4714 1518 4794 ‚¹¹¹
1532 4717 1593 4794 Istis
1608 4714 1784 4801 cafmrmhns
1800 4712 1873 4767 ouer·

214 4792 270 4841 Non
286 4791 348 4841 tulit
358 4791 482 4840 Arnonus
496 4792 590 4841 foedari
604 4793 703 4856 templa
714 4795 846 4843 sacerdos.
1052 4786 1145 4840 venda
1164 4790 1230 4838 sunt
1248 4786 1388 4855 quedam.
1415 4786 1550 4837 lllcuvnus
1573 4799 1604 4836 vn
1629 4784 1771 4837 threnico
1790 4785 1874 4837 reuv-

213 4854 332 4926 tusserat
345 4853 372 4901 in
390 4853 486 4903 melius
499 4855 620 4903 renovari
634 4854 796 4927 haecomnia
809 4857 916 4920 praesul,
1052 4857 1172 4926 aliisque
1195 4871 1271 4909 anno
1296 4856 1348 4910 804
1366 4853 1470 4908 obiisse
1492 4854 1604 4912 dicitur.
1635 4853 1690 4917 Oui
1714 4855 1724 4908 i
1748 4856 1803 4909 itur
1824 4854 1876 4906 hanc

214 4916 301 4964 [θῑῑθῑ
314 4914 533 5024 ῡῑθθῐθῑβΐῆβῑᾶ
547 4919 574 4964 ῠῑ
589 4917 796 4976 ⁸¹¹bl¹ffl¹⁰f¹⁸lts
1052 4925 1173 4982 amandi
1201 4925 1389 4979 elevationem
1411 4925 1513 4995 quinto
1539 4929 1603 4993 poet
1628 4938 1706 4978 anno
1725 4869 1830 4980 {acum
1849 4934 1878 4972 rr

213 4975 457 5049 suppi‘n‘nfflffl‘
488 4980 588 5026 ‘mm
601 4981 641 5026 Ἢ
654 4982 748 5041 (luam
760 4993 845 5042 ⁸f⁰¹¹⁸r
1052 4997 1154 5051 cinisse
1180 4995 1292 5066 patuit‘l
1312 4995 1420 5050 Deinde
1446 5011 1483 5048 an
1509 4993 1685 5050 Gislebertus
1704 4995 1736 5049 in
1757 4995 1845 5066 epigr.
1856 4990 1876 5043 il

213 5038 339 5149 {wlff
351 5042 381 5087 m
395 5041 476 5148 ῑθῗω
488 5037 605 5089 fl'mmt
618 5038 735 5151 fflggutlm
747 5040 844 5151 &⁰¹93
1053 5073 1227 5122 memoratus
1242 5065 1318 5119 idem
1335 5072 1377 5119 est
1390 5081 1455 5119 cnm
1472 5069 1597 5131 Ardone,
1612 5069 1641 5117 et
1659 5065 1726 5135 quis
1747 5065 1795 5120 ille
1811 5067 1881 5141 hruo-

214 5113 298 5210 Mffrssn
311 5113 463 5209 ipraelffi?
475 5113 640 5210 Qec-“²⁰⁸-
657 5115 715 5212 [αὖ
730 5115 809 5151 Μ’
835 5117 852 5152 ⁰
1053 5136 1128 5192 nos?
1149 5138 1231 5192 Certe
1255 5136 1438 5202 Gislebertus,
1460 5135 1609 5189 exabbate
1625 5136 1783 5190 Elnonensi
1797 5136 1882 5191 Nono

251 5175 265 5210 θ
285 5175 315 5210 ⁸⁹
326 5175 335 5209 ¹
347 5174 387 5210 ⁰oe
460 5175 496 5211 m
509 5176 517 5210 ¹
531 5175 576 5224 qur
590 5175 676 5210 mm
700 5176 726 5211 m
740 5177 809 5221 Μεθ’
1052 5207 1195 5278 magensis
1209 5207 1369 5277 episcopus,
1391 5221 1467 5261 anno
1482 5207 1534 5261 782
1557 5206 1638 5271 obiit,
1665 5206 1785 5261 Elmone
1806 5203 1884 5275 sepol-

1051 5283 1096 5333 tus
1113 5294 1119 5331 :
1135 5279 1217 5346 cujus
1236 5277 1313 5347 epita
1335 5276 1415 5331 hium
1434 5277 1521 5330 citato
1540 5276 1602 5330 loco
1628 5276 1768 5330 Alcuinns
1787 5288 1886 5345 compr

1051 5349 1117 5402 suit.
1140 5349 1242 5402 Versus
1261 5294 1345 5402 mogo
1369 5348 1474 5401 relatos
1489 5346 1597 5401 arnoni
1623 5346 1753 5429 episcopi
1775 5345 1888 5402 eeclesia

214 5222 235 5272 Α
267 5236 299 5271 oe
312 5235 401 5295 preces
415 5221 491 5272 offert
505 5228 655 5273 sanctorem
670 5224 739 5287 Rege
754 5225 885 5297 polorum.

214 5284 262 5335 Lot
282 5298 353 5356 arvus
364 5288 453 5335 custos
463 5284 524 5334 fecit
540 5285 682 5356 mandante
693 5292 818 5348 magistro

214 5347 273 5396 Sem
310 5360 322 5394 r
334 5359 362 5394 rn
376 5350 505 5396 eternum
517 5346 635 5396 Christus
646 5352 783 5396 conservet
798 5351 933 5412 utrosque.

215 5407 266 5464 Qui
285 5408 340 5471 egit
351 5407 399 5456 hoa
414 5421 506 5457 versus
520 5408 590 5457 dicat
601 5421 666 5471 rogo
681 5413 785 5467 pectore
802 5423 868 5472 puro

214 5469 325 5520 alcuino
340 5470 445 5520 veniam
458 5470 585 5520 scelerum
601 5471 644 5532 da,
661 5469 772 5531 Christe,
787 5484 934 5535 precamur.

153 5554 224 5610 ltem
245 5557 451 5629 epigrammate
465 5558 509 5626 ti,
534 5558 662 5615 monus
676 5559 705 5616 S.
730 5560 856 5616 amendi
877 5562 997 5616 mntem
1051 5560 1225 5616 monasterio
1239 5558 1394 5614 convenire
1408 5557 1593 5614 manifestum
1608 5563 1662 5613 est.

1052 5418 1251 5542 salzburgensi
1279 5417 1381 5471 tribuit
1428 5417 1497 5471 Vitta
1531 5416 1559 5471 S.
1597 5416 1738 5472 liudberti
1781 5419 1889 5491 scriptor¹

1051 5495 1130 5543 tomo
1147 5490 1165 5539 V
1200 5488 1297 5559 Antiq.
1324 5488 1397 5542 Lect.
1420 5486 1551 5543 Canisii:
1580 5491 1609 5540 at
1629 5488 1728 5558 potius
1745 5488 1891 5543 Elnoncnu
