3930 6098
104 240 156 294 aa
774 211 1173 292 'niviarconuuanusrs

104 379 178 432 omni
191 377 280 444 uerba
296 380 321 431 et
331 376 443 439 uirtute,
460 376 486 426 et
499 372 615 427 somniis
632 386 638 426 :
653 374 679 425 ct
696 375 755 424 aot
770 371 846 440 opud
863 386 952 439 repom
971 375 992 428 A
1007 370 1081 425 doun
1096 386 1209 442 semper
1224 373 1254 424 ut
1268 369 1368 424 volunt
1381 369 1488 424 habere
1502 385 1562 424 non
1583 375 1719 441 possunt.
1748 370 1804 426 Sed
1831 378 1860 426 et

105 467 135 520 in
149 467 222 521 omni
233 464 323 520 neria
339 467 365 517 et
378 460 536 531 prudentio,
555 464 579 513 el
595 459 753 528 disciplina.
781 460 814 514 ln
838 460 954 527 quibus·
1007 461 1078 515 illud
1095 461 1171 532 quod
1187 459 1216 513 ia
1232 459 1358 530 Epistola
1373 458 1477 513 Paulus
1490 459 1526 514 ad
1543 459 1676 514 Hebraeos
1691 459 1859 531 scripserit:

106 569 209 622 cunque
224 553 349 621 quaesiuit
369 550 404 603 ab
426 551 464 603 cis
487 564 546 615 rea,
577 549 681 601 inuenit
700 563 742 601 eos
763 547 874 616 meapte
893 563 954 601 am·
1008 550 1157 604 Inseminc
1180 553 1235 615 tuo,
1257 547 1330 617 quod
1345 552 1384 602 est
1406 547 1533 604 Christus
1554 548 1630 613 (Gal.
1647 565 1688 613 ιιι,
1712 549 1778 620 lli):
1800 565 1860 603 uou

104 643 188 711 plius,
208 656 289 709 quam
311 644 389 694 eram
414 638 550 706 sophista,
573 641 598 691 et
622 634 789 706 philosophi,
811 639 860 706 qui
877 639 955 689 mant
1008 637 1165 692 secundum
1181 637 1329 691 liberalem
1349 641 1449 704 artem,
1473 636 1547 690 siout
1562 636 1665 704 dicitis,
1692 638 1859 708 scripserit;

104 731 220 784 inomni
239 743 321 797 regno
336 726 395 796 ejro
410 727 490 796 (Dan.
516 725 547 797 ι).
575 726 640 779 llaec
664 725 781 796 quidem
805 725 836 778 iu
859 740 953 778 exem·
1009 731 1042 780 ut
1056 741 1130 792 reor,
1149 742 1200 796 per
1212 725 1380 797 allegoriam
1396 725 1539 796 protulit:
1557 725 1625 796 quia
1641 727 1669 779 in
1682 726 1774 796 ipsius
1790 727 1861 781 Can·

104 817 233 890 pluribus
252 815 466 887 Septuaginta·
481 831 548 870 vero
563 813 719 882 codicibus,
737 813 847 885 aliquid
867 815 953 868 etiem
1011 815 1057 870 tici
1084 813 1206 869 abraha
1231 813 1323 868 titulis
1345 814 1385 866 sic
1409 814 1577 868 adnotatum
1605 819 1669 868 est:
1692 815 1859 870 Benedictio

105 905 303 960 vehementius
326 904 433 975 reperi,
457 903 562 974 quibus
584 902 715 974 quamvis
742 919 801 956 nou
829 906 954 970 utamur,
1009 919 1067 975 qna
1079 902 1225 958 benedixit
1242 903 1315 957 Deus
1338 902 1460 956 Abrabae
1480 901 1511 956 in
1526 902 1749 972 repromissione
1769 902 1859 956 semi·

104 1000 202 1050 tamen
212 992 386 1065 agnoscendi
402 992 494 1063 gratia
509 991 636 1046 dicemus
648 990 736 1046 etiam
758 991 798 1047 ibi
815 992 892 1064 qnod
915 993 956 1045 le·
1009 990 1054 1046 uis
1072 993 1144 1063 eJus,
1161 992 1211 1062 qui
1227 995 1269 1045 est
1285 990 1423 1057 Christus,
1441 994 1469 1045 et
1490 991 1619 1061 gentium
1634 991 1792 1045 vocatione.
1818 989 1860 1044 lbi

105 1082 221 1154 gimru:
248 1080 336 1149 llodit,
362 1080 466 1150 iuquit,
491 1081 529 1134 eis
554 1080 625 1134 Deus
653 1079 816 1134 intellectum
839 1085 863 1133 et
887 1095 954 1149 pru·
1009 1081 1088 1136 euim
1117 1081 1241 1151 positum
1270 1084 1333 1134 est:
1359 1080 1547 1150 Multiplicabo
1573 1096 1662 1134 semen
1684 1085 1761 1135 tuum
1790 1081 1860 1134 sicut

106 1170 227 1225 dentiam
253 1171 283 1223 in
310 1171 382 1223 omni
409 1169 590 1235 grammatica
616 1170 772 1237 sapientia:
806 1173 832 1223 et
860 1167 956 1222 llaniel
1009 1171 1101 1225 stellas
1133 1169 1201 1234 cali,
1222 1173 1247 1224 et
1268 1170 1341 1224 uelut
1360 1184 1445 1223 arena
1468 1184 1528 1237 qua
1549 1173 1588 1223 est
1609 1171 1638 1223 in
1660 1169 1750 1224 littore
1772 1171 1861 1222 maris

105 1259 267 1313 intellencitb
284 1260 313 1313 in
328 1260 401 1312 omni
413 1259 516 1312 visione
527 1262 552 1311 et
567 1259 690 1312 somniis.
712 1257 745 1311 Et
762 1261 953 1328 postpauca:
1010 1264 1084 1325 illan.
1104 1274 1171 1324 xxii,
1190 1258 1243 1330 ¹7).
1262 1256 1381 1327 Tropice
1398 1262 1427 1312 et
1450 1257 1633 1329 hyperbolice
1657 1257 1769 1311 locutus
1792 1262 1859 1311 est:

104 1348 270 1414 Astiterunt,
288 1346 391 1417 inquit,
406 1345 438 1401 in
450 1349 577 1414 concoeptu
592 1347 674 1414 repis,
703 1347 772 1400 etin
789 1345 956 1400 ornniuerbo
1009 1347 1074 1419 quis
1102 1346 1180 1401 euim
1209 1362 1266 1400 non
1298 1345 1400 1411 videat,
1432 1345 1510 1416 qnod
1536 1345 1573 1399 sit
1597 1345 1862 1416 incomparabiliter

106 1437 255 1504 sapientia,
282 1438 312 1488 in
340 1450 392 1504 quo
420 1436 546 1504 quesivit
574 1434 607 1487 ab
637 1436 675 1488 eis
708 1449 757 1487 rea
785 1435 890 1487 inuenit
913 1449 956 1489 eos
1011 1435 1246 1506 ampliusarenae
1271 1450 1520 1506 numeros,qnam
1541 1451 1602 1488 esse
1626 1434 1777 1489 hominum
1804 1451 1861 1488 om·

106 1522 217 1592 decuplo
241 1536 322 1590 super
344 1536 433 1576 omnes
455 1523 638 1576 incantatores
652 1526 678 1576 et
697 1536 790 1588 magos
814 1523 863 1590 qui
878 1526 956 1575 erant
1011 1523 1092 1578 nium
1122 1523 1156 1577 ab
1183 1523 1246 1595 ipso
1271 1522 1360 1577 Adam
1391 1538 1481 1593 usque
1512 1523 1545 1577 ad
1575 1523 1731 1576 terminum
1762 1523 1860 1576 saculi

105 1611 222 1665 inomni
240 1625 321 1677 regno
340 1610 412 1678 ejus.
434 1610 474 1663 Ex
490 1608 534 1663 his
559 1625 626 1679 ergo
642 1609 778 1663 omuibus
801 1614 893 1679 potest
915 1608 957 1662 ia·
1010 1617 1118 1684 quanto
1143 1612 1235 1682 magis
1261 1611 1355 1666 solnm
1385 1627 1484 1665 semen
1505 1610 1644 1666 Abrahae?
1667 1611 1735 1674 Quae
1760 1611 1860 1682 utique

104 1697 207 1768 telligi,
219 1697 366 1768 quomodo
380 1702 408 1751 el
423 1698 535 1751 balaam
547 1697 872 1768 dixeritdcsemetipso:
885 1696 955 1762 Quis
974 1678 994 1732 B
1011 1701 1119 1772 tropica
1133 1705 1186 1769 est,
1197 1717 1255 1755 uon
1272 1700 1399 1771 propria.
1509 1764 1511 1768 ρ
1556 1692 1559 1698 ’

105 1786 175 1841 sciat
205 1786 353 1840 scientiam
382 1785 541 1841 Altissimil
572 1786 688 1852 seilicet,
720 1791 751 1840 ut
776 1786 954 1858 intelligatur
1043 1793 1070 1844 6.
1088 1789 1163 1844 lllud
1184 1789 1361 1861 porroquod
1384 1788 1488 1843 acriter
1506 1788 1630 1843 refutare
1658 1787 1737 1842 vobis
1765 1788 1859 1843 uisum

104 1876 179 1948 qnod
210 1875 292 1946 origo
311 1875 400 1930 totius
427 1875 553 1930 scientim
581 1876 617 1931 ab
650 1877 713 1948 ipso
737 1877 953 1947 coeperitexor·
1008 1884 1061 1944 est,
1080 1883 1107 1933 et
1123 1893 1369 1948 peneuonaequo
1390 1877 1486 1931 auimo
1509 1875 1806 1940 dicentemaudire,⁶
1830 1884 1859 1932 et

105 1964 195 2020 dium.
216 1986 226 2011 »
1008 1967 1077 2039 quid
1107 1985 1123 2021 a
1142 1966 1306 2021 beatissimo
1328 1966 1489 2035 Augustino
1506 1964 1536 2018 in
1556 1964 1735 2036 expeditione
1751 1964 1859 2019 Psalmi

141 2057 167 2106 5.
192 2051 391 2107 Sanctissimae
416 2052 604 2123 Augustinus,
633 2052 953 2123 Hipponaeaeltegiensis
1008 2055 1147 2110 tricesimi
1169 2055 1285 2125 septimi
1301 2054 1432 2121 senserit,
1453 2054 1587 2125 legimus.
1618 2055 1691 2124 Ergo
1719 2070 1772 2108 uox
1798 2057 1861 2109 erat

1805 236 1859 290 tet

47 2161 48 2164 ¹
105 2140 264 2211 episcopus,
283 2140 331 2194 nbi
347 2141 381 2195 de
392 2141 484 2195 tribus
499 2141 685 2212 sanguisugis
701 2142 884 2212 singulariter
896 2148 953 2195 tra-

105 2228 201 2294 ctauit,
217 2228 256 2281 ita
273 2228 429 2306 disseruit:
453 2229 542 2297 Scire,
565 2229 669 2300 inquit,
685 2229 821 2284 Salomon
837 2230 954 2300 sapien-

105 2315 185 2383 tiam,
201 2321 230 2371 et
254 2316 447 2386 disciplinam,
471 2322 500 2371 et
527 2317 689 2389 intelligere
710 2333 857 2371 sermones
885 2334 953 2389 pru·

1007 2144 1191 2209 infirmitatis,
1209 2160 1261 2198 rox
1276 2149 1338 2197 erat
1354 2144 1550 2213 nostraqued
1570 2142 1678 2197 dictum
1695 2147 1760 2196 est:
1784 2143 1858 2207 Qua·

1008 2249 1038 2288 re
1058 2249 1099 2287 me
1118 2233 1308 2303 dereliquisti?
1328 2232 1437 2299 <natm
1462 2247 1547 2299 xxva,
1571 2230 1627 2300 46.)
1650 2229 1723 2295 Quid
1746 2230 1782 2285 de
1806 2232 1860 2285 hoe

1008 2322 1191 2376 beatissimus
1207 2322 1398 2393 Hieronymus
1408 2320 1564 2391 scripserit,
1577 2319 1646 2389 qnid
1663 2319 1744 2374 nobis
1764 2323 1859 2373 custo·

104 2404 218 2472 dentice,
248 2421 281 2459 ac
314 2405 954 2476 perciperegversutiasverborumaintelli·
1009 2408 1856 2472 dieudnmlradiderit‚intercaeteracuidamsiciustituit:

105 2509 173 2565 gere
195 2492 335 2564 justitiam
359 2510 467 2561 veram,
488 2493 689 2565 judiciumque
705 2494 834 2564 diligere,
853 2498 883 2548 ut
906 2494 954 2548 det
1008 2499 1093 2556 Corde
1106 2502 1176 2554 enim
1191 2498 1313 2553 meditus·
1326 2498 1522 2567 adjustitiam,
1544 2499 1600 2552 oris
1617 2501 1705 2551 autem
1726 2499 1858 2563 consessio

14 2577 16 2582 ’
104 2582 306 2637 innocentibus
321 2583 466 2649 astutiam,
495 2599 586 2653 puero
603 2590 699 2637 antem
710 2583 822 2653 juniori
836 2599 954 2638 sensum
1007 2589 1039 2655 itt
1054 2586 1218 2641 adsalutem
1234 2588 1318 2653 (Rom.
1334 2602 1361 2653 x,
1387 2586 1441 2655 to).
1460 2584 1546 2640 Filius
1571 2585 1619 2638 liei
1644 2600 1701 2638 nou
1717 2589 1759 2638 est
1782 2583 1858 2638 lilius

105 2675 134 2725 et
147 2670 363 2742 cogitationem.
381 2670 427 2724 llis
442 2671 519 2725 enim
535 2671 650 2737 auditis,
668 2672 782 2743 sapiens
796 2672 954 2742 sapientior
1008 2673 1135 2729 hominis
1151 2694 1157 2728 :
1176 2673 1264 2727 Filius
1280 2672 1330 2727 Dei
1345 2677 1395 2740 est,
1412 2689 1471 2727 non
1484 2676 1527 2726 est
1540 2672 1617 2726 lilius
1636 2670 1773 2726 bominis.
1791 2671 1857 2726 Uni-

104 2760 160 2814 srit
173 2777 181 2814 ι
195 2759 245 2831 qni
260 2764 357 2814 autem
377 2759 519 2830 intelliget
533 2759 682 2831 parabolas
700 2764 784 2832 atque
800 2761 953 2815 obscurum
1009 2763 1122 2834 genitus
1139 2763 1188 2817 liei
1203 2767 1245 2816 est
1261 2779 1267 2816 :
1281 2761 1331 2832 qui
1351 2777 1417 2816 vero
1437 2761 1514 2816 tilius
1534 2759 1660 2815 hominis
1681 2764 1733 2827 est,
1748 2760 1858 2831 primo·

104 2865 280 2916 sermonem,
309 2848 584 2920 dictasapientium,
608 2854 637 2904 et
659 2850 815 2920 enigmata
841 2867 952 2905 eorum.
1008 2851 1364 2923 genitusesl,etpropter
1391 2854 1583 2921 susceptorem
1612 2863 1696 2903 suum
1721 2846 1857 2919 unigeni·

104 2936 157 2992 Sed
175 2936 239 3009 quis
259 2937 383 3009 sapiens,
412 2937 518 3008 etquis
536 2937 673 3008 prudeus,
697 2938 758 2993 baec
774 2939 834 2994 sine
849 2939 952 3009 spiritu
972 2944 1069 3035 Ctum
1086 2940 1186 3006 Deum,
1212 2943 1240 2992 et
1264 2937 1473 3009 primogenitus
1495 2936 1610 3003 dicitur,
1637 2936 1704 3007 quia
1720 2935 1749 2989 in
1764 2951 1799 2989 eo
1814 2938 1858 2990 est

105 3026 156 3079 Dei
173 3025 282 3095 liquide
304 3026 554 3096 comprehendat?
578 3028 643 3081 llaec
663 3031 730 3080 sunl
752 3043 816 3098 quae
836 3026 952 3082 inresti—
1007 3026 1183 3098 unigenitus.
1209 3026 1338 3095 lienique
1361 3025 1395 3078 de
1417 3022 1611 3095 primogenito
1634 3022 1789 3093 Apostolus
1817 3021 1856 3076 sic

104 3130 172 3186 gare
201 3119 229 3169 et
252 3115 505 3187 comprehendere,
533 3120 561 3170 et
589 3116 673 3187 plene
702 3132 784 3170 nosse
805 3116 951 3186 jubemus.
1006 3115 1286 3182 nitzrrtmopmnus
1303 3113 1441 3167 inmollis
1461 3112 1598 3179 [ratribus
1615 3114 1701 3179 (llam.
1729 3127 1789 3178 rra,
1810 3110 1856 3180 29)

104 3204 258 3275 Gregorius
273 3220 348 3276 papa
365 3204 446 3259 Urbis
468 3187 650 3260 beatissimus
666 3205 696 3259 iu
714 3203 788 3259 libro
804 3204 890 3259 tertio
906 3221 953 3259 se·
1006 3203 1057 3275 qui
1072 3203 1102 3257 in
1117 3218 1184 3257 eum
1206 3201 1398 3256 crediderunt.
1427 3201 1488 3255 Non
1504 3217 1572 3272 ergo
1596 3205 1698 3254 natura
1713 3198 1857 3270 unigeniti

104 3294 230 3348 cundum
256 3294 382 3348 litteram
406 3295 441 3349 de
465 3294 549 3348 Petro
569 3295 707 3365 apostolo,
735 3294 784 3348 ubi
808 3293 953 3349 Simonem

105 3382 222 3452 arguit:
244 3384 362 3437 Pecunia
391 3387 439 3436 tua
461 3387 546 3437 tecum
569 3385 607 3436 sit
630 3385 660 3436 in
681 3383 863 3452 perditionem
880 3385 953 3453 (Aet,

103 3471 249 3536 ru1,20):
274 3470 323 3539 qni
356 3470 433 3523 enim
451 3486 510 3524 uon
533 3469 571 3524 ait
592 3476 640 3537 est,
669 3470 718 3524 sed
733 3473 771 3524 sit
794 3487 852 3524 nou
878 3471 952 3525 iudi-

105 3557 195 3612 cativo
218 3558 312 3624 modo,
338 3558 388 3613 sed
412 3558 538 3629 optativo
562 3575 592 3612 se
608 3559 668 3615 haec
695 3559 798 3613 dixisse
821 3558 952 3629 signarit.

105 3646 176 3700 ilinc
191 3645 265 3700 Elias
278 3646 389 3701 dnobus
404 3647 660 3719 quinquagenariis
675 3648 709 3703 sd
724 3666 754 3703 se
772 3648 955 3703 venientibus

104 3733 199 3790 dixit:
222 3736 253 3791 Si
275 3734 352 3791 nomo
377 3737 429 3790 Dei
442 3751 512 3804 sum,
529 3736 673 3791 descendat
683 3739 756 3804 ienis
782 3737 816 3792 de
831 3738 904 3804 calo,
929 3742 954 3791 et

1007 3290 1284 3363 estprimogenitus,
1308 3290 1357 3344 sed
1378 3293 1497 3363 propter
1523 3288 1689 3342 societatem
1723 3286 1858 3358 ungeniti

1008 3380 1059 3436 bct
1086 3379 1251 3450 unigenitus
1279 3383 1331 3434 est.
1352 3378 1540 3449 Primogenili
1565 3382 1661 3431 autem
1684 3380 1789 3431 natura
1814 3380 1858 3430 est

1007 3469 1219 3540 primogenitus
1238 3484 1296 3523 non
1324 3483 1410 3522 causa
1430 3466 1583 3533 societatis,
1608 3465 1677 3538 quia
1702 3465 1800 3519 nullus
1823 3480 1856 3519 ex

1007 3557 1129 3612 mortuis
1144 3557 1301 3611 resurrexit
1314 3556 1350 3612 ad
1364 3555 1619 3622 immortalitatem,
1638 3553 1694 3607 nisi
1709 3553 1771 3624 ipse
1793 3549 1857 3623 pri-

1008 3661 1072 3700 mus
1087 3653 1114 3701 et
1129 3646 1293 3717 exemplum
1312 3661 1365 3716 per
1388 3644 1627 3699 resurrectionem
1652 3641 1788 3696 omnibus
1809 3657 1857 3695 se-

1008 3735 1164 3806 quentibus
1188 3733 1289 3788 edidit.
1319 3735 1351 3788 lit
1374 3733 1437 3787 ideo
1460 3733 1614 3803 Apostolus
1630 3730 1721 3785 dicit:
1739 3729 1793 3800 (lui
1815 3731 1855 3784 est

104 3828 298 3877 consumatum
313 3822 370 3894 (IV
381 3826 446 3891 lien.
459 3822 489 3895 1).
510 3824 580 3880 Vide
592 3825 721 3895 quiahae
734 3829 795 3881 arte
811 3825 952 3881 utebatur.
1005 3827 1213 3894 primogenitus,
1230 3839 1263 3879 ea
1282 3825 1395 3879 mortuis
1410 3821 1506 3892 (colos.
1532 3839 1552 3887 1,
1580 3821 1631 3891 18).
1649 3820 1727 3874 Idem
1748 3819 1856 3873 iturum

104 3910 191 3967 llulta
216 3911 334 3982 quidem
351 3917 432 3967 eraut
450 3912 485 3968 de
501 3913 545 3968 his
561 3914 646 3968 rebus
663 3913 829 3969 testimonia
849 3914 955 3969 descri-

104 3999 195 4054 bere:
219 4000 267 4054 sed
281 4016 318 4054 ne
340 3999 427 4054 nimis
449 4000 629 4056 fastidiosum
651 4001 774 4072 sapienti
797 4002 952 4068 videretur,

104 4105 193 4159 parva
216 4088 361 4143 exmultis
383 4087 527 4143 sufficiant
541 4089 643 4145 doctis.
660 4090 712 4146 Sed
729 4095 756 4144 et
767 4089 874 4162 aliqua,
891 4106 954 4146 me·

1008 3913 1044 3968 ad
1064 3913 1208 3967 Romanos
1225 3928 1231 3966 :
1251 3914 1286 3968 ill
1299 3914 1336 3966 sil
1351 3913 1407 3981 ipse
1428 3912 1624 3980 primoaem'ms
1642 3911 1672 3962 in
1689 3908 1784 3963 multis
1798 3909 1858 3974 [ra-

1008 4003 1105 4057 tribus.
1124 4003 1157 4057 Et
1170 4001 1239 4072 qnia
1255 3999 1420 4070 unigenitus
1436 4005 1464 4054 et
1488 3998 1697 4070 primogenitus
1721 3996 1788 4051 dure
1808 4011 1856 4048 na·

1007 4094 1080 4146 turae
1109 4095 1185 4156 sunt,
1213 4089 1310 4144 divina
1334 4094 1363 4144 et
1388 4088 1525 4142 bumana.
1555 4088 1624 4142 Nam
1650 4091 1679 4140 et
1705 4084 1856 4140 diversitas

103 4177 167 4248 ipso
186 4184 315 4245 vocante,
330 4182 476 4248 utcunque
491 4177 642 4232 ascribam.
671 4178 828 4249 Apostolici
843 4183 872 4233 et
889 4195 954 4233 sau·
1007 4180 1111 4234 harum
1128 4183 1295 4232 naturarum
1316 4178 1346 4231 iu
1367 4176 1527 4231 elocutione
1551 4174 1773 4246 Evangeliornm
1806 4189 1855 4227 os-

103 4265 209 4319 tissimi
223 4265 287 4329 viri,
311 4281 364 4319 nec
391 4281 505 4336 semper
525 4266 688 4337 sophistice,
711 4282 763 4320 nec
789 4266 955 4339 frequenter
973 4267 1144 4338 ptenditur.
1163 4266 1244 4322 Fidei
1267 4271 1371 4320 nostrae
1387 4265 1477 4335 igilur
1491 4280 1548 4318 uon
1574 4261 1706 4318 convenit
1719 4265 1751 4316 ut
1774 4262 1855 4317 lesus

21 4391 24 4395 -
103 4354 148 4409 lac
180 4358 281 4425 potum
311 4353 475 4409 dederunt:
504 4355 669 4410 necerebro
695 4355 818 4411 solidum
845 4357 950 4412 cibum.
1008 4355 1136 4412 Christus
1161 4352 1487 4425 mentiatur,quiaipse
1507 4352 1766 4407 estreritas.Cum
1787 4365 1856 4420 ergo

104 4442 167 4498 Non
182 4441 334 4512 aliquoties
359 4441 510 4512 simplicia,
530 4459 588 4497 non
611 4444 660 4498 diu
680 4443 823 4509 sublimio,
848 4445 896 4499 sed
923 4448 954 4498 ul
1007 4446 1047 4500 ita
1059 4444 1104 4511 sit,
1121 4444 1182 4517 ipse
1198 4445 1233 4499 de
1248 4459 1278 4498 se
1290 4443 1360 4498 dicit
1376 4458 1383 4497 :
1406 4442 1459 4508 Qui
1477 4457 1519 4495 me
1532 4443 1607 4495 misit
1630 4454 1732 4495 mecum
1747 4444 1797 4504 est,
1809 4453 1857 4492 nee

104 4530 226 4603 Spiritus
242 4530 327 4585 dabat
342 4531 470 4602 eloquie;
488 4531 563 4586 unde
589 4536 618 4587 et
633 4533 805 4588 Psalmista:
831 4534 953 4589 Audiam
1007 4549 1049 4589 me
1071 4533 1217 4602 dereliquit
1242 4533 1403 4596 (loon.v1n,
1430 4531 1500 4601 29);
1526 4535 1555 4583 et
1577 4528 1635 4582 alio
1657 4527 1742 4581 loco:
1771 4528 1856 4593 Deus,

104 4621 173 4690 quid
187 4620 315 4690 loquutur
329 4622 359 4673 in
384 4636 426 4674 me
445 4621 575 4676 Dominus
594 4624 664 4677 Deus
689 4621 773 4693 (Psal.
789 4638 898 4688 manv,
913 4624 951 4689 a).
1007 4626 1171 4689 Deusmeus,
1194 4637 1279 4690 quare
1293 4636 1334 4675 me
1348 4619 1537 4688 dereliquisti?
1551 4616 1661 4686 (Metti.
1688 4631 1774 4682 xxrn,
1800 4612 1858 4684 46.)

103 4709 174 4763 Vide
198 4708 268 4779 quid
291 4711 406 4762 sanctus
428 4709 580 4780 Gregorius
604 4725 680 4781 papa
704 4710 786 4765 Urbis
809 4710 895 4766 dicit:
923 4711 953 4766 in
1008 4711 1080 4777 Quia
1097 4712 1170 4765 lteus
1184 4710 1332 4764 homiuem
1349 4712 1521 4778 susceperat,
1538 4712 1567 4760 et
1589 4722 1641 4777 per
1658 4709 1780 4758 mortem
1797 4718 1860 4756 cru·

104 4796 213 4852 cunctis
229 4813 354 4868 namque
369 4796 502 4851 fidelibus
517 4797 640 4868 Spiritus
666 4799 755 4866 uenit,
776 4799 825 4854 sed
846 4805 877 4853 ln
894 4799 953 4853 solo
1008 4800 1047 4854 eis
1062 4796 1339 4869 relinquenduserat
1352 4813 1367 4850 a
1380 4797 1436 4850 lieo
1448 4810 1539 4866 nsque
1555 4794 1590 4848 ad
1602 4791 1859 4847 resurrectionem:

104 4885 257 4940 ldedialore
285 4889 445 4955 permanet,
473 4885 524 4956 qni
549 4885 611 4956 ejus
636 4888 845 4942 humanitatem
882 4904 954 4942 unn-
1008 4886 1075 4941 tidei
1103 4902 1171 4958 ergo
1202 4891 1306 4940 nostrae
1332 4885 1371 4939 sic
1399 4884 1541 4951 convenit,
1564 4887 1595 4936 ut
1616 4882 1702 4936 homo
1722 4880 1798 4935 dicat
1824 4879 1860 4933 ad

104 4990 192 5046 quam
204 4973 339 5041 deseruit,
357 4975 391 5029 de
405 4973 486 5044 cujus
509 4974 659 5030 divinitate
686 4977 833 5047 prooessit.
852 4978 883 5031 lu
905 4978 953 5032 illo
1008 4976 1099 5030 Deum
1121 4991 1216 5030 suum.
1245 4977 1333 5042 Quare
1354 4989 1395 5027 me
1410 4973 1601 5041 dereliquisti?
1621 4968 1794 5040 Unigenilus
1808 4984 1861 5022 au·

102 5063 366 5134 igiturpermanet,
383 5061 477 5133 quiet
498 5063 576 5117 solus
601 5069 630 5119 et
652 5066 748 5119 omnia
769 5081 884 5136 semper
898 5083 953 5137 po·
1007 5070 1065 5120 tem
1091 5064 1229 5135 Deosqui
1256 5061 1455 5135 inseparabilis
1484 5066 1557 5115 esta
1577 5061 1659 5113 Patre
1689 5058 1784 5113 dicat:
1807 5057 1862 5124 Qui

104 5156 173 5218 test;
188 5167 255 5205 uam
271 5150 371 5206 tideles
386 5150 436 5222 qui
449 5151 527 5206 hunc
547 5151 702 5222 accipiunt,
716 5169 782 5208 cum
803 5156 954 5226 signorum
1008 5168 1051 5209 me
1064 5155 1140 5207 misit
1160 5168 1262 5207 mecum
1284 5157 1333 5219 est,
1349 5167 1396 5206 nec
1413 5165 1454 5205 me
1475 5149 1628 5218 dereliquit.
1657 5146 1780 5202 Sanctus
1806 5150 1864 5200 Au·

113 5343 115 5346 .
139 5296 305 5351 ‘Truncata
331 5295 424 5362 uerba,
446 5294 486 5349 sic
511 5311 546 5349 ex
572 5295 695 5367 Origene
723 5297 823 5353 homil.
850 5300 895 5367 22,
924 5298 954 5354 iu
1043 5295 1131 5362 ills,
1150 5295 1305 5352 danielo...
1320 5296 1431 5350 somnis.

104 5364 189 5420 Num.
207 5365 364 5437 explenda:
381 5367 442 5420 llec
456 5366 566 5435 quidem
580 5369 610 5420 in
623 5368 824 5436 eaemplaribus
839 5377 953 5438 septuu-
1044 5375 1055 5401 ⁰
1070 5367 1138 5421 Vide
1148 5383 1235 5438 snpra
1255 5366 1339 5437 epist.
1358 5369 1383 5429 l,
1397 5380 1425 5420 n.
1442 5366 1467 5419 3.

104 5437 182 5502 ginta
202 5438 381 5506 interpretum
402 5436 558 5492 labentur:
582 5439 613 5492 in
638 5438 809 5494 llebraeorum
827 5455 889 5495 uero
910 5456 953 5495 co·
1043 5438 1134 5503 dlls.,
1150 5440 1226 5507 quia.

104 5505 212 5561 dinibus
226 5507 344 5577 aliquid,
360 5511 411 5562 stc.
780 5515 784 5521 ’
