3930 6098
601 177 710 237 LIBER
728 178 774 233 DE
794 177 922 236 TRIBUS
943 177 1130 235 erlsroms.
1425 240 1427 245 ,
1671 181 1740 238 1002

85 316 189 385 ssime,
203 315 309 387 inquit,
324 320 400 380 tene,
417 318 446 369 et
460 314 624 369 nullatenus
639 313 763 381 dubites,
778 329 838 367 om·
855 318 879 370 A
893 313 953 367 rior
964 313 1035 367 Abel
1048 313 1085 366 ad
1099 311 1244 367 civitatem
1264 313 1323 368 liei.
1342 312 1423 367 Prior
1438 316 1481 367 est
1501 318 1583 368 natus
1599 313 1669 368 civis
1683 315 1739 370 hu-

86 419 136 458 nos
151 419 217 456 vasa
243 400 448 455 misericordiae
464 401 593 471 gratuita
613 400 742 455 bonitate
763 400 837 454 Deus
889 401 939 471 jus
954 401 1061 466 sacculi,
1088 401 1230 472 posterior
1245 407 1341 456 eutem
1365 401 1419 455 isto
1442 402 1612 473 peregrinus
1637 402 1667 455 in
1688 419 1739 456 sae-

87 496 135 546 nte
149 490 385 545 constitutionem
398 489 508 556 mnndi,
520 490 549 542 in
564 489 747 560 adoptionem
764 488 836 543 filio·
892 491 967 558 culo,
984 494 1013 543 et
1023 489 1172 559 pertinens
1187 490 1222 543 ad
1238 489 1383 545 civitatem
1401 490 1462 545 bei.
1480 491 1575 546 Gratia
1590 490 1740 561 praedesti·

85 579 125 635 lei
148 578 366 651 praedestinatos
389 595 404 631 a
426 579 494 644 Deo,
521 593 614 648 neque
636 577 730 649 perire
754 593 837 647 posse
891 583 984 644 natus,
1013 577 1106 648 gratia
1127 579 1243 644 electus,
1269 579 1362 649 gratie
1395 578 1565 650 peregrinus
1593 578 1738 646 deorsum,

84 684 113 723 m
125 684 237 733 eorum,
254 683 325 738 qnos
337 667 411 722 Dens
427 666 641 737 praedestinavit
652 666 687 720 ad
699 682 837 737 regnum;
890 666 983 738 gratia
998 666 1067 720 civis
1082 682 1204 720 sursum.
1222 667 1290 720 Nam
1314 672 1453 738 quantum
1469 666 1504 721 ed
1527 667 1621 738 ipsum
1637 669 1741 724 attinet

95 771 272 829 quemqnam
293 770 404 821 eorum,
431 771 502 825 quos
528 756 675 809 Densnon
691 754 837 823 praedesti·
891 770 925 807 ex
950 754 1051 808 eadem
1076 769 1170 808 massa
1193 755 1293 822 oritur,
1324 771 1388 826 quse
1411 755 1590 826 originaliter
1613 759 1655 809 est
1680 760 1739 811 tota

85 843 218 898 advitam
238 843 296 898 ulle
315 858 400 913 posse
415 842 526 896 ratione
542 840 664 895 salvari:
689 840 837 911 praedesti·
890 842 1040 911 damnata;
1056 842 1105 896 scd
1117 847 1252 915 tanquam
1271 842 1377 913 figulus
1392 844 1466 898 Deus
1481 861 1486 897 :
1503 843 1576 899 hanc
1599 843 1677 898 enirn
1701 844 1739 898 si·

85 929 163 985 enim
186 930 234 984 ille
257 932 390 1000 gratuite
412 928 576 983 donationis
593 933 636 982 est
649 928 835 999 preparatio,
891 930 1084 986 militudinem
1100 947 1160 986 non
1175 930 1384 1001 imprudenter,
1408 932 1457 986 sed
1473 933 1629 1003 prudenter
1645 933 1739 987 intro-

85 1035 110 1073 ss
122 1018 274 1089 Apostolus
284 1018 324 1072 ait
337 1033 344 1071 ε
358 1037 372 1067 «
385 1017 598 1071 Predestinatos
610 1015 638 1069 iu
651 1015 836 1085 adoptionem
890 1019 969 1073 ducit
982 1020 1151 1090 Apostolus:
1169 1020 1206 1073 Ex
1221 1018 1321 1072 eudem
1342 1035 1435 1072 massa
1453 1019 1521 1074 tecit
1536 1020 1612 1074 aliud
1636 1036 1684 1073 vas
1708 1019 1739 1073 in

85 1124 111 1163 m
127 1111 283 1179 pertesum
305 1108 444 1164 christum
458 1106 487 1159 in
503 1105 598 1175 ipsum
616 1105 703 1175 (Epir.
719 1120 738 1170 r,
754 1104 789 1174 5).
808 1101 838 1174 r]
890 1107 1042 1174 bonorem,
1059 1107 1136 1162 eliud
1156 1108 1186 1160 in
1201 1107 1406 1161 contumeliam
1422 1106 1510 1178 (Rom.
1531 1124 1568 1174 nr,
1586 1107 1640 1177 at).
1658 1108 1739 1162 Prius

85 1197 187 1252 clidei
213 1197 342 1268 regulam
367 1200 395 1250 et
421 1193 619 1249 definitionem
646 1191 835 1246 certissimam
891 1196 1108 1250 autemfactum
1123 1201 1166 1249 est
1180 1211 1229 1250 vas
1244 1195 1275 1248 in
1297 1194 1513 1262 contumeliam,
1536 1201 1603 1265 post
1618 1212 1683 1250 sero
1697 1197 1738 1249 al-

85 1302 108 1340 tr
131 1302 253 1357 sequens
277 1286 376 1341 beatus
397 1287 426 1338 et
447 1287 561 1337 sanctus
585 1282 683 1336 doctor
707 1280 835 1336 Ecclesiae
890 1283 1025 1338 terumin
1038 1285 1190 1338 honorem.
1208 1283 1281 1348 Quia
1296 1289 1324 1338 et
1339 1283 1367 1337 in
1382 1283 1445 1354 ipso
1461 1300 1519 1337 rino
1536 1283 1663 1346 homine,
1682 1283 1739 1336 sic-

85 1374 236 1443 sresbytcr,
263 1389 328 1426 cum
353 1380 508 1442 exponeret
529 1373 621 1425 locum
642 1372 724 1424 illum
740 1369 789 1423 ubi
805 1369 835 1422 in
890 1379 921 1427 ut
945 1372 1016 1428 dixit
1029 1373 1194 1444 Apostolus,
1216 1389 1275 1426 non
1300 1393 1311 1420 ι
1336 1371 1464 1442 primum
1491 1371 1566 1442 quod
1592 1372 1739 1442 spirituale

85 1460 192 1516 {enesis
212 1464 346 1514 narratur
369 1458 404 1512 de
430 1457 577 1529 ereptione
603 1458 653 1511 Lot
677 1473 711 1510 ex
733 1457 834 1511 interi·
890 1466 944 1529 est,
960 1461 1009 1517 sed
1026 1461 1101 1532 quod
1118 1461 1252 1527 animate,
1269 1460 1373 1514 deinde
1387 1458 1465 1530 quod
1477 1459 1625 1530 spirituale
1641 1461 1669 1530 (I
1677 1462 1737 1517 Gor.

85 1548 225 1602 tomorum
251 1546 326 1617 (Gerr.
352 1546 421 1616 xrs),
449 1550 477 1600 et
500 1546 690 1616 quorumdam
716 1561 834 1599 suornm
889 1548 1035 1617 satit»
1052 1549 1117 1619 ets]
1140 1549 1212 1603 ltem
1229 1548 1257 1601 in
1283 1548 1355 1602 libro
1383 1547 1738 1618 Enclriridiorrtcup.100)

85 1637 237 1691 edentium
255 1639 284 1690 et
298 1651 364 1689 cnm
382 1650 415 1688 eo
432 1634 509 1689 exire
534 1634 703 1701 nolentium,
728 1638 757 1688 et
771 1633 835 1688 ideo
855 1616 975 1707 Bquem
992 1637 1027 1690 ad
1045 1635 1231 1691 laurentium
1254 1635 1386 1690 Ecclesia
1411 1636 1546 1690 Rornanae
1563 1636 1739 1691 archidiaco-

85 1725 186 1792 aeteris,
205 1723 256 1795 qui
273 1723 303 1778 in
319 1724 389 1777 urbe
409 1723 500 1793 impia
514 1728 721 1789 remanserant,
734 1723 834 1793 justis·
890 1741 960 1780 num
980 1725 1102 1796 scripsit,
1119 1725 1154 1779 de
1170 1725 1270 1779 eadem
1286 1741 1316 1778 re
1329 1725 1367 1778 ita
1391 1723 1535 1794 loquitur:
1553 1724 1634 1794 [Corn
1648 1740 1738 1795 ange·

85 1812 257 1885 perditorum
279 1811 441 1882 punitione,
467 1810 506 1863 ita
530 1810 585 1864 ait:
612 1807 702 1882 [Qrtod
727 1810 833 1863 ostium
889 1813 952 1881 lica,
974 1812 1079 1885 inquit,
1105 1818 1133 1867 et
1158 1814 1285 1867 brunana
1309 1816 1439 1866 ereatura
1459 1817 1613 1881 peccasset,
1641 1811 1737 1880 idest,

85 1903 232 1957 cluserunt
251 1899 358 1970 angeli,
380 1916 415 1954 ne
443 1898 488 1953 vel
512 1899 619 1969 ipsum,
642 1898 686 1953 rel
708 1898 834 1969 aliquem
890 1917 947 1955 non
963 1901 1040 1972 quod
1058 1902 1131 1955 Dens
1153 1900 1202 1955 sed
1226 1900 1302 1971 quod
1324 1900 1385 1970 ipsa
1402 1900 1493 1953 votuit
1511 1898 1633 1966 lecisset,
1650 1900 1737 1954 etiam

85 2007 123 2047 no
138 1989 229 2061 ipsius
243 1992 360 2059 possent
372 1987 408 2041 ad
425 1987 605 2058 perdendum
622 2002 719 2058 rapere
742 1986 834 2042 Sodo-
888 2004 941 2059 per
955 1989 1086 2043 eamdem
1110 1992 1256 2049 creatura,
1281 1987 1466 2052 voluntatem,
1493 2004 1551 2058 qua
1572 1987 1677 2042 iactum
1694 1994 1738 2044 est

95 2085 228 2149 patenter
250 2077 377 2131 insinuat
402 2076 469 2148 quia
489 2077 600 2130 nullum
617 2077 651 2131 de
669 2076 765 2130 electis
785 2076 835 2130 Dei
889 2074 967 2146 quod
981 2076 1099 2133 Creator
1114 2077 1217 2143 noluit,
1234 2075 1364 2146 implevit
1377 2077 1438 2146 ipsc
1456 2076 1532 2147 quod
1548 2075 1650 2144 voluit,
1664 2077 1737 2132 bene

85 2182 137 2222 nra
159 2170 201 2221 est
228 2166 371 2236 impietas,
398 2171 427 2219 et
450 2164 611 2236 persecutio
632 2165 832 2236 reproborum,
888 2167 971 2218 utens
981 2165 1100 2219 etmelis
1110 2173 1248 2236 tanquam
1264 2180 1375 2218 summe
1389 2165 1481 2219 bonus
1495 2165 1530 2219 ad
1543 2182 1641 2220 eorum
1653 2165 1734 2219 dam-

85 2272 99 2311 e
124 2254 246 2310 Domino
277 2254 311 2309 de
337 2254 438 2308 ovibus
464 2253 547 2306 snis:
574 2275 584 2302 r
613 2254 646 2306 dt
667 2269 721 2324 ego
747 2253 834 2306 vitam
888 2253 1048 2321 nationem,
1064 2269 1135 2324 qnos
1145 2254 1221 2324 juste
1236 2253 1452 2323 praedestinavit
1465 2254 1502 2307 ad
1514 2270 1640 2324 poenam,
1658 2259 1686 2307 et
1701 2252 1735 2307 ad

85 2359 125 2398 rm
135 2344 172 2398 do
183 2343 225 2397 eis
240 2347 268 2397 et
284 2358 342 2396 non
364 2342 500 2413 peribunt
515 2342 544 2395 in
560 2345 712 2407 aeternum,
727 2347 756 2396 et
777 2357 834 2396 non
889 2356 989 2397 eorum
1002 2342 1134 2410 salutem,
1152 2358 1224 2414 quos
1240 2343 1363 2413 benigne
1389 2342 1605 2412 predestinavit
1620 2341 1654 2396 ad
1671 2357 1734 2412 gra·

93 2446 142 2484 eos
164 2429 318 2500 quisquam
339 2429 373 2483 de
398 2444 484 2481 mauu
510 2444 573 2482 mea
590 2428 679 2498 (loon.
702 2445 729 2494 x,
746 2428 801 2498 28).
818 2449 831 2476 n
890 2428 982 2499 tiam]

88 2516 247 2572 nereidem
268 2515 320 2570 tot
332 2516 467 2570 facultate
493 2515 527 2569 ab
554 2515 664 2585 angelis
683 2514 751 2569 data
765 2515 833 2569 nul·
926 2519 990 2572 tlaec
1004 2533 1096 2589 pauca
1110 2535 1142 2574 ex
1164 2519 1274 2590 praefati
1299 2518 1457 2574 beatissimi
1482 2519 1606 2573 doctoris
1626 2518 1737 2572 dnobus

85 2621 94 2660 s
115 2605 223 2661 civibus
238 2603 366 2676 perfidis,
387 2620 423 2659 ne
439 2604 473 2658 dc
496 2603 555 2657 suis
572 2603 688 2674 quidem
705 2604 834 2674 cognatis
888 2606 971 2660 libris
993 2608 1153 2677 posuimus,
1177 2623 1249 2678 quos
1273 2623 1340 2662 enm
1364 2624 1421 2661 non
1444 2608 1537 2661 sotrrm
1559 2601 1737 2661 catholiceet

85 2694 160 2749 uicis
174 2693 287 2748 tametsi
302 2693 425 2746 multum
445 2697 563 2746 conates
586 2693 681 2761 potuit
702 2691 737 2746 ad
761 2693 834 2746 selu·
889 2695 1013 2750 veridice
1025 2696 1184 2767 scripsisse,
1209 2697 1256 2751 sed
1282 2696 1369 2750 etiam
1394 2696 1549 2766 diligenter
1573 2700 1601 2750 et
1615 2693 1738 2750 fideliter

85 2798 202 2850 evocare,
224 2782 376 2852 signiticet,
397 2780 465 2852 quia
480 2780 588 2835 nullius
606 2780 685 2835 labor
703 2780 832 2835 borninis
888 2788 1065 2852 retractasse,
1086 2785 1136 2856 qni
1150 2785 1238 2840 libros
1265 2784 1508 2840 Retractationum
1524 2784 1586 2855 ejus
1600 2783 1736 2839 attentius

85 2886 190 2926 nerum
204 2870 486 2941 predestinatorum,
503 2868 554 2940 qui
570 2874 635 2924 ante
651 2869 832 2923 constitutio·
852 2893 872 2947 C
888 2871 966 2942 legit,
980 2872 1126 2927 evidenter
1137 2873 1266 2943 agnoscit
1280 2878 1313 2926 ut
1336 2872 1403 2942 quia
1422 2871 1484 2941 jam
1506 2873 1567 2942 ejus
1583 2872 1735 2927 auctoritas

85 2958 169 3013 nundi
183 2957 264 3012 electi
278 2961 377 3011 sunta
398 2957 466 3023 Deo,
487 2956 532 3011 vel
550 2972 637 3010 unam
660 2957 750 3026 possit
769 2956 831 3011 ani·
887 2958 985 3014 dehac
1000 2975 1041 3025 re,
1056 2959 1087 3014 id
1103 2966 1146 3014 est
1160 2960 1195 3014 de
1212 2959 1310 3014 divina
1323 2960 1353 3012 in
1369 2964 1522 3030 utramque
1538 2965 1649 3029 partem
1664 2975 1736 3030 pres·

85 3047 212 3119 adjicere.
225 3045 394 3101 Novitenim
406 3044 602 3116 dominusqui
614 3050 682 3099 sunt
693 3044 765 3116 ejus.
777 3046 833 3098 tle·
888 3048 1088 3112 destinatione,
1110 3053 1138 3102 et
1161 3049 1318 3103 electorum
1343 3047 1475 3101 videlicet
1500 3047 1534 3100 ad
1558 3047 1691 3117 gloriam,
1706 3052 1735 3103 et

85 3136 269 3191 tsinostram
283 3134 470 3205 fragilitatem
485 3132 536 3204 qui
551 3135 584 3188 ad
600 3134 755 3188 electorum
767 3149 833 3187 sor·
886 3138 1078 3208 reproborum
1094 3137 1127 3191 ad
1147 3152 1260 3207 poenam
1277 3151 1294 3189 a
1309 3135 1456 3190 nonnullis
1470 3135 1585 3206 publice
1606 3140 1734 3190 contem-

85 3225 225 3279 ertincant
238 3224 318 3291 latet,
334 3240 393 3278 non
410 3229 506 3278 tamen
522 3223 557 3278 ab
573 3224 683 3294 agenda
699 3240 767 3278 cura
779 3239 833 3277 no·
887 3226 974 3294 nitur,
992 3230 1021 3279 et
1037 3225 1220 3280 conculcatur
1230 3236 1241 3279 :‘
1252 3225 1293 3279 ita
1309 3232 1340 3278 ut
1360 3223 1428 3294 qnia
1443 3240 1472 3277 sc
1488 3222 1596 3294 ipsein
1616 3224 1734 3295 quibus·

85 3312 163 3367 aluus
184 3311 363 3378 cessandum,
379 3327 439 3365 non
455 3311 490 3366 ab
505 3309 680 3365 instruendis
694 3310 833 3382 proximis
887 3315 953 3369 darn
975 3313 1088 3385 scriptis
1113 3314 1171 3367 suis
1191 3312 1248 3385 pie,
1273 3317 1359 3384 atqnc
1384 3311 1532 3366 humiliter
1552 3312 1735 3382 reprehendit

98 3404 141 3455 est
159 3401 345 3467 continenda,
367 3400 416 3454 sed
438 3400 475 3454 ad
499 3400 663 3470 exemplum
678 3400 756 3455 beati
773 3401 832 3466 Lot,
887 3406 916 3458 et
930 3402 1059 3474 corrigit,
1073 3406 1176 3472 putent
1201 3418 1242 3470 se,
1268 3401 1319 3455 ubi
1334 3400 1375 3454 eis
1390 3400 1484 3455 visum
1500 3399 1598 3467 fuerit,
1615 3401 1736 3456 licenter

85 3491 107 3547 is
120 3498 196 3547 caste
211 3491 376 3555 vivendum,
394 3496 422 3545 et
436 3491 594 3545 errantium
611 3506 727 3562 quoque
742 3506 833 3544 corre·
887 3506 954 3545 eum
969 3506 1051 3562 posse
1065 3489 1286 3561 reprehendere.
1304 3489 1335 3542 Et
1350 3487 1427 3558 quod
1442 3487 1492 3542 ille
1506 3486 1572 3542 fecit
1588 3488 1621 3541 ed
1638 3503 1733 3542 exem-

88 3578 216 3635 officium
230 3579 346 3650 pietatis
364 3579 605 3649 impendendum.
624 3579 739 3634 Constat
755 3577 833 3632 enim
887 3577 968 3647 plum
984 3577 1165 3643 humilitatis,
1191 3577 1247 3647 ipsi
1273 3592 1411 3647 usurpare
1435 3592 1494 3630 non
1514 3575 1683 3631 erubescant
1697 3576 1734 3631 ad

85 3667 538 3740 tsipraedestinatosadinteritum
550 3667 657 3720 salvaro
669 3667 833 3737 nequimus,
887 3669 1030 3721 tumorem
1049 3666 1292 3737 presumptionis.
1309 3667 1348 3720 Ex
1365 3665 1409 3720 his
1429 3666 1529 3720 saltem
1546 3665 1626 3720 libris
1646 3681 1751 3735 agno-·

85 3761 197 3812 ttamen
206 3756 402 3827 benignitatis,
413 3771 500 3826 qnam
511 3756 701 3826 ergaillorum
712 3757 833 3810 salutem
887 3759 967 3808 scant
980 3755 1048 3826 quia
1071 3754 1125 3808 hoc
1145 3755 1266 3808 verbum
1291 3753 1394 3808 divinae
1420 3753 1681 3824 praedestinationis
1704 3754 1735 3809 in

86 3845 192 3910 dimus,
208 3844 369 3899 mercedem
384 3859 441 3896 nou
453 3842 618 3913 perdimus]
887 3846 969 3912 parte
983 3842 1174 3913 reproborum
1189 3842 1326 3912 positum,
1343 3841 1411 3911 quia
1432 3841 1580 3895 verissime
1595 3846 1623 3895 et
1637 3843 1735 3896 rectis-

306 3948 419 4003 gqppp
442 3948 514 4001 vm
889 3929 960 3984 sime
976 3930 1073 3984 divino
1088 3929 1198 4001 judicio
1223 3929 1419 4000 praedestinati
1435 3949 1449 3980 a
1464 3929 1608 3990 dicuntur.
1624 3945 1683 3983 non
1698 3931 1734 3985 ad

85 4039 139 4092 rino
158 4036 407 4107 predestinatione.
435 4038 477 4090 En
499 4035 737 4104 predestinatione
757 4036 835 4090 natta
888 4019 1002 4091 ⁰¹¹¹l³⁸¹¹¹
1017 4019 1128 4090 ”tiques
1146 4018 1193 4072 ⁸⁰1¹
1209 4019 1244 4072 id
1260 4034 1385 4089 ltoessflmr
1402 4033 1454 4071 ¹¹00
1471 4018 1506 4072 id
1521 4018 1629 4072 maium
1650 4033 1733 4089 (ΨΜ,

245 4110 387 4162 necessitas
407 4107 445 4162 ad
463 4107 574 4161 malam.
890 4108 968 4179 quod
983 4107 1037 4179 ipsi
1049 4107 1175 4161 volentes
1197 4112 1297 4177 agunt,
1329 4106 1376 4160 sed
1403 4106 1439 4160 ad
1458 4106 1584 4173 melum;
1604 4107 1680 4179 quod
1704 4106 1735 4160 in
1843 4173 1846 4178 .

85 4195 179 4251 clidei
193 4196 322 4267 regulam
347 4194 511 4249 firmissime
536 4209 567 4248 ac
590 4193 756 4248 fidelissime
778 4209 833 4248 no·
853 4189 1003 4251 Daeternis
1016 4196 1166 4267 suppliciis
1180 4195 1263 4257 inviti
1285 4195 1468 4266 patientur,o
1490 4210 1540 4248 nec
1556 4194 1616 4265 ipse
1632 4195 1661 4250 in
1677 4195 1735 4250 suis
1756 4206 1763 4225 '

85 4284 202 4340 rendam
225 4284 325 4339 beatus
354 4283 532 4354 Augustinus
556 4283 610 4336 ista
639 4282 792 4354 diligenter
806 4285 833 4336 et
888 4269 980 4341 dictis⁶
995 4285 1222 4355 reprehenderit,
1244 4300 1296 4338 nec
1317 4282 1351 4337 ab
1371 4283 1438 4337 allis
1461 4281 1599 4336 catholice
1619 4288 1647 4337 et
1669 4298 1736 4337 sane

85 4389 111 4428 rr
126 4374 306 4428 commendat
319 4372 441 4427 inlibris
459 4370 625 4428 decivitate
644 4371 695 4426 Dei
710 4371 770 4440 (tib.
787 4387 832 4438 xv,
889 4373 1077 4429 sentientibus
1103 4374 1309 4443 reprehensum
1340 4372 1385 4425 sit.
1409 4366 1441 4426 nt
1463 4370 1528 4426 ideo
1552 4371 1665 4425 etiam«
1680 4388 1738 4428 mc

85 4467 102 4529 t,
118 4461 158 4516 ita
173 4463 286 4517 dicens:
303 4462 488 4532 [Hernanurm
505 4460 609 4530 inquit,
625 4459 757 4531 genusin
776 4459 834 4513 duo
890 4463 980 4516 derno
1005 4466 1147 4531 tempore,
1168 4484 1179 4510 »
1203 4479 1220 4515 a
1240 4461 1322 4514 nobis
1342 4460 1391 4530 qui
1417 4464 1504 4513 tantos
1529 4459 1694 4530 imperitiae,
1710 4464 1739 4514 et

85 4566 95 4605 ι
133 4550 348 4618 distribuimus,
384 4565 473 4603 unum
509 4563 610 4602 eorum
648 4547 697 4619 qui
735 4562 835 4601 secun·
888 4549 1378 4620 intirmitatissumusnequaquam
1398 4548 1738 4618 reprehendendum,vel

89 4638 248 4706 hominem,
284 4638 406 4693 alterurn
450 4652 552 4692 eorum
594 4636 644 4707 qui
676 4634 835 4691 secundum
889 4637 1076 4708 rejiciendum
1091 4636 1348 4706 debuitjudicari,
1370 4637 1418 4690 sed
1433 4637 1531 4707 potius
1555 4634 1696 4707 diligenti,
1711 4641 1739 4690 et

95 4726 210 4794 vivunt3
223 4743 294 4798 quus
314 4727 401 4781 etiam
426 4725 545 4798 mystice
565 4724 745 4795 appellamus
764 4722 836 4778 civi·
889 4726 994 4782 humili
1009 4727 1115 4798 pietate
1128 4726 1315 4797 perscrutari,
1326 4730 1355 4780 et
1367 4725 1498 4797 intelligi.
1511 4728 1545 4781 Et
1559 4726 1582 4780 si
1598 4726 1738 4795 quisunt,

85 4815 158 4882 luas,
183 4816 238 4870 boc
260 4821 312 4883 est,
335 4815 406 4870 duas
427 4814 577 4869 societates
595 4813 748 4869 hominum
765 4828 836 4884 qna·
891 4815 941 4886 qui
969 4831 1003 4870 ex
1032 4816 1087 4871 hoc
1117 4814 1302 4870 scandalizari
1331 4814 1492 4880 videantur,
1522 4820 1659 4885 tanquam
1689 4829 1741 4886 per

85 4909 111 4959 st
128 4920 194 4970 una,
212 4920 276 4975 qnae
299 4903 502 4974 predestinata
525 4907 567 4957 est
584 4902 614 4957 in
638 4908 779 4957 eternum
793 4918 836 4956 re·
890 4903 969 4959 istud
981 4902 1372 4974 praedestinationisverbum
1389 4903 1542 4958 necessitas
1553 4902 1741 4973 meleagendi

92 5008 158 5048 cum
175 4995 249 5049 Deo:
277 4993 367 5047 altera
385 4997 526 5046 aeternum
547 4991 721 5062 supplicium
740 4989 837 5045 subire
892 4992 1028 5062 cuiquam
1044 4991 1177 5063 imposita
1192 5007 1254 5046 esse
1270 4991 1458 5063 significetur,
1472 4990 1632 5045 instruendi
1647 4993 1741 5063 potius

86 5079 206 5153 taboret
224 5083 256 5136 Et
276 5085 457 5153 postpauca,
474 5080 509 5135 de
532 5086 631 5134 exortu
657 5080 780 5136 duarum
796 5079 837 5134 ci·
891 5080 1009 5136 fuerunt
1020 5085 1049 5135 et
1064 5079 1189 5134 breviter
1205 5095 1236 5133 ac
1252 5080 1345 5134 lucide
1360 5079 1493 5146 docendi,
1510 5079 1585 5150 quod
1599 5081 1673 5135 Deus
1688 5097 1741 5135 ne-

85 5187 110 5226 m
126 5171 256 5238 isternm,
271 5171 299 5224 id
326 5173 368 5224 est
382 5168 504 5224 civitatis
519 5169 570 5223 liei
592 5174 620 5224 ct
641 5169 761 5224 civitatis
781 5169 839 5223 dia·
893 5169 1002 5224 minem
1019 5168 1272 5239 praedestinaverit
1292 5167 1327 5222 ad
1343 5173 1501 5240 peccatum,
1527 5168 1577 5222 sed
1596 5168 1632 5222 ad
1658 5168 1743 5221 luen-

85 5259 242 5330 liligentius
265 5259 423 5331 disputans,
452 5259 491 5313 ita
516 5257 585 5313 dicit
610 5258 721 5330 titini:
741 5257 839 5332 [Natus
894 5257 962 5312 dum
976 5256 1153 5329 supplicium
1173 5274 1225 5328 pro
1248 5262 1375 5328 peccato.
1402 5257 1458 5310 Nec
1479 5255 1534 5310 ista
1557 5255 1743 5328 praedestine-

85 5352 135 5402 tur
147 5346 228 5417 prior
243 5346 310 5403 Cain
330 5346 435 5401 axillis
455 5346 568 5402 duobos
587 5345 707 5401 humani
723 5347 838 5417 generis
893 5346 972 5401 bone
992 5345 1120 5418 aliquem
1140 5350 1223 5416 coget
1247 5345 1281 5400 ad
1301 5345 1376 5399 male
1396 5343 1550 5415 agendum,
1576 5345 1625 5398 sed
1649 5343 1744 5414 potius

85 5436 158 5492 tibus
173 5435 320 5507 pertinens
335 5435 370 5490 ad
393 5434 544 5490 hominurn
561 5432 725 5490 civitatem:
741 5443 840 5507 posto·
894 5435 1019 5492 declaret
1030 5433 1155 5505 judicem
1173 5436 1296 5506 justum,
1312 5433 1403 5506 quiet
1426 5438 1541 5505 peccata
1556 5431 1619 5487 fieri
1641 5431 1743 5499 noluit,

168 5526 307 5591 Parnon.
334 5525 436 5591 CXXI.
1543 5529 1584 5588 32
