3930 6098
649 234 836 292 lb'lthULUS
856 235 1059 294 aestuosus.
1346 293 1349 300 ,
1673 250 1725 301 etit

85 366 167 434 odem
181 372 214 423 ut
228 367 421 424 tribulationis
437 367 547 423 occasio
569 367 649 422 lieret
672 367 819 435 Evangelii
836 370 861 423 A
876 369 966 424 animi
980 370 1069 425 virtus
1085 371 1210 428 inererat
1230 374 1329 443 libera,
1346 392 1400 431 noo
1422 377 1590 434 meticulosa
1604 379 1725 435 fantasia

86 457 174 515 rium.
199 458 425 514 animadvertite
440 463 468 512 et
485 458 650 530 diligentius
664 459 749 514 corde
765 465 822 513 tra·
879 459 1021 515 invaserat
1035 460 1136 528 curda3
1152 479 1224 533 quos
1250 464 1386 533 spiritalis
1409 465 1503 521 ferror
1528 469 1589 522 zelo
1611 469 1725 525 Domini

85 546 146 619 qnia
172 547 282 602 nuliam
311 546 348 602 uh
377 547 464 602 aliam
491 563 606 602 causam
629 548 742 618 jussum
781 551 825 602 est
879 552 1003 604 aestuana
1017 562 1043 617 t,
1059 555 1088 605 et
1101 566 1183 606 amor
1198 551 1302 608 Christi
1314 555 1388 608 ultro
1408 556 1537 627 citroque
1550 557 1724 622 discurrens,

88 634 292 701 indeclinare,
310 635 366 689 nisi
392 642 425 689 ut
456 636 567 690 occasio
594 636 745 691 secedendi
779 652 823 690 se·
878 637 961 691 fixius
975 638 1113 707 retinens,
1126 646 1155 694 et
1169 639 1290 695 viriliter
1310 643 1488 713 compluens,
1508 644 1576 698 furis
1606 646 1726 716 cogebat

85 738 132 778 um
147 723 177 778 in
202 724 341 779 universis
356 723 475 778 urbibus
503 724 587 778 tieret
602 723 692 794 regni.
709 725 824 778 Poterat
878 726 1036 796 producere
1057 728 1295 784 holocaustomati
1319 734 1422 785 tectam
1448 732 1618 788 intrinsecus
1641 734 1723 789 llam·

85 826 161 867 ierus
186 811 328 883 blagister,
361 810 385 866 si
412 818 540 866 restrum
565 811 700 883 frigidum
726 813 824 882 algore
879 829 965 869 mam.
982 816 1014 870 lit
1038 815 1104 871 licet
1131 819 1283 889 plerosque
1308 819 1470 888 persecutio
1500 837 1574 875 saera
1595 821 1723 877 incursa·

85 904 220 972 sequeret
233 900 420 965 intellectum,
446 901 540 955 dicere
556 918 564 954 :
580 900 733 955 Veritatem
756 916 823 970 sup·
877 907 930 969 ret,
945 908 1052 968 tamen,
1076 906 1153 976 quod
1174 922 1232 961 non
1247 906 1366 977 potestis
1388 921 1504 977 negare,
1528 909 1725 965 innumerabi-

85 1004 101 1056 t,
113 988 256 1060 justitiam
277 989 427 1055 occultate,
449 994 478 1043 et
499 1005 563 1060 quae
584 1005 652 1043 vera
676 992 751 1055 sunt,
774 989 824 1060 ubi
866 992 918 1046 les
932 994 1093 1049 voluntarie
1108 994 1203 1064 legitis
1218 994 1388 1050 decertasse.
1412 995 1484 1050 ltluc
1498 1012 1611 1051 summo
1637 1015 1725 1068 opere

87 1080 214 1132 vestrum
240 1077 415 1131 concusserit
435 1093 564 1141 seusam,
592 1078 678 1132 corde
712 1078 824 1132 selum-
877 1082 1077 1153 adimplentes,
1107 1084 1184 1154 qued
1213 1083 1339 1138 dicitnr:
1373 1084 1532 1139 Voluntaria
1564 1086 1725 1156 sacrificabo

85 1165 219 1232 retinete,
250 1169 282 1220 ut
317 1165 420 1220 vivatis
446 1167 526 1221 nullo
550 1169 678 1222 terrente
708 1167 821 1222 securi:
877 1171 1158 1241 tibi,ltominc(Psut.
1177 1187 1236 1240 uui,
1257 1171 1627 1245 8).dddiscitis:'lempus
1657 1191 1726 1244 per-

95 1254 174 1311 anim
195 1254 400 1326 predicatione
426 1256 587 1327 persecutio
608 1257 741 1310 universa
766 1272 824 1311 ces·
876 1259 1030 1315 secationis
1044 1276 1103 1314 non
1118 1265 1168 1315 est.
1184 1261 1246 1315 lmo
1259 1277 1312 1331 ego
1332 1261 1396 1332 plus
1421 1260 1496 1329 dicu,
1514 1267 1628 1334 tempus
1655 1279 1724 1332 apo·

85 1348 173 1399 emota
186 1344 387 1415 persecutione
402 1344 471 1415 luga
495 1361 552 1398 non
566 1344 640 1399 erit:
658 1361 691 1400 ac
704 1361 756 1415 per
769 1345 823 1400 hoc
876 1347 1017 1404 stolorum
1032 1365 1089 1402 non
1105 1354 1157 1417 est,
1179 1349 1249 1420 quia
1270 1349 1352 1419 vigor
1367 1353 1410 1403 est
1435 1349 1608 1420 apostolicus
1629 1350 1726 1405 immi·

85 1449 90 1486 1
113 1428 213 1487 11ῆ11111
234 1433 367 1504 quisquis
388 1433 543 1504 gentilibus
571 1450 628 1488 nou
643 1433 821 1500 contradicit,
878 1440 975 1504 nutus,
994 1437 1045 1508 qui
1070 1437 1209 1492 debuerat
1235 1453 1350 1507 semper
1375 1438 1405 1492 in
1428 1439 1593 1509 pastoribus
1620 1439 1726 1495 Christi

85 1537 103 1575 s
119 1537 247 1576 errorem
264 1538 321 1576 non
335 1521 460 1593 impetit,
476 1522 607 1594 quisquis
617 1522 747 1577 fraudem
764 1538 821 1578 noa
876 1525 988 1580 fervore
1011 1526 1188 1594 constantia,
1215 1532 1243 1580 et
1257 1528 1318 1580 zelo
1331 1527 1451 1597 justitie
1474 1544 1566 1599 usqne
1593 1529 1626 1583 ad
1657 1545 1724 1583 con-

98 1609 230 1682 quisqnis
250 1611 433 1682 peccantibus
457 1627 513 1666 non
530 1611 717 1679 contravenit,
743 1611 820 1683 qais·
877 1614 1097 1669 summationem
1120 1614 1216 1669 secuti
1240 1615 1371 1671 flammas
1386 1614 1526 1686 spiritales
1547 1616 1576 1670 in
1593 1617 1725 1671 adversos

85 1713 246 1753 ereseorum
260 1699 373 1753 vincula
389 1716 448 1754 non
461 1700 595 1770 disrupit.
616 1699 697 1765 Onod
722 1701 821 1755 beatus
875 1702 960 1770 ciere,
974 1705 1002 1758 et
1016 1702 1116 1758 fomite
1131 1702 1352 1757 illuminationis
1373 1719 1492 1758 accenso
1512 1703 1645 1758 tenebras
1672 1704 1725 1758 reri

85 1786 161 1842 iusin
176 1786 249 1842 libro
264 1788 399 1843 vicesimo
415 1788 508 1859 primo
537 1789 635 1843 llorali
659 1787 753 1843 lucide
773 1805 821 1844 re·
875 1808 992 1847 corusco
1020 1792 1112 1848 sidere
1147 1792 1192 1848 eoi
1217 1792 1338 1847 climatis
1370 1792 1523 1847 illustrare.
1556 1792 1662 1846 Vereor
1688 1808 1724 1846 ne

85 1874 142 1930 rtis.
169 1897 183 1925 α
200 1877 372 1948 Plerumque
387 1877 477 1942 enim,
492 1876 542 1944 ait,
559 1877 648 1949 quieti
663 1883 749 1949 atque
774 1878 821 1933 in·
875 1880 995 1936 moleste
1011 1880 1115 1948 ferant,
1131 1897 1188 1935 non
1205 1879 1385 1944 temeritatis,
1401 1880 1486 1934 utilli
1501 1880 1653 1947 aestimant,
1674 1881 1723 1934 sed

85 1963 114 2018 it
128 1964 333 2037 relinquimur,
349 1965 373 2019 si
386 1965 502 2020 obviare
524 1966 619 2037 pravis
637 1982 690 2037 pro
709 1967 822 2037 justitia
876 1968 1012 2038 veritatis,
1033 1973 1067 2024 ut
1090 1969 1223 2024 catholici
1249 1969 1383 2039 probant,
1408 1983 1589 2039 responsum,
1617 1968 1668 2039 qni
1692 1969 1721 2022 iu

85 2068 211 2119 rramus3
242 2053 291 2109 sed
311 2055 334 2108 si
363 2054 398 2108 ad
427 2061 542 2110 eternae
566 2055 820 2111 vitaedesiderium
875 2057 1031 2112 novissima
1058 2061 1187 2128 tempora
1212 2056 1361 2112 constituti
1392 2056 1556 2111 Antichristi
1589 2071 1722 2126 persecu·

85 2141 155 2213 ⁸,iam
172 2143 285 2208 exarsit,
304 2143 327 2197 si
336 2143 398 2214 jam
417 2159 515 2199 rernm
530 2145 628 2198 lorneu
650 2144 822 2199 intrinsecus
875 2146 983 2201 tionem
999 2146 1179 2217 conspiciunt
1193 2145 1275 2200 muti.
1292 2144 1426 2218 Quisquis
1438 2145 1483 2199 his
1496 2144 1624 2215 partibus
1640 2151 1722 2199 terrm

85 2269 98 2299 .‚
117 2230 142 2284 si
165 2230 195 2284 in
217 2247 247 2285 se
261 2231 408 2287 flammam
432 2232 523 2287 sancti
546 2232 667 2287 fervoris
681 2234 819 2301 accendit,
876 2234 1104 2306 persecutionem
1133 2233 1218 2289 hodie
1246 2237 1342 2305 negat,
1367 2238 1416 2289 aut
1452 2232 1597 2288 dormiens
1617 2233 1722 2304 jugum

85 2322 156 2374 itum
172 2319 251 2374 lucus
268 2320 405 2386 admittit,
422 2321 604 2393 inquantum
619 2339 706 2378 causa
720 2322 820 2393 exigit,
875 2323 1019 2379 servitutis
1031 2339 1144 2378 summo
1158 2325 1173 2366 b
1188 2323 1324 2377 socordiae
1346 2326 1452 2392 portat,
1468 2325 1517 2375 aut
1540 2322 1632 2376 elatus
1656 2338 1721 2377 cum

85 2423 172 2479 repro
185 2408 474 2480 defensiouejustitiee
484 2411 674 2482 nosmetipsos
685 2411 818 2482 objicere,
874 2412 995 2468 ethnicis
1011 2412 1081 2484 pede
1101 2412 1243 2483 superbie
1269 2411 1412 2482 subjectos
1432 2411 1538 2466 Christi
1563 2411 1721 2466 tirunculos

85 2496 157 2552 ersis
168 2497 204 2552 ad
216 2497 322 2569 injusta
336 2499 553 2569 erumpentibus
563 2500 650 2553 etiam
662 2515 727 2556 cnm
738 2500 820 2557 abeis
873 2501 973 2556 calcat.
989 2500 1124 2572 Nnnquid
1145 2516 1204 2556 non
1221 2516 1321 2554 snmus
1347 2502 1418 2570 jugo
1434 2498 1580 2553 servitutis
1603 2499 1721 2566 addicti,

85 2585 319 2642 reritnrobviare.
333 2587 820 2661 Nemeumjnstitiam,quam²nos
873 2590 1051 2660 importabili
1075 2606 1160 2644 censu
1184 2589 1304 2660 gravati,
1329 2588 1415 2643 rebus
1438 2588 1547 2656 nudati,
1574 2591 1722 2643 contume-

85 2689 112 2742 e,
131 2672 162 2728 in
180 2674 243 2729 aliis
263 2674 380 2743 feriunt,
405 2691 464 2730 non
484 2676 673 2730 nihilominus
687 2693 737 2731 sua
753 2695 821 2749 per·
875 2678 979 2732 tiorum
1002 2677 1124 2732 fascibus
1151 2676 1252 2748 pressi,
1268 2677 1298 2731 in
1321 2676 1506 2747 proverbium
1533 2678 1561 2730 et
1580 2676 1722 2731 canticum

85 2777 102 2817 e
115 2762 291 2831 confodiant,
307 2763 420 2818 etiamsi
434 2769 462 2819 et
476 2765 614 2819 honorari
630 2763 818 2822 ιι1111111111.
875 2767 958 2832 versi,
972 2771 1084 2821 tearum
1100 2765 1107 2799 ¹
1123 2765 1262 2820 universis
1277 2763 1434 2835 gentilibus
1448 2763 1538 2818 facti?
1553 2764 1596 2818 llli
1612 2764 1720 2828 dicunt,

85 2866 126 2924 go
140 2852 819 2923 virsanctuspravisacmaleagentibusseetiam
875 2872 933 2910 non
948 2871 1009 2910 esse
1032 2853 1238 2924 persecutionis
1263 2857 1399 2924 tempus:
1425 2867 1479 2923 ego
1498 2853 1723 2908 reclamantibus

85 2955 117 2994 on
134 2941 273 3011 qnaeritur
287 2941 420 3013 opponit,
436 2947 511 2996 recte
530 2943 566 2997 de
585 2959 660 3014 equo
684 2944 733 2998 [tei
749 2953 760 2980 ⁸
776 2946 823 2999 di·
842 2949 862 3003 C
878 2963 892 2999 e
907 2944 1026 3014 regione
1041 2942 1164 3014 profero,
1180 2941 1327 2996 mortifera
1347 2957 1400 2994 nos
1425 2944 1552 3012 tempora
1568 2940 1720 2997 invenisse.

85 3029 120 3086 lu
132 3043 258 3085 occursus
270 3031 366 3100 perpit
383 3036 507 3086 armatus
531 3031 588 3102 (tot
617 3048 707 3099 111111,
728 3035 818 3103 111.»
872 3034 916 3091 lili
933 3027 1066 3088 'asserunt
1096 3031 1149 3085 lios
1173 3030 1234 3085 sine
1258 3028 1355 3084 hostili
1382 3029 1543 3099 procedisse
1572 3029 1719 3101 impulso:

85 3123 216 3173 ssumest
229 3119 404 3188 apostoliset
418 3119 583 3190 apostolicis
597 3120 675 3185 viris,
693 3122 818 3177 doctori·
872 3140 926 3192 epo
942 3122 1069 3193 ipsorum
1086 3123 1263 3173 asserentum
1285 3119 1461 3190 professione
1475 3118 1608 3182 firmabo,
1624 3119 1722 3188 genti-

91 3205 329 3278 praedicaturibus
351 3206 501 3272 universis,
520 3208 698 3273 ludaeorum,
723 3210 817 3280 genti·
873 3212 934 3267 litio
953 3225 1003 3265 eos
1021 3224 1173 3280 oppressos
1190 3208 1261 3263 zelo.
1279 3207 1312 3262 lit
1333 3207 1462 3278 primum
1478 3207 1655 3261 sacerdotem
1676 3206 1720 3261 in·

86 3293 115 3349 ei
129 3293 261 3348 omniurn
287 3294 427 3349 heresum
448 3310 560 3349 errores
582 3311 647 3350 vera
662 3297 775 3353 ratione
790 3302 820 3354 et
871 3305 1005 3356 tueamur
1020 3297 1194 3366 Perfectum,
1208 3295 1355 3367 gentilicio
1369 3294 1431 3349 zelo
1448 3298 1642 3366 peremptum,
1653 3295 1721 3350 fidei

85 3381 168 3437 abari
183 3380 194 3417 ¹
209 3382 356 3454 impertire
370 3399 511 3438 sermone.
526 3383 712 3440 Certarmunt
727 3403 817 3458 usque
872 3387 1033 3445 constantia
1054 3385 1231 3452 decoratum,
1253 3383 1412 3455 martyriali
1440 3383 1531 3453 gloria
1554 3383 1720 3449 infulatum,

85 3471 268 3526 remathtetae
283 3472 443 3539 fortissimi,
459 3473 687 3543 persecutionem
701 3481 819 3546 propter
872 3483 900 3534 et
922 3493 988 3534 vere
1012 3476 1169 3531 electurum
1193 3474 1223 3528 in
1249 3489 1372 3528 numero
1388 3477 1590 3545 aggregatum
1613 3477 1642 3527 et
1664 3489 1721 3544 quo

85 3573 119 3626 n,
144 3574 231 3630 qnam
251 3564 349 3630 aperte
375 3560 577 3628 defendebant,
595 3562 705 3632 jugiter
730 3563 815 3634 passi,
871 3570 953 3639 pacto
969 3565 1004 3620 ad
1030 3563 1201 3618 occisionem
1230 3561 1341 3616 venerit
1359 3561 1508 3615 sinceriter
1531 3560 1719 3633 proferamus.

87 3645 335 3702 isuntetornati.
367 3647 503 3718 Nunqnid
526 3664 583 3703 nun
609 3656 740 3721 apertum
763 3656 816 3718 est,
871 3657 979 3727 Nempe
1006 3653 1039 3708 ad
1076 3650 1155 3706 aliud
1185 3655 1352 3723 pergentem
1380 3648 1500 3720 aliisque
1537 3650 1722 3704 saecirlaribus

85 3733 147 3789 ibas
166 3735 259 3789 lucem
284 3736 467 3790 cernentibus
492 3738 611 3804 clarum,
638 3754 694 3792 uon
721 3753 818 3808 perse·
871 3740 1005 3810 operibus
1024 3738 1233 3800 intendentem,
1258 3737 1388 3808 nihilque
1406 3736 1441 3791 de
1469 3753 1527 3808 quo
1543 3745 1654 3808 gestum
1680 3744 1724 3793 est

85 3838 144 3878 ma
165 3824 321 3895 gentitibus
344 3831 453 3893 natam,
476 3825 525 3880 sed
549 3825 817 3897 praedicationema
870 3830 1102 3899 pertractantem,
1138 3825 1393 3880 demonicolarum
1427 3825 1632 3880 assertionibus
1669 3827 1721 3881 im·

85 3911 637 3984 primitasortam‘llegitesauctorum
657 3920 816 3985 martyrum
870 3917 1011 3987 pulsatur.
1037 3917 1061 3970 Α
1085 3914 1190 3987 quibus
1220 3914 1268 3968 ille
1291 3918 1372 3968 caute
1395 3918 1423 3968 et
1442 3914 1658 3984 circumspecte,
1689 3920 1722 3970 ut

85 4016 145 4056 ram
165 4002 332 4072 passionum
347 4018 466 4072 agones,
481 4003 599 4072 agmina
615 4004 727 4059 Domini
743 4020 816 4076 prm·
869 4004 931 4059 istis
956 4004 1079 4070 ridetur,
1104 4008 1138 4057 ut
1156 4018 1223 4056 vero
1253 3999 1345 4065 mihi,
1364 3999 1562 4055 timidetidem
1590 4001 1663 4072 petit
1693 4006 1721 4056 ct

95 4090 177 4145 verbi
193 4090 289 4161 gladio
305 4091 401 4164 hostes
422 4092 537 4146 Domini
551 4091 763 4160 detruncantes,
789 4098 818 4148 et
869 4109 906 4147 ne
935 4109 969 4147 ea
992 4090 1228 4164 responsionibus
1253 4089 1380 4160 propriis
1405 4089 1594 4160 impediretur
1618 4089 1719 4159 orarit,

102 4177 236 4233 ridebitis
264 4179 370 4234 multos
391 4180 523 4234 ultronee
551 4180 726 4250 prosiluisse,
757 4197 815 4236 non
871 4180 1095 4236 dicenstllnlta
1114 4184 1196 4233 erant
1215 4177 1332 4232 mihies
1348 4177 1453 4249 quibus
1474 4177 1720 4233 abundantissime

85 4271 393 4338 interpersecutorum
407 4268 496 4337 J'ussa,
516 4285 569 4323 nec
582 4269 741 4325 delaturum
767 4271 818 4324 de·
838 4275 1003 4341 opoteram
1030 4268 1211 4339 confringere
1239 4266 1358 4332 neanias,
1387 4267 1431 4321 vel
1457 4266 1606 4322 destruere
1631 4267 1720 4321 aniles

90 4355 252 4412 furentium
263 4356 413 4425 intentata,
435 4358 483 4413 sed
514 4356 549 4411 ad
573 4358 738 4428 exemplum
762 4359 816 4414 Do·
871 4356 999 4412 historiae
1020 4355 1143 4423 fabulas,
1164 4355 1188 4409 si
1204 4360 1305 4409 vestre
1321 4353 1438 4408 ultiouis
1462 4370 1520 4408 non
1538 4370 1653 4409 vererer
1674 4356 1720 4410 ul-

85 4449 224 4514 pontanea
247 4447 364 4516 propria
389 4450 471 4517 grata
486 4446 637 4501 alterantes
668 4447 815 4514 libamina,
870 4444 935 4499 trici
950 4444 1047 4516 gladio
1060 4448 1206 4498 currentes
1231 4444 1305 4497 ultro
1327 4442 1457 4514 citroque
1473 4442 1633 4500 incurreret
1654 4460 1720 4498 sen·

85 4549 154 4606 uper
168 4534 257 4589 altare
275 4535 379 4589 Christi
404 4535 454 4589 [tei
471 4534 571 4589 eterni
596 4550 698 4589 cruore
722 4551 814 4591 sacra·
871 4532 984 4588 tentiae.
997 4532 1049 4588 Coi
1077 4547 1141 4586 cum
1156 4531 1243 4587 tidem
1259 4531 1413 4595 dedissent,
1430 4536 1460 4586 et
1482 4531 1509 4585 ei
1525 4536 1557 4586 at
1572 4548 1636 4602 quse
1664 4532 1720 4587 sibi

85 4627 230 4694 portantes
244 4622 368 4678 hostiam
382 4640 483 4695 puram
501 4640 508 4678 :
525 4626 554 4677 et
569 4624 645 4695 quud
658 4623 751 4695 magis
774 4640 818 4680 su·
870 4621 1041 4677 ridebantur
1056 4625 1222 4692 exponeret,
1234 4621 1400 4690 juramento
1425 4619 1587 4691 anteposito
1610 4621 1719 4691 impre-

86 4727 101 4766 s
120 4712 345 4783 reprehendere,
363 4713 461 4768 multis
475 4713 659 4767 contumeliis
681 4712 817 4783 presides
871 4714 984 4777 careut;
1008 4708 1057 4764 ille
1081 4713 1196 4780 accepta
1222 4708 1335 4764 dicendi
1364 4707 1480 4774 fiducia,
1504 4712 1649 4763 eteorum
1666 4725 1719 4780 pro

85 4799 156 4870 ripas
175 4800 318 4871 fatigasse.
344 4801 386 4854 llli
409 4816 495 4872 quam
512 4800 635 4855 maxime
662 4802 712 4873 qui
735 4806 817 4856 erant
873 4815 938 4853 vero
951 4798 1118 4869 juramento
1133 4813 1249 4852 sumens
1265 4796 1423 4862 mendacia,
1438 4800 1503 4867 post
1518 4797 1609 4872 multa
1627 4801 1656 4851 et
1669 4813 1718 4851 ra·

85 4889 162 4944 mine
176 4889 276 4960 primi,
290 4894 318 4944 et
342 4889 454 4945 fiduciae
469 4888 545 4945 bono
567 4890 692 4958 muniti;
712 4890 817 4961 quihus
869 4887 914 4942 ria
926 4887 1143 4942 contentionum
1158 4885 1325 4953 certamina,
1345 4886 1495 4958 prophete
1512 4900 1612 4940 eorum
1637 4884 1717 4940 rolu-

85 5049 124 5113 tu,
140 5044 228 5100 idest
243 5046 348 5101 obtuto.
870 5044 988 5117 gnificat
1010 5044 1085 5117 apud
1103 5042 1260 5116 Congium3
1286 5043 1365 5116 quod
1392 5059 1466 5099 verre
1491 5041 1594 5098 nititur
1614 5042 1716 5112 proba·

84 5116 113 5171 rd
130 5116 227 5188 Creg,
248 5117 299 5171 lib.
327 5118 526 5185 1101111111
551 5120 620 5185 .23,
651 5117 814 5173 inconcussi.
870 5117 954 5172 tioni.

85 5190 108 5242 st
122 5201 206 5257 quum
217 5187 247 5241 ia
263 5204 335 5255 ms.;
354 5192 445 5243 exstat
470 5133 547 5260 apag
576 5189 745 5260 Gregorium
768 5189 816 5244 nbi
904 5199 921 5301 lq
939 5188 1002 5312 bh·
1018 5190 1122 5312 esuriunt.

958 5274 973 5312 e
997 5299 1003 5310 .
1053 5273 1124 5312 mu.

85 5327 113 5383 id
132 5327 219 5400 Greg.
236 5327 276 5384 ibi
295 5330 452 5386 :oenum
906 5327 912 5362 ¹
935 5274 999 5398 Lag.
1022 5273 1170 5395 1111112111,
1195 5327 1224 5382 id
1249 5330 1290 5381 est
1315 5325 1520 5395 spectaculum,
1544 5324 1626 5394 juxta
1644 5324 1716 5382 illud

85 5398 140 5465 ,de
154 5415 184 5454 eo
197 5400 280 5470 quod.
868 5399 998 5471 Apostoli
1012 5398 1026 5453 1
1042 5399 1108 5455 Cor.
1128 5415 1154 5453 11
1172 5416 1179 5454 :
1194 5397 1382 5469 Spectaculum
1395 5396 1467 5461 sacti
1480 5410 1583 5463 sumus,
1599 5400 1652 5452 etc.

85 5475 110 5524 te
122 5470 273 5542 probabili,
291 5470 367 5544 quud
386 5476 490 5527 rectum
508 5475 537 5526 et
566 5471 749 5541 approbatum
777 5471 816 5526 si·
908 5471 915 5514 t
940 5471 1051 5537 lds.,‘ea
1066 5485 1154 5539 qua...
1171 5484 1261 5524 umere
1274 5468 1405 5523 uttroci...
1422 5468 1537 5523 incurri.
