3930 6098
116 207 171 272 bil
658 211 912 270 warnanssnnrr
930 209 1143 271 pabulensls
1160 208 1322 270 honneur

116 356 178 409 Dies
196 355 231 408 22
258 352 328 408 llnic
350 356 379 408 et
401 350 583 406 Anastasinm
608 349 699 405 virtus
722 350 872 422 conjungit
898 350 1004 422 opi-h
1230 353 1276 407 sii.
1300 352 1333 406 In
1352 352 1443 408 Scotia
1465 349 1585 419 Bripida
1607 351 1761 422 ciminia«

205 533 238 585 23
259 531 324 583 Post
339 526 550 583 Emerentianre
567 526 679 582 docimo
695 527 758 582 laus
777 439 964 582 emiciinilss
1017 531 1080 584 Dies
1116 530 1133 583 2
1159 441 1479 593 Quarcttriniurli'onarnm
1516 527 1624 598 templo
1660 527 1758 583 illatus

205 706 240 759 24
258 706 339 762 Nono
367 705 536 776 martyrium
567 704 672 760 Babilre
698 704 846 775 virtusque
877 615 965 759 ciri?-
1159 705 1220 770 Quo
1236 705 1373 759 lustrante
1388 704 1446 759 Deo
1461 703 1557 759 rivum
1571 703 1652 775 plebs
1666 615 1762 761 cremii

894 810 906 846 s
956 835 962 847 .

295 884 330 937 nt
346 883 487 949 Timothei,
504 881 635 951 discipuli
651 882 729 937 Pauli
743 792 892 952 Apostoli.[
908 797 954 847 cat
1160 883 1251 938 blente
1275 881 1324 953 pla
1348 881 1432 947 locat,
1457 884 1605 952 acceptum
1628 881 1761 954 sternitqr

205 975 238 1026 25
258 970 362 1027 Octavo
387 986 422 1024 ex
442 969 527 1025 Saulo
543 979 556 1005 ⁵
580 985 751 1025 conversum
775 969 867 1040 gloria
890 972 964 1025 Pan·
1751 969 1762 1042 [

868 1058 939 1130 [lum
957 1074 963 1113 :
1124 1063 1140 1116 3
1158 1058 1256 1114 Tarnis
1271 1063 1301 1112 et
1312 1056 1400 1113 Nauis
1416 1057 1552 1128 Lupicino
1566 1056 1639 1113 iestn
1650 1063 1761 1114 sacrant

260 1148 478 1219 Projectumque
517 1162 601 1202 suum
636 1146 783 1202 celebrans
820 1149 965 1202 Arvernus
1162 1148 1267 1220 llisque
1278 1163 1379 1201 cruore
1394 1146 1441 1217 pio
1456 1146 1603 1202 Celerinus
1617 1163 1683 1201 cnm
1698 1148 1761 1204 Cels

821 1235 963 1307 [adornat.
1162 1237 1255 1291 linitet
1269 1235 1407 1306 lgnalius,
1425 1236 1673 1306 Laurentinusqne
1688 1235 1761 1291 besil

206 1330 241 1381 26
261 1325 390 1397 Septima
413 1341 536 1396 moxque
564 1324 624 1379 dies
651 1324 801 1396 Polycarpi
825 1324 965 1395 sangnine
1124 1326 1231 1380 lTum
1252 1324 1345 1394 pridie
1376 1325 1470 1378 Nonas
1498 1321 1650 1394 aquilinus
1676 1324 1761 1380 vindic

260 1504 388 1576 Snryrnae
408 1518 493 1574 quem
510 1518 576 1556 vern
592 1501 736 1556 celebrant
751 1517 804 1572 pro
821 1412 966 1573 regillis,
1160 1501 1342 1573 Antiatesqne
1367 1501 1439 1556 nitet
1462 1501 1575 1555 Phileas
1599 1518 1663 1556 cnm
1689 1503 1761 1558 rbih

832 1590 962 1662 [mmm-
1198 1611 1233 1664 Bt
1256 1610 1348 1662 natale
1370 1613 1524 1664 sacratorum
1553 1611 1756 1680 Forosenproni,

207 1683 240 1735 27
260 1681 368 1735 Punica
395 1685 472 1734 terra
497 1695 581 1732 sunm
613 1685 691 1734 sexto
720 1683 874 1733 veneratur
900 1651 1005 1734 tvi·B
1231 1700 1276 1763 up,
1307 1697 1410 1763 Gerasi,
1442 1699 1552 1765 pappi,
1582 1699 1694 1759 pomp·
1722 1697 1761 1769 ΑΒ

840 1766 912 1838 [ῑῑῑω
927 1770 940 1811 ¹³
956 1784 963 1822 ἲ
1232 1787 1296 1840 item
1310 1784 1422 1852 Donati,
1439 1787 1581 1840 Timothei.

259 1856 414 1928 3⁰¹Pi⁰i¹¹⁸’
444 1855 559 1910 Bfflldss
589 1860 617 1909 ‘t
645 1855 965 2000 Aldessundssvgffiqut‘
1126 1891 1296 1947 isiceaniae
1324 1892 1445 1963 populos
1472 1891 1560 1946 Nonis
1585 1891 1638 1946 sibi
1665 1891 1761 1947 subdit

296 2033 432 2090 Coehstini
445 2037 471 2087 et
488 2033 626 2087 Victuriae.
823 1944 832 2016 [
904 1961 963 2000 ⁸¹1·

206 2125 240 2177 ‘28
259 2122 396 2186 Quintum
425 2122 580 2192 progenies
608 2120 737 2176 Romanu
766 2124 862 2192 Agnes
889 2122 966 2179 dicat

261 2298 342 2370 ltux,
356 2298 443 2353 decus
459 2297 547 2366 orbis,
569 2313 649 2352 emor
670 2298 783 2370 patria,
802 2211 964 2372 lastigii:

799 2389 962 2462 [popusqw
1124 2374 1141 2425 o
1160 2371 1256 2426 Idibus
1271 2371 1383 2427 octonis
1397 2376 1504 2442 martyr
1519 2374 1660 2427 borotbca
1674 2389 1761 2428 corus

259 2473 376 2532 Excelsa
392 2474 507 2545 imperii
522 2479 607 2546 capnt
623 2477 760 2530 exaltatus
773 2476 891 2544 honore,
1195 2475 1332 2546 Spracu'sa
1361 2479 1491 2543 ciuitate,
1521 2481 1612 2547 passio
1642 2484 1744 2536 sanctor

259 2564 331 2617 Tum
364 2563 482 2618 Carolus
514 2563 642 2634 migrans
677 2564 819 2620 Ludovico
853 2572 963 2638 sceptra
1230 2568 1357 2635 uirpinis.
1392 2567 1505 2633 Romae,
1538 2570 1584 2621 oia
1614 2568 1733 2637 Appia,

811 2653 962 2726 [reliquit]
1230 2656 1349 2712 sotheris
1382 2657 1508 2724 virpinis.
1542 2655 1582 2710 Et
1612 2656 1746 2726 depositio

207 2741 240 2793 tt)
259 2739 366 2803 Quarto
390 2741 560 2812 martyrium
584 2740 678 2812 Papiae
704 2740 852 2813 Maurique
875 2745 962 2799 relnl-
1230 2744 1362 2799 Amandi

879 2832 960 2904 lgm:
1123 2839 1139 2889 7
1159 2834 1270 2905 bugnle
1284 2833 1411 2904 septenis
1427 2834 1591 2889 ⁶'mnndum
1607 2834 1750 2889 vincendo

258 2917 328 2971 Tum
338 2932 452 2989 qnoque
462 2916 574 2971 Valerio
583 2916 692 2972 Treviri
701 2933 753 2989 pro
763 2920 885 2990 praesule
896 2938 963 2991 gau·
981 2949 1001 3005 c

870 3009 960 3080 [dent.
1159 3010 1242 3081 (Tum
1265 3027 1382 3082 qrroqne
1405 3026 1454 3065 rer
1473 3011 1582 3066 clarum
1607 3010 1716 3082 primos
1736 3027 1762 3067 er

206 3094 239 3148 ³0
257 3094 408 3165 lentiaque
433 3093 618 3167 Hippolytum
648 3093 836 3152 Antiochense
862 3113 962 3168 perso·
1704 3098 1747 3170 [in

809 3185 869 3257 [nat
885 3187 959 3243 urbi.
1192 3187 1227 3242 Et
1250 3192 1404 3242 sanctornm
1427 3189 1583 3256 Amnionis,
1605 3188 1740 3258 stacioni,

204 3274 233 3327 :tl
256 3271 411 3327 Saturnine
440 3275 523 3325 tuum
551 3271 712 3343 egregium,
742 3272 874 3346 Tirciqne
903 3281 961 3330 tro·
1226 3277 1295 3330 nini.

842 3361 960 3433 [paeum,
1121 3367 1138 3420 8
1156 3363 1244 3420 Senes
1261 3363 1412 3436 Dionysius
1426 3370 1519 3432 ornat,
1536 3368 1565 3420 et
1578 3365 1759 3425 AEmilianns.

257 3448 433 3519 Victorisque
455 3446 541 3502 simul
564 3447 627 3502 iani
650 3448 823 3504 determinat
848 3452 958 3507 orbem.
1192 3456 1227 3508 Et
1241 3461 1393 3508 sanctorum
1411 3454 1492 3508 Pauli
1504 3455 1624 3524 episcopi
1636 3460 1661 3509 et
1678 3455 1762 3512 Tirsi.

328 3538 430 3593 Getaeii
451 3539 477 3591 et
503 3537 605 3592 Ursini.
631 3537 662 3591 ln
680 3537 865 3607 Alexandria,
887 3543 958 3596 Zoti-
1120 3545 1136 3596 9
1155 3541 1254 3606 Quinis
1279 3546 1419 3598 Amonem
1442 3542 1455 3584 d
1480 3542 1610 3597 recolunt
1631 3543 1681 3614 pia
1705 3549 1761 3600 voti

361 3628 397 3693 oi,
421 3626 559 3694 Ammoni,
579 3625 690 3694 Cirioci,
714 3627 830 3695 Gemini,
850 3633 875 3683 et
895 3644 960 3700 pos·

360 3715 401 3768 sio
434 3718 588 3770 sarectornm
621 3715 754 3770 Gallicini
785 3721 811 3772 et
841 3717 959 3775 aliorum
1190 3721 1383 3787 Alexandria,
1412 3721 1510 3785 Ponti,
1538 3723 1663 3791 ltionpsii
1690 3727 1716 3778 et
1746 3745 1761 3778 e

361 3802 515 3872 qaindecim
550 3802 729 3858 sacerdotum.
767 3806 799 3860 ln
838 3806 956 3877 Africa,
1225 3812 1278 3866 nis.

363 3893 480 3947 Victoris
496 3895 522 3946 et
535 3892 687 3963 Polpcarpi,
1103 3901 1136 3955 ro
1154 3897 1268 3966 Sether,
1288 3898 1425 3964 Irenoeus,
1448 3902 1476 3953 et
1499 3897 1649 3955 Scolastlca
1677 3899 1760 3973 virgo

420 4033 649 4090 FEBRUARIUS·
1153 4072 1274 4144 Egregia
1311 4073 1420 4144 pariter
1455 4073 1623 4130 meritorum
1660 3988 1758 4130 laudi

253 4158 334 4213 Nunc
356 4157 443 4211 etiam
467 4156 570 4211 Februi
592 4161 722 4213 texemus
745 4159 870 4216 carmine
890 4178 956 4218 cur·
1755 4163 1761 4235 [

868 4249 995 4329 [sunan
1187 4249 1224 4304 In
1244 4249 1358 4304 Nioiato
1377 4250 1550 4317 monasterio,
1573 4255 1674 4305 sancta
1697 4251 1761 4307 (iere

253 4335 380 4405 Quaque
400 4334 474 4389 terat
496 4333 604 4404 pariter
622 4334 760 4390 festorum
783 4337 866 4409 signa
894 4339 954 4394 die·
1221 4335 1348 4401 vircinis.
1365 4336 1404 4390 Et
1417 4339 1506 4391 sancti
1519 4338 1628 4393 Siluani
1642 4340 1761 4409 episcopi

198 4408 208 4434 ⁶
868 4426 954 4498 [rum.
1100 4425 1126 4477 lt
1151 4424 1251 4478 Ternls
1265 4424 1332 4478 hinc
1348 4424 1509 4479 Desiderius
1525 4426 1663 4495 Lugdnna
1677 4442 1761 4482 coron

110 4515 172 4570 llice
210 4516 221 4568 l
250 4511 366 4584 Brigida
388 4511 468 4584 virgo
492 4516 605 4582 potens,
632 4512 755 4569 Februas
781 4514 836 4569 sibi
861 4516 957 4586 prima
1150 4512 1262 4580 Moenia,
1294 4512 1437 4568 Partemio
1466 4518 1495 4568 et
1524 4514 1657 4571 Calocero
1686 4514 1761 4570 Rom

801 4602 955 4674 [Kalendas
1743 4604 1761 4676 [l

250 4689 399 4745 Scotorum
415 4691 503 4745 sancit
520 4689 593 4744 miro
606 4689 747 4745 celebrata
760 4691 865 4748 farore.
1185 4689 1219 4744 In
1247 4691 1367 4756 Africa,
1400 4692 1533 4758 Victoris,
1560 4693 1706 4759 tannarii,
1739 4695 1761 4751 V

284 4780 322 4833 In
348 4781 465 4834 Graecia.
491 4784 647 4834 sanctorum
673 4780 829 4849 Polycarpi,
855 4781 953 4836 Dioni-
1219 4781 1313 4845 zotici,
1330 4780 1448 4848 cyriaci.

1162 2069 1286 2140 Virginis
1298 2069 1403 2124 eximio
1419 2068 1509 2123 virtus
1522 2070 1662 2125 celebrata
1676 2071 1761 2126 decor

1195 2179 1227 2232 ln
1250 2177 1367 2243 Oriente,
1392 2178 1491 2231 Patras
1514 2179 1635 2247 ciuitate,
1652 2178 1761 2233 ordinat

1229 2271 1354 2334 scopatns
1369 2267 1458 2319 sancti
1471 2265 1586 2320 Andreae
1601 2268 1726 2336 apostoli.

142 4932 156 4958 ⁸
172 4926 272 4981 Octauo
296 4937 330 4976 oc
355 4922 449 4978 Scato.
475 4920 589 4989 Optima
611 4920 760 4992 utriusque
782 4920 888 4977 codicis
912 4923 952 4976 le·
1007 4921 1072 4976 dem
1097 4919 1203 4975 codicis
1225 4921 1423 4975 auctoritatem
1444 4921 1545 4988 secuti,
1565 4937 1677 4976 versum
1698 4921 1761 4979 hun

106 4994 178 5060 ctio;
193 4994 310 5049 fallebat
331 4993 407 5064 quod
424 4994 507 5046 antea
525 4991 675 5063 legabatur
689 5007 723 5046 em
742 4993 829 5047 saecto.
850 4992 951 5049 Statim
1006 4991 1100 5045 dimus
1115 4996 1181 5045 ante
1198 4990 1280 5045 illum
1296 4993 1362 5045 llam
1377 5006 1490 5061 qnoque,
1509 4992 1558 5063 qui
1576 4992 1603 5046 in
1619 4993 1710 5062 priori
1727 4996 1761 5050 ed

106 5065 194 5121 iidem
224 5064 317 5129 codd,
349 5063 508 5132 Projectum,
537 5063 654 5126 habent,
682 5063 731 5116 ubi
757 5063 836 5134 prior
862 5064 951 5120 editio
1006 5063 1132 5132 priorem
1160 5062 1254 5116 lecum
1278 5062 1453 5117 obtinebat:
1480 5078 1512 5116 ac
1533 5078 1569 5118 ne
1600 5065 1628 5117 id
1654 5064 1716 5118 sine
1743 5081 1761 5119 r.

106 5137 285 5205 PraeJ'ectum:
302 5134 330 5188 in
348 5134 435 5202 Regio
451 5134 537 5186 eliam
554 5139 597 5187 cst
611 5134 753 5188 Arvernis.
1005 5133 1112 5187 lactum
1129 5131 1282 5199 existimes,
1306 5134 1377 5187 scire
1396 5137 1425 5186 te
1443 5135 1576 5188 volumus
1589 5133 1618 5188 in
1635 5134 1761 5190 eodem<

140 5210 154 5251 b
183 5210 331 5262 Veneratnr
357 5207 479 5259 Auitum.
508 5205 568 5258 b'on
599 5203 841 5259 contemnendum
873 5204 949 5275 qnod
1005 5209 1071 5274 post
1087 5210 1185 5258 notam
1202 5204 1360 5275 prosaicam
1384 5204 1441 5258 diei
1464 5204 1602 5275 scriplum
1625 5220 1686 5259 esse
1712 5222 1720 5261 :
1746 5206 1761 5263 S

105 5276 135 5331 in
162 5276 251 5348 Regio
280 5276 343 5331 cod.
378 5273 515 5344 scriptum
546 5278 599 5340 est,
627 5281 772 5328 cernatur
798 5275 949 5345 Adjntnmr
1005 5286 1130 5329 ereneus.
1560 5309 1561 5312 η

105 5363 169 5401 cunr
185 5353 286 5402 auctor
299 5346 361 5417 ipse
384 5345 529 5399 monuerit
544 5361 574 5398 se
589 5345 773 5399 metricnrnm
790 5345 886 5418 legum
902 5361 951 5400 ra·
1039 5345 1163 5415 donnus
1179 5346 1320 5400 Amonem.
1336 5344 1382 5400 Sic
1404 5346 1465 5401 cod.
1487 5347 1557 5416 Reg.
1579 5345 1662 5401 Prior
1680 5346 1761 5402 edit..

104 5417 212 5472 tionem
236 5417 344 5489 ubique
366 5432 424 5470 non
450 5414 596 5469 babuisse.
625 5415 733 5470 Cretera
756 5432 821 5487 qun
842 5416 950 5472 leviora
1003 5431 1115 5471 monem.
1145 5417 1181 5488 Ex
1208 5417 1309 5471 andem
1337 5415 1400 5470 cod.
1430 5417 1505 5471 intra
1531 5419 1657 5472 Barchon
1683 5418 1761 5491 scrip

104 5492 180 5550 sunt,
196 5505 247 5542 cnr
259 5488 305 5542 bic
319 5485 438 5542 exscribi
453 5485 577 5540 debeant
590 5501 648 5539 non
665 5485 756 5540 video.
1003 5487 1053 5541 ubi
1073 5486 1221 5557 legabatur
1236 5488 1383 5546 Barcinon:
1408 5504 1474 5541 nem
1497 5493 1530 5541 nt
1553 5490 1614 5543 baec
1636 5488 1723 5544 lectio
1750 5506 1761 5545 r

139 5558 272 5627 ‘inputa
291 5559 418 5627 septenis.
440 5556 473 5610 ln
491 5555 588 5611 codice
612 5556 702 5629 Regio
727 5558 844 5625 inputo.
869 5557 948 5628 Ejus·
1004 5563 1055 5626 est,
1071 5559 1111 5611 sic
1125 5557 1175 5611 illa
1191 5558 1315 5611 auctoris
1330 5562 1413 5612 retnis
1429 5558 1570 5614 usitatior.
