3930 6098
84 264 134 318 aas
181 290 197 307 ·
864 267 1052 330 errsroaa.
1469 239 1470 243 Ν
1783 279 1835 334 aas

86 399 216 455 rentibus
237 400 330 455 crede.
356 400 525 470 superbiam
551 417 645 455 meam
670 407 698 457 et
717 401 863 474 rapinam,
882 419 932 458 seu
950 405 973 461 Δ
989 409 1154 474 tractantes,
1171 412 1200 462 et
1214 408 1390 479 quianullus
1402 409 1430 463 ei
1445 413 1559 480 poterat
1574 411 1607 465 ad
1621 411 1835 469 terminandum

83 487 248 544 insolentiae
262 489 361 557 vitam,
380 504 455 559 pene
470 488 548 542 robis
562 489 689 560 amplius
708 506 795 561 quam
812 491 876 546 aliis
892 495 936 546 est
989 494 1128 549 obsistere
1143 500 1318 567 reputantes.
1336 497 1388 551 Cui
1408 513 1474 552 eum
1493 497 1665 568 petitionem
1685 500 1755 571 ipsis
1775 501 1835 557 die·

86 582 115 633 ut
145 577 254 633 extimo
284 581 391 633 notam.
424 578 459 633 Et
489 593 611 650 quaeque
642 577 677 633 ab
710 578 822 634 ineunti
851 584 935 635 aetate
988 581 1042 638 bus
1060 584 1240 655 agritudinis
1260 600 1340 652 meae,
1357 585 1461 656 quibus
1477 585 1660 642 invisendum
1683 604 1729 643 ma
1748 606 1835 646 vane·

85 681 176 737 usque
192 665 223 720 in
241 667 297 721 boe
313 670 429 737 tempus
442 671 554 737 gestum
571 671 623 735 est,
640 672 673 722 ut
689 683 763 735 reor,
781 684 840 723 nan
855 668 934 724 vobis
989 676 1042 738 rat,
1057 689 1108 743 pro
1127 673 1180 728 hoc
1195 673 1328 740 facerem,
1348 678 1377 727 et
1396 688 1518 745 quaeque
1534 674 1732 731 desiderabam
1747 695 1834 750 expo·

84 754 222 821 celatum,
236 754 285 808 sed
301 757 401 810 notum
424 759 475 809 est.
496 755 530 809 lit
545 759 621 810 certe
640 756 771 826 petulum
794 763 891 811 menet
906 761 935 812 et
989 776 1088 815 nerem
1103 761 1224 833 implere
1239 761 1372 833 promisit
1388 777 1395 815 :
1411 766 1440 816 et
1461 762 1514 815 boc
1535 762 1596 818 sine
1619 764 1785 822 dillicultete
1798 768 1835 824 ad

85 842 234 913 cognitum
256 842 355 898 multis
378 858 424 898 me
445 842 554 915 laqueis
574 842 732 911 inretitum,
753 844 934 916 millenisque
989 849 1120 903 effectum
1136 851 1293 921 perducere
1309 849 1389 905 dixit.
1413 849 1464 905 Cui
1478 867 1530 904 uos
1544 850 1694 908 confestim
1710 854 1782 910 nihil
1798 856 1835 911 de

84 931 167 986 malis
183 930 347 1003 bucusque
363 930 518 987 addietum.
535 933 568 986 lit
586 931 759 1003 plerumque
779 933 935 989 adversitas
988 954 1046 1008 quo
1075 944 1173 1009 postea
1201 944 1313 1010 gestum
1344 942 1387 992 est
1419 938 1605 1008 suspicantes,
1640 941 1834 998 venditionem

85 1025 250 1090 temporum
270 1020 358 1075 etiam
372 1019 619 1090 patientissimum
640 1037 657 1074 a
679 1020 798 1076 leuitate
818 1021 935 1078 divertit
987 1026 1118 1092 fecimus,
1143 1032 1169 1082 et
1193 1043 1244 1098 per
1270 1032 1356 1081 testes
1385 1027 1573 1095 firmavimus,
1606 1033 1637 1082 ut
1656 1029 1834 1100 ingressione

83 1109 113 1163 in
128 1109 209 1163 aliud
228 1109 369 1164 animum.
387 1109 452 1178 Sed,
466 1110 586 1179 juvante
606 1110 830 1179 praesentissimo
845 1115 874 1166 el
889 1113 933 1166 al·
987 1114 1078 1186 ipsius
1099 1116 1168 1170 alios
1187 1116 1400 1182 seduceremus,
1422 1120 1451 1169 et
1474 1115 1557 1170 nobis
1578 1132 1630 1187 per
1652 1132 1718 1171 eum
1741 1123 1834 1174 totum

82 1198 198 1252 tissime
219 1203 356 1267 creatore,
380 1214 479 1253 omues
499 1199 681 1254 adversantes
699 1199 771 1253 mibi
794 1199 933 1255 amicissi·
986 1205 1145 1259 terminum
1162 1205 1380 1275 applicaremus.
1404 1204 1459 1259 Sed
1484 1204 1532 1258 ille
1554 1204 1585 1258 in
1609 1206 1835 1263 vacanietatibus

83 1302 147 1341 mos
172 1286 228 1342 feei
255 1303 263 1342 :
293 1291 322 1341 et
342 1286 524 1358 quibusdam
552 1287 678 1358 pacificis
706 1288 824 1342 nexibus
851 1294 933 1344 utens
986 1289 1153 1361 impeditus,
1178 1292 1212 1346 de
1235 1308 1292 1363 quio
1314 1292 1407 1346 luerat
1426 1295 1538 1362 gestum
1560 1306 1619 1346 non
1638 1292 1833 1362 satisanxius,

83 1375 203 1430 solertia
223 1375 324 1445 animi,
348 1391 437 1430 manu
460 1376 620 1431 dilectionis
641 1376 799 1430 contrarios
822 1378 927 1448 ample·
986 1380 1073 1450 coepit
1094 1380 1233 1435 oblivioni
1256 1385 1368 1435 nostras
1391 1380 1503 1434 tradere
1526 1396 1635 1448 causas,
1662 1387 1691 1435 et
1714 1382 1834 1454 inques

82 1464 157 1531 xavi,
188 1464 351 1520 bumilitate
382 1465 486 1520 liniens
516 1470 545 1519 et
575 1464 724 1519 allectione
754 1465 931 1522 demulcens.
985 1468 1057 1523 nibil
1073 1468 1206 1535 habebat,
1223 1485 1274 1523 nec
1290 1469 1417 1535 dederat,
1433 1479 1606 1539 postponere
1621 1486 1714 1525 cures.
1729 1473 1834 1527 Etcre-

82 1553 189 1607 Verum
208 1553 345 1624 iniquitas
362 1569 437 1622 mee,
462 1557 490 1609 et
509 1553 683 1625 ignorantiae
703 1553 862 1625 juventutis
885 1555 932 1609 de·
984 1557 1088 1611 barunt
1102 1558 1221 1628 rapinae,
1236 1562 1265 1612 et
1279 1557 1429 1628 privilegia
1442 1558 1650 1628 Romanorum,
1665 1560 1715 1631 qui
1730 1561 1833 1615 trausi-

80 1642 193 1705 lictum,
216 1642 293 1719 juste
318 1647 416 1697 contra
440 1658 486 1697 nie
512 1658 627 1713 semper
653 1643 729 1697 levat
753 1642 929 1698 calcaneum.
949 1645 1086 1741 1³lientes
1097 1645 1202 1699 limites
1212 1661 1347 1717 agrorum
1359 1646 1710 1711 nostrorum,universum
1722 1647 1834 1703 minita-

82 1730 152 1785 Inde
176 1736 206 1785 et
228 1730 260 1785 in
282 1730 459 1786 eontrarium
482 1731 575 1800 surgit
598 1731 741 1802 quidquid
763 1730 930 1789 inchoatum
985 1733 1055 1789 bant
1069 1735 1203 1789 invadere
1218 1736 1322 1789 locum.
1338 1736 1395 1788 Nos
1409 1739 1506 1788 autom
1515 1735 1577 1804 jam
1593 1736 1665 1790 mnu
1677 1736 1716 1790 rbi
1728 1736 1833 1792 babere

82 1819 168 1873 aliter
188 1818 253 1873 luit.
275 1819 346 1874 lt'am
367 1822 438 1874 teste
460 1820 527 1886 Deo,
549 1835 634 1890 quem
650 1817 830 1873 conscientia
847 1837 929 1887 meae,
985 1823 1170 1893 putabamur,
1197 1828 1226 1878 et
1251 1823 1298 1877 ille
1326 1823 1376 1894 qui
1404 1823 1647 1893 comparationem
1675 1825 1689 1867 d
1715 1824 1830 1892 lecerat,

80 1906 142 1961 imo
168 1911 197 1962 et
219 1907 305 1978 hujus
326 1907 454 1977 epistolae
478 1907 668 1963 discussorem
692 1913 837 1977 exspecto,
863 1909 931 1980 quia
985 1910 1130 1965 vindicare
1149 1911 1313 1964 invasiones
1329 1910 1450 1965 volebat.
1473 1912 1504 1964 ln
1519 1911 1569 1964 tali
1585 1909 1717 1964 conflictu
1736 1911 1830 1979 positi,

81 1995 225 2067 quidquid
240 1995 412 2051 blanichanrs
432 1996 508 2050 Felix
529 2005 552 2064 ⁸,
578 1994 719 2067 quidquid
740 1997 886 2052 confessor
905 2001 928 2067 t,
984 1998 1161 2071 paenitudine
1189 1998 1293 2067 allecti,
1323 1998 1439 2052 contriti
1470 1998 1640 2069 lugebamus
1668 2000 1697 2052 et
1726 1999 1830 2053 maesti.

80 2085 224 2150 lulianus,
240 2083 340 2139 crebra
361 2084 439 2139 vobis
457 2090 485 2140 et
502 2085 668 2157 importuna
683 2086 867 2155 suggessione
883 2104 929 2141 as·
984 2087 1049 2141 Post
1064 2102 1176 2141 menses
1191 2103 1239 2141 sex
1254 2092 1304 2140 eut
1318 2086 1443 2157 amplius
1459 2087 1521 2156 ipse
1535 2086 1669 2158 princeps
1686 2101 1736 2156 per
1752 2101 1781 2138 se
1796 2084 1832 2139 ad

82 2177 194 2239 serunt,
209 2177 238 2227 et
250 2177 349 2227 contra
368 2189 414 2227 me
433 2173 569 2229 falsidicis
590 2172 822 2244 oppositionibus
845 2175 929 2247 inge·
985 2191 1030 2229 me
1044 2175 1122 2230 venit
1136 2180 1164 2230 et
1182 2175 1347 2245 postulavit,
1365 2180 1397 2228 ut
1412 2175 1490 2246 quod
1506 2174 1588 2246 quasi
1604 2180 1830 2244 comparaverat,

82 2267 161 2330 runt,
188 2278 248 2316 nan
273 2266 338 2316 voto
367 2262 474 2317 mentis
501 2263 614 2331 accidit,
646 2266 694 2320 sed
719 2263 838 2320 fortuito
862 2281 930 2320 casu
984 2264 1080 2319 verius
1094 2269 1212 2319 emeret.
1229 2265 1262 2318 lu
1276 2264 1379 2336 primis
1392 2268 1465 2319 teste
1480 2265 1538 2319 Deo
1553 2262 1647 2323 renui.
1664 2267 1693 2317 et
1705 2262 1832 2316 haeredi-

81 2350 190 2405 evenit.
208 2350 287 2414 Quod
303 2350 378 2405 idem
402 2351 552 2422 religiosus
571 2353 684 2409 verifice
705 2353 795 2421 novit,
819 2358 847 2408 et
869 2354 929 2408 eal·
983 2358 1072 2409 tatem
1092 2369 1187 2409 meam
1210 2370 1245 2408 ne
1270 2354 1450 2408 traducerem
1474 2352 1573 2407 multis
1597 2351 1832 2423 suggessionibus

80 2445 145 2494 cate
173 2440 346 2495 conscientia
376 2441 504 2511 propria,
534 2446 602 2497 nota
630 2442 798 2509 contemnit,
829 2443 930 2514 ignota
984 2442 1143 2513 deprecavi.
1166 2442 1219 2497 Sed
1242 2443 1276 2496 ad
1293 2443 1370 2513 quod
1390 2441 1438 2495 ille
1463 2441 1632 2495 baneticium
1653 2454 1736 2494 suum
1760 2438 1832 2493 mibi

81 2544 152 2583 vero
167 2528 299 2596 adstruit,
316 2533 344 2583 et
357 2528 494 2583 defendit.
984 2531 1127 2602 opposuit,
1149 2537 1178 2586 et
1196 2531 1302 2602 quiesi
1323 2534 1461 2586 donatum
1476 2539 1497 2596 ⁰,
1516 2529 1587 2584 illud
1609 2544 1686 2584 ame
1702 2527 1829 2595 haberet,

116 2621 143 2672 3.
167 2617 202 2672 Et
222 2622 255 2672 ut
268 2617 415 2688 paulisper
429 2618 556 2688 seposita
570 2619 682 2675 ratione
703 2619 840 2674 narrandi
857 2636 927 2691 qua·
983 2620 1056 2676 nibil
1076 2625 1149 2675 esset
1171 2636 1224 2690 pro
1244 2620 1330 2674 tantis
1354 2617 1374 2684 s,
1399 2619 1515 2691 quaein
1539 2634 1591 2672 nos
1613 2618 1727 2684 lecerat,
1753 2632 1830 2671 asse·

78 2705 148 2759 liter
174 2710 271 2759 actum
299 2711 351 2772 est,
377 2722 441 2776 quae
469 2706 578 2761 adverti
603 2708 754 2774 debentur,
782 2708 927 2779 ingeram;
983 2710 1050 2763 ruit.
1080 2708 1136 2764 Sed
1159 2708 1208 2763 ubi
1230 2709 1261 2764 in
1285 2726 1331 2763 me
1357 2725 1485 2763 reversus
1510 2707 1716 2770 venditionem,
1743 2720 1831 2776 quam

77 2799 159 2847 certe
174 2793 434 2865 anteaegritudiuis
450 2810 521 2849 meae
535 2794 728 2866 dispendium,
746 2804 774 2851 et
788 2796 929 2867 poeniten·
984 2798 1011 2853 ai
1033 2797 1093 2868 jam
1118 2798 1252 2867 feceram,
1277 2797 1408 2869 cogitavi,
1434 2803 1462 2852 el
1487 2800 1656 2866 potestatem
1678 2795 1741 2866 ejus
1765 2810 1830 2848 cum

75 2881 125 2936 tiae
152 2898 241 2953 quam
264 2882 294 2937 in
319 2882 420 2937 ultime
443 2884 612 2939 necessitate
635 2884 732 2956 accepi
756 2885 927 2952 remedium,
984 2884 1131 2940 debilitate
1159 2901 1225 2940 mea
1254 2886 1381 2957 pensavi,
1411 2885 1488 2939 illico
1522 2885 1660 2938 assentire
1689 2883 1828 2955 disposui,

77 2970 181 3024 multis
196 2970 280 3025 donis
295 2970 451 3042 multisque
470 2973 557 3026 rebus
576 2977 706 3026 sanctum
724 2973 807 3027 illum
826 2989 930 3027 mona·
949 2969 1052 3044 Cquia
1068 2974 1145 3029 aliud
1163 2989 1249 3044 agere
1273 2974 1392 3028 minime
1414 2973 1502 3043 potui.
1529 2973 1584 3027 Sed
1606 2972 1764 3026 terminum
1784 2986 1829 3024 ec-

76 3057 202 3112 sterium
223 3057 312 3113 ditavi
329 3059 434 3114 locum.
459 3059 493 3113 Et
516 3061 593 3132 quod
614 3062 729 3132 genitor
753 3077 834 3116 meus
858 3062 929 3117 divae
983 3062 1088 3127 clasiae,
1105 3077 1191 3132 quem
1209 3076 1269 3116 non
1292 3061 1406 3131 genitor
1425 3076 1515 3125 meus,
1533 3060 1580 3114 sed
1598 3074 1652 3129 ego
1681 3058 1828 3124 dederam,

76 3146 239 3214 memoriae,
258 3163 310 3201 uec
329 3153 394 3202 ante
414 3164 460 3202 me
480 3165 515 3202 ex
530 3149 621 3203 nostri
641 3150 747 3205 lecerat
769 3151 854 3219 ullus,
875 3166 929 3221 ego
982 3149 1131 3204 indicavi:
1156 3153 1185 3203 et
1204 3149 1236 3203 in
1253 3148 1466 3220 comparatione
1481 3149 1544 3218 ejus
1558 3145 1747 3218 presentibus
1762 3147 1829 3200 sub·

77 3240 241 3306 spontanea
278 3241 373 3291 mente
410 3236 597 3307 impleveram
633 3238 722 3292 solus.
756 3239 838 3303 Quod
867 3239 928 3310 ipse
985 3238 1175 3293 scribentibus
1187 3237 1349 3302 terminavi,
1364 3244 1393 3291 et
1407 3238 1582 3291 confessores
1594 3236 1671 3305 ipsos
1681 3234 1829 3289 multoties

75 3325 227 3378 incusator
245 3339 351 3396 negare
372 3341 430 3379 non
449 3327 534 3392 valet,
559 3331 588 3380 et
608 3326 643 3382 de
663 3344 721 3399 quo
745 3327 839 3382 omnis
861 3327 928 3383 vici·
983 3327 1192 3394 commendavi,
1209 3333 1237 3382 et
1253 3331 1393 3399 quantum
1413 3326 1489 3380 valui
1513 3342 1565 3395 pro
1587 3325 1650 3396 ipso
1673 3324 1735 3378 luco
1761 3339 1828 3395 sug‹

77 3412 155 3466 nitas
168 3412 366 3467 testimonium
383 3414 499 3469 babent.
518 3415 550 3468 Et
561 3430 638 3468 nune
653 3415 769 3485 quando
785 3414 928 3485 poenitcn·
983 3432 1082 3489 gerere
1107 3432 1165 3471 non
1189 3415 1307 3470 cessavi.
1331 3416 1436 3469 Verum
1460 3414 1563 3469 delicto
1587 3428 1650 3467 meo
1675 3416 1704 3466 et
1725 3411 1828 3466 merito

76 3501 127 3555 ties
144 3501 189 3556 lex
206 3501 402 3556 miserrimum
419 3502 531 3571 curbat,
546 3510 576 3557 et
590 3503 721 3558 debilitas
737 3503 798 3575 jam
810 3506 928 3576 jamque
982 3505 1106 3560 multum
1123 3504 1199 3559 olido
1214 3518 1229 3559 a
1243 3504 1407 3565 infestante,
1424 3503 1507 3557 aliter
1521 3507 1615 3556 actum
1629 3504 1829 3572 estquampu·

77 3590 255 3645 moriturum
278 3590 415 3656 incurrat,
437 3593 557 3662 januam
582 3591 654 3646 mibi
681 3593 746 3647 vitae
773 3593 929 3663 praeelude·
982 3593 1049 3647 tavi.
1066 3593 1212 3658 Quantum
1227 3591 1319 3645 voluit
1338 3596 1365 3644 et
1385 3590 1501 3661 quando
1521 3589 1621 3655 voluit,
1638 3593 1666 3643 et
1686 3588 1830 3659 quomodo

76 3694 151 3745 mm,
168 3682 197 3733 at
210 3679 242 3733 in
261 3685 344 3735 antro
359 3679 488 3735 barathri
507 3680 587 3752 lapsu
605 3680 746 3752 praeeipili
762 3683 928 3738 currerem?
980 3681 1082 3741 valuit,
1100 3680 1187 3735 dedit.

76 3768 133 3824 Sed
148 3768 276 3840 qualiter
294 3773 400 3836 aetum,
418 3786 534 3841 quoque
549 3769 689 3841 dispositu
707 3770 792 3825 exstit
806 3786 927 3841 usurpa·
1017 3772 1042 3823 5.
1068 3769 1142 3832 Quid
1163 3784 1241 3822 nunc
1263 3767 1407 3837 agendum
1427 3771 1479 3833 est,
1499 3764 1678 3819 serenissime
1693 3763 1830 3820 domine?

76 3861 142 3911 tum
167 3861 239 3912 teste
264 3858 321 3912 Deo
342 3861 371 3912 et
388 3858 579 3930 presentibus
600 3860 812 3915 accusatoribus
831 3859 899 3930 proi
914 3888 927 3899 ·
983 3857 1039 3911 Nec
1059 3855 1233 3924 possibilitas
1252 3856 1281 3909 in
1297 3855 1381 3909 nobis
1400 3860 1441 3909 est
1461 3852 1621 3917 resistendi,
1637 3868 1690 3906 nac
1711 3852 1830 3906 facultas

74 3947 287 4016 templanum.
982 3942 1130 4008 reddendi,
1150 3958 1203 3997 nec
1220 3943 1397 3998 abundantia
1413 3940 1581 3997 redimendi.
1603 3941 1683 3995 Teste
1701 3940 1768 4006 lieo,
1784 3939 1828 3992 in-

112 4037 140 4090 l.
158 4033 244 4089 Volui
262 4032 428 4090 universum
451 4035 532 4090 illum
557 4035 652 4090 locum
677 4036 750 4090 mibi
774 4035 927 4103 redimere,
983 4033 1120 4100 gemisco,
1143 4031 1237 4102 rugio,
1257 4036 1284 4086 et
1302 4032 1421 4103 deploro
1440 4030 1516 4101 quod
1531 4029 1649 4097 accidit,
1664 4029 1712 4083 sed
1728 4043 1828 4082 sanare

76 4127 108 4177 et
119 4121 355 4193 inquietudinem
370 4123 567 4178 Romanorum
578 4123 721 4194 ”fugiens
734 4123 828 4194 ipsum
841 4140 928 4195 quem
982 4127 1010 4176 et
1024 4120 1147 4175 solidare
1162 4135 1273 4192 nequeo
1294 4120 1371 4191 quod
1393 4119 1498 4173 evenit.
1515 4118 1627 4172 Vicibus
1644 4117 1671 4171 ei
1687 4115 1827 4187 suggessi,

76 4211 172 4266 nostis
185 4210 349 4282 principem
366 4211 455 4265 malui
469 4210 627 4282 inquirere.
640 4213 719 4266 laste
730 4227 929 4283 namquecon-
982 4209 1214 4265 stabundantius
1229 4209 1377 4279 hpretium
1394 4209 1482 4261 multo
1500 4223 1586 4278 quam
1598 4205 1677 4260 dedit
1688 4204 1826 4276 promisi:

76 4300 170 4354 lassor
183 4298 306 4366 dixerat,
322 4298 391 4370 quia
403 4298 445 4353 illi
461 4298 511 4370 qui
528 4316 545 4353 a
563 4300 693 4369 genitore
710 4317 774 4354 meo
793 4302 834 4354 vel
850 4317 867 4354 a
882 4317 928 4356 me
947 4267 969 4322 υ
983 4300 1033 4354 sed
1048 4314 1204 4369 suspensus
1219 4298 1356 4352 hactenus
1370 4296 1473 4351 mansi.
1495 4295 1651 4364 culpamur
1675 4294 1711 4348 ab
1734 4293 1828 4347 omui·
1928 4309 1930 4314 ·

75 4393 176 4460 empta
191 4388 339 4444 habebant
356 4387 479 4443 vendere
499 4388 661 4460 cupiebant,
687 4392 715 4442 et
740 4404 798 4443 una
821 4389 929 4460 pariter
983 4388 1036 4443 bus
1050 4393 1079 4442 et
1092 4387 1258 4441 incusamur
1276 4403 1282 4440 :
1299 4386 1346 4440 sed
1363 4385 1554 4454 nosmetipsos
1568 4383 1622 4452 ipsi
1640 4381 1763 4453 amplius
1778 4381 1830 4436 de·

75 4493 145 4532 cum
160 4492 195 4531 eo
209 4476 344 4547 praevisio
360 4475 468 4531 exstitit
487 4482 596 4542 nostra,
616 4481 649 4531 nt
672 4481 884 4548 argumentose,
901 4482 930 4532 et
983 4480 1129 4531 testamns.
1151 4476 1183 4528 Et
1202 4475 1268 4529 licet
1280 4475 1362 4545 juxta
1382 4474 1531 4528 doctorum
1551 4476 1717 4526 nostrorum
1739 4485 1828 4524 vene-

75 4581 139 4620 non
156 4580 224 4620 vere
239 4565 336 4637 ipsum
354 4565 516 4636 principem
535 4566 725 4634 mitteremus,
749 4571 777 4621 et
795 4582 928 4637 pereum
982 4565 1073 4619 rande
1103 4563 1218 4619 oracula
1248 4563 1278 4617 in
1311 4562 1445 4616 omnibus
1473 4559 1565 4615 causis
1593 4575 1651 4615 uon
1677 4575 1829 4630 processus

75 4658 181 4710 nostra
192 4653 276 4708 nobis
292 4669 543 4726 congregaremus,
558 4654 698 4710 honoram
713 4656 775 4726 ejus
790 4659 819 4709 et
832 4656 928 4711 locum
983 4652 1088 4725 operis,
1108 4652 1157 4707 sed
1175 4651 1306 4706 voluutas
1321 4650 1471 4720 operandi,
1489 4649 1525 4703 sit
1538 4648 1688 4716 intuenda,
1704 4664 1757 4703 nee
1770 4652 1827 4703 ste-

113 4821 128 4848 ⁸
142 4813 206 4877 Hs..
220 4813 360 4868 Manueus
373 4814 454 4880 felia.
982 4812 1075 4866 dentat
1089 4826 1117 4866 se
1131 4810 1279 4866 intitulata
1296 4811 1419 4865 llonana
1426 4825 1482 4935 qur
1498 4811 1526 4864 la
1545 4810 1652 4878 lengun,
1668 4824 1685 4863 a
1704 4809 1829 4876 diseren-

113 4885 128 4927 Β
144 4884 185 4938 De
198 4882 369 4938 confessoris
383 4900 452 4939 voce
469 4883 533 4939 vide
547 4883 620 4939 inira
636 4884 719 4955 epist.
738 4887 780 4953 ta,
797 4900 825 4939 n.
844 4887 869 4938 l.
982 4885 1026 4938 cia
1040 4883 1072 4937 de
1087 4884 1115 4938 la
1129 4883 1251 4937 Francia
1265 4881 1409 4936 orientale
1449 4884 1581 4935 satanica.
1601 4883 1703 4935 Veansa
1722 4880 1760 4933 los
1776 4893 1827 4932 au·

114 4953 298 5018 ‘Floreziua
320 4953 352 5008 in
367 4955 593 5026 Prolegomenis,
617 4955 651 5009 de
675 4957 727 5010 hac
748 4971 816 5010 voce
841 4972 847 5009 :
872 4955 928 5009 Al·
982 4958 1051 5009 taras
1072 4954 1175 5009 ntador
1194 4968 1227 5006 an
1245 4952 1269 5006 el
1286 4953 1412 5006 Glosario
1432 4951 1465 5006 da
1484 4952 1583 5020 Gange.
1608 4952 1639 5008 V.
1663 4950 1827 5014 Salaciae

75 5025 155 5080 drale
173 5040 206 5080 en
224 5026 249 5080 el
269 5024 317 5079 lib.
338 5042 359 5094 1,
380 5041 441 5096 cap.
463 5028 490 5089 o,
513 5027 637 5082 calendio
661 5032 716 5082 asto
737 5027 847 5081 nombre
870 5025 927 5081 lle-
981 5040 1013 5079 en
1028 5026 1098 5094 Pagi
1111 5023 1187 5079 sobre
1201 5024 1225 5077 el
1239 5038 1291 5078 ana
1305 5023 1338 5078 de
1352 5024 1413 5090 888,
1429 5038 1504 5077 nnn.
1521 5024 1547 5075 5.

76 5110 234 5150 manorum
257 5096 291 5151 da
310 5099 457 5166 Espanoles
477 5097 675 5152 descendientes
696 5097 729 5151 de
747 5100 889 5164 Romanos,
910 5113 928 5151 e
1015 5096 1232 5164 dOamparatio,
1250 5094 1278 5149 id
1295 5099 1337 5149 est
1351 5093 1469 5165 emptio.

75 5167 231 5234 diserencia
249 5167 283 5221 de
304 5168 343 5222 los
365 5167 598 5250 quaudeseendian
622 5169 655 5223 dc
677 5169 715 5223 los
739 5168 836 5225 dedas.
862 5170 928 5223 Pero
1016 5167 1104 5272 ἕω,
1120 5165 1252 5219 dentiam.

73 5238 208 5364 pm:
221 5239 492 5376 &stowam
504 5244 927 5380 ⁰J“2,J‘';f,⁸0,{{1⁸{30⁰ss,s{,⁵5,“3⁰0
1017 5238 1277 5374 glsshpqrcoetqqttqd'
1304 5305 1438 5360 nonnulli
1467 5305 1572 5371 alitum,
1594 5300 1638 5357 vel
1665 5302 1749 5358 alidan
1776 5318 1828 5374 pro

74 5396 138 5434 mex
159 5381 258 5441 Βναυο,
281 5379 408 5435 diciendo
431 5396 482 5449 qae
505 5396 571 5436 nan
593 5383 729 5436 militares
751 5382 784 5436 de
802 5383 926 5443 Francia,
981 5382 1095 5448 antiqua
1110 5379 1298 5433 deduxerunt.

75 5453 119 5506 tos
139 5451 234 5520 quales
250 5450 364 5506 cneban
382 5466 414 5504 en
431 5453 545 5507 sevicie
564 5453 608 5507 del
625 5455 680 5522 lien
702 5452 734 5507 de
755 5451 887 5520 Cardaba,
908 5467 927 5520 a
1016 5451 1109 5518 ulls,
1124 5449 1360 5504 abundantiorem.

72 5537 104 5577 ae
133 5521 273 5578 maedan
297 5523 430 5578 noman
450 5536 503 5592 por
526 5527 628 5594 quanto
654 5524 682 5578 la
709 5523 830 5580 menna
857 5525 927 5579 acci·
