3930 6098
107 189 158 243 tle
792 183 917 240 alvtltt
935 182 1177 241 CORDUBENSIS

10 376 12 380 ,
110 333 193 385 ιιιιιιι;
207 316 340 372 homines
366 331 424 370 non
449 317 579 370 recusat:
594 318 623 369 et
650 318 729 369 estne
748 314 852 386 aliquis
875 318 954 370 tanta
972 318 996 370 Α
1011 321 1097 381 verte,
1113 318 1156 371 vel
1177 316 1362 388 blasphemiae
1386 317 1469 373 nobis
1493 332 1662 388 responsum
1682 317 1778 372 redde.
1802 318 1862 372 Erit

109 405 307 461 tabeinllatus
339 401 491 474 superbire,
521 402 571 474 qui
591 417 726 457 conservo
756 419 808 456 suo
833 408 957 475 nequeat

109 495 285 549 verbaliter⁸
307 493 506 564 respondere?
534 492 563 547 Si
587 491 617 546 iu
634 495 731 564 aliquo
754 493 912 547 ollensione
927 509 957 547 es

109 599 218 654 passus,
230 580 672 651 curnecipsrunepistolariteree
680 582 870 650 prosecutus?
882 582 958 636 blun-

75 734 81 745 *
109 671 178 741 quid
193 670 271 724 deest
285 669 337 722 tibi
350 668 496 722 rhetorum
506 667 748 734 facetafacundia,
770 674 819 723 aut
833 669 957 724 dialecti-

108 773 205 812 corum
213 755 552 828 quamegonovispiueta
562 761 691 810 contorta
701 758 715 809 ‘l
726 757 777 811 Ubi
789 761 831 811 est
840 757 956 811 liberale

107 845 178 900 illud
193 846 342 916 ingenium
354 845 437 916 quasi
450 851 547 899 tecum
571 845 755 914 congenitum
773 845 958 899 litterarum?

33 999 34 1005 ἵ
108 934 279 989 Exciderunt
298 933 350 988 tibi
364 933 603 1003 philosophorum
621 939 774 1004 praecepta,
790 939 845 987 eta
860 939 957 989 mente

108 1023 205 1094 elapsa
219 1028 261 1077 est
273 1028 315 1078 tot
333 1027 471 1093 tantaque
486 1023 589 1076 artium
618 1039 682 1094 qnae
696 1028 723 1077 te
740 1023 861 1077 excoluit
876 1023 957 1079 disei-

1805 184 1860 238 ιιι)

1013 405 1082 459 mihi
1105 406 1215 477 grande
1239 406 1383 473 solatium,
1409 407 1431 460 sl
1456 407 1496 461 vel
1514 405 1580 460 irati
1604 405 1694 460 animi
1714 405 1860 461 redditum

1011 492 1097 548 luerit
1112 494 1291 565 rescriptum.
1302 494 1374 565 Opto
1389 510 1441 565 per
1455 500 1483 550 te
1496 494 1628 549 decorem
1644 494 1747 548 domus
1757 500 1860 548 vestrae

1011 583 1145 649 salutare,
1162 589 1189 637 et
1212 583 1446 653 glossomitarum
1468 584 1562 650 illum,
1591 584 1633 637 vel
1651 581 1861 654 eprimeridesf

1011 670 1134 726 directos
1158 671 1273 726 habere.
1302 674 1415 727 Patrem
1439 677 1567 727 nostrum
1593 688 1778 727 communem
1808 672 1859 726 do·

1012 775 1091 814 mum
1111 761 1277 815 etoaunem
1299 761 1415 817 salutari
1434 767 1578 831 exspecto,
1599 776 1772 832 omnemque
1789 776 1859 831 cog·

1010 848 1157 904 nationem
1170 854 1297 904 nostram
1312 852 1326 893 b
1340 849 1399 904 vice
1410 854 1507 904 nostra
1522 850 1659 904 osculato.

1409 971 1454 1025 lll.

1046 1092 1144 1131 ruerem
1158 1093 1282 1132 aerarum
1296 1093 1408 1132 Joaums
1427 1093 1567 1131 suanenses
1588 1093 1694 1131 ravano
1709 1092 1824 1131 ureacra

108 1113 198 1183 plina,
214 1116 247 1165 ιιι
266 1127 318 1165 uec
337 1110 427 1164 iratus
442 1109 515 1164 forte
527 1112 622 1165 valeas
637 1116 805 1181 conceptum
822 1111 956 1167 intrinse-

108 1216 157 1254 cus
183 1199 306 1269 levigare
334 1199 488 1253 lurorem‘l
514 1201 571 1253 Αιιι
602 1199 734 1254 manibus
761 1203 811 1253 aut
836 1199 956 1269 pedibus
1046 1200 1161 1253 Aurelio
1189 1199 1425 1266 Flammamano
1450 1200 1621 1270 inlustrique
1643 1200 1715 1266 viro,
1744 1199 1860 1254 minimi

107 1287 356 1343 contradicendum
370 1293 414 1341 est
428 1286 556 1341 inimico.
572 1287 601 1342 Si
617 1293 649 1342 ut
668 1289 792 1342 amicum
815 1303 862 1343 me
876 1289 955 1357 colis,
1009 1288 1125 1342 lusurus
1140 1289 1299 1359 suggessio.

108 1377 182 1431 mala
198 1379 311 1430 aureab
333 1376 426 1429 mitte.
443 1377 471 1431 si
497 1376 691 1430 adversarium
716 1376 830 1446 probas,
859 1377 956 1432 stricto
1048 1379 1072 1429 l.
1089 1376 1111 1431 0
1127 1393 1230 1446 magne
1245 1378 1370 1446 domine,
1392 1384 1421 1432 et
1442 1378 1614 1450 sapientium
1639 1378 1799 1431 multorum
1817 1394 1861 1431 sa·

107 1482 153 1520 me
170 1472 234 1536 pete
250 1480 396 1518 mucrone.
418 1464 489 1520 Nam
511 1480 574 1518 eece
596 1465 648 1519 ubi
664 1481 750 1519 manu
766 1465 833 1519 lorti
848 1473 875 1519 et
889 1467 955 1520 totis
1010 1463 1199 1534 pientissimo,
1226 1482 1288 1520 sera
1314 1472 1356 1520 es‘.
1380 1466 1539 1538 responsio,
1557 1472 1585 1520 et
1606 1465 1684 1520 tarde
1700 1465 1770 1519 mihi
1786 1481 1860 1519 con-

107 1555 215 1608 vicibus
236 1558 353 1607 contram
383 1552 480 1621 infigo.
504 1556 559 1607 aut
585 1553 614 1606 in
641 1553 806 1607 defensione
826 1569 1088 1651 praeparchessa
1117 1554 1292 1608 rescribendi
1316 1555 1407 1625 optio,
1441 1555 1508 1626 quia
1537 1554 1680 1624 'piaculis
1713 1554 1787 1606 meis
1816 1553 1860 1607 iu·

107 1643 250 1714 clypeum,
267 1647 316 1695 arrt
330 1641 415 1695 terris
435 1642 598 1695 membrum
616 1641 707 1711 dejice
724 1643 905 1697 semivivum.
923 1645 956 1699 Ει
1011 1643 1181 1711 gruentibus
1211 1643 1367 1697 insurrexit
1392 1643 1518 1697 nlilictie.
1550 1643 1629 1696 Nunc
1655 1648 1763 1706 autem,
1788 1641 1860 1695 etsi

107 1733 147 1786 sic
161 1737 211 1785 aut
224 1737 340 1803 captum
356 1730 475 1785 medicis
490 1730 562 1784 dabo
577 1731 748 1799 curandum,
762 1736 812 1784 aut
825 1731 955 1786 iunctum
1009 1735 1124 1784 centum
1140 1731 1273 1796 tristitiis,
1291 1735 1405 1786 centum
1421 1732 1497 1785 cirris
1516 1732 1638 1796 attritus,
1661 1735 1727 1801 post
1740 1731 1859 1800 longum

107 1820 203 1874 telluri
219 1820 337 1873 reddam
353 1819 543 1873 humandum.
566 1819 646 1883 Quod
664 1819 687 1872 si
707 1834 757 1873 nec
773 1819 823 1872 tali
838 1821 955 1874 vnlnere
1009 1817 1080 1872 serie
1093 1823 1206 1890 tempus
1220 1820 1297 1873 vetra
1311 1820 1347 1875 ab
1367 1820 1521 1889 improviso
1536 1819 1657 1889 soporis,
1677 1822 1710 1872 ut
1724 1818 1764 1871 ita
1777 1819 1857 1872 dixe·

106 1908 218 1963 saucius
234 1922 435 1977 expergescere
451 1906 586 1973 volueris,
603 1907 853 1978 etPithagorieum
873 1909 955 1963 silen·
1009 1906 1074 1974 rim,
1092 1907 1245 1976 gravedine
1271 1909 1433 1974 suscitatus,
1455 1908 1618 1978 dependere
1633 1908 1762 1962 desidero
1779 1909 1858 1961 salu-

105 1997 178 2051 tium
192 1997 315 2066 amplius
335 1993 472 2061 tenueris,
501 2010 553 2047 nec
578 1999 701 2064 acoepto
726 1995 896 2065 propositoe
913 2011 955 2050 re·
1008 1995 1126 2049 talionis
1146 1995 1328 2066 obsequium,
1354 2001 1382 2051 et
1396 1997 1490 2051 cordis
1506 2002 1534 2050 et
1548 1997 1674 2067 corporis
1688 1996 1860 2050 humiliatus

106 2085 207 2140 cedere
223 2082 357 2151 volueris,
381 2083 442 2153 jam
466 2088 493 2137 tc
518 2083 714 2137 insensibilem
739 2083 831 2137 dicam
853 2085 954 2138 metal·
1009 2100 1177 2138 assensum:
1208 2085 1369 2155 imprecans
1389 2085 1585 2139 serenitatem
1614 2090 1672 2139 tnae
1698 2084 1858 2139 dulcedinis

106 2173 239 2243 lom,qui
260 2187 312 2225 nec
327 2171 445 2224 vulnera
460 2169 557 2226 inficta
571 2167 584 2206 ‘¹
600 2172 698 2239 sentis,
715 2187 766 2225 nee
782 2172 954 2242 palpationis
1009 2172 1191 2242 sapientiam,
1211 2179 1244 2227 ut
1267 2174 1441 2244 peculiarem
1463 2174 1598 2238 amicum,
1623 2189 1708 2245 quem
1740 2189 1798 2226 non
1825 2188 1857 2226 ex

106 2267 183 2315 tactu
198 2260 349 2315 mollescis.
1009 2261 1141 2330 dapibus,
1155 2278 1248 2332 neque
1264 2278 1297 2316 ex
1311 2262 1517 2333 temporalibus
1545 2262 1631 2316 rebus
1655 2261 1780 2316 habuisti
1807 2276 1856 2314 su·

141 2352 168 2403 2.
193 2349 328 2404 Reddunt
353 2352 504 2403 montuosa
528 2349 646 2402 vallium
669 2364 802 2415 concava,
827 2354 855 2403 ct
874 2366 953 2404 saxo·
1008 2356 1137 2420 saeptum
1164 2366 1383 2422 usquequaque,
1407 2356 1435 2405 et
1461 2367 1551 2421 usque
1581 2351 1611 2405 iu
1640 2350 1728 2404 finem
1751 2350 1857 2403 habere

106 2453 171 2491 rum
187 2442 281 2490 erecta
292 2436 454 2506 pinnacula,
473 2450 572 2489 rocem
588 2435 618 2489 in
634 2451 663 2489 se
679 2438 807 2490 llexuoso
824 2437 954 2508 margine
1006 2437 1106 2508 jubeas
1122 2439 1364 2493 commendatum.
1383 2441 1453 2494 Nam
1470 2455 1523 2510 ego
1547 2438 1611 2510 (scit
1629 2439 1677 2492 ille
1700 2437 1857 2509 qui'cordis

106 2525 204 2591 missa,
225 2529 254 2578 et
270 2525 331 2578 sine
357 2530 450 2577 mente
465 2539 504 2577 ass
528 2523 655 2578 tinniens
670 2531 681 2558 ⁰
694 2525 743 2580 dat
757 2525 862 2579 mirum
877 2525 953 2579 auri·
1009 2527 1066 2581 mei
1092 2543 1197 2580 areana
1221 2528 1377 2597 cognoscit,
1394 2533 1422 2582 et
1445 2532 1547 2582 cuncta
1572 2528 1651 2598 prius
1670 2542 1757 2598 quam
1786 2527 1857 2580 liant

106 2613 161 2667 bus
186 2611 353 2666 delectabile
382 2627 504 2666 sonum:
529 2612 568 2666 sic
598 2613 683 2667 inlisa
706 2613 854 2668 arboribus
879 2613 954 2667 ascia
1006 2615 1105 2682 novit),
1130 2616 1322 2686 grauidolore
1346 2617 1512 2681 discrucior,
1528 2616 1605 2687 quod
1629 2616 1766 2670 demenso
1787 2620 1857 2668 tem·

107 2700 156 2756 dat
170 2717 266 2755 rocem
288 2701 403 2772 qualern
433 2700 474 2755 illi
501 2700 579 2755 dedit
603 2702 953 2773 natn1·a,etplerumque
1007 2718 1077 2774 pore
1092 2707 1151 2757 tam
1167 2705 1288 2774 prolixo,
1305 2706 1349 2760 rel
1375 2706 1461 2761 modo
1486 2722 1544 2760 non
1561 2721 1672 2759 mereor
1693 2703 1792 2758 videre
1808 2718 1856 2757 ve·

106 2788 231 2843 calculus
260 2788 361 2842 inlisus
386 2787 473 2859 lapidi
503 2804 567 2843 cum
584 2788 651 2858 igne
679 2789 767 2842 mittit
786 2789 952 2843 clamorem.
1008 2793 1317 2862 strumjucnndumet
1341 2792 1538 2847 delectabilem
1553 2793 1676 2857 vultum,
1705 2795 1737 2844 ut
1761 2790 1855 2844 vohis·

107 2877 239 2949 Nihilque
256 2882 385 2931 creatum
407 2877 524 2943 exstitit,
549 2877 625 2949 quod
638 2878 720 2947 juxta
740 2877 794 2930 sibl
815 2877 952 2931 traditum
1008 2896 1072 2936 crim
1090 2882 1198 2953 pariter
1212 2898 1315 2936 arcana
1329 2882 1387 2936 mei
1403 2881 1495 2936 cordis
1516 2881 1697 2948 trutinarem,
1718 2885 1748 2933 et
1762 2879 1855 2933 tristi-

105 2966 245 3032 ordinem‚
276 2967 367 3021 Duum
395 2980 452 3019 non
478 2981 528 3019 sua
559 2964 759 3036 prosecutione
789 2963 951 3019 conlaudet.
973 2938 1062 3023 ctias
1076 2970 1131 3023 alle
1156 2968 1285 3023 conditas
1315 2984 1346 3022 ex
1375 2967 1475 3022 vestris
1499 2967 1646 3022 mellilluis
1668 2964 1802 3020 allatibns
1826 2965 1856 3018 in

106 3055 233 3111 Garruloe
249 3054 395 3109 dulcificos
417 3058 548 3125 pangunt
563 3058 679 3126 gutture
703 3054 801 3109 melos.
826 3053 953 3118 Quadru-
1007 3057 1136 3111 letitiam
1151 3061 1356 3111 converterem.
1378 3058 1447 3110 Nam
1460 3071 1524 3127 ego,
1541 3054 1671 3110 Christus
1684 3052 1774 3118 novit,
1791 3057 1857 3107 ante

105 3144 192 3215 pedes
208 3144 281 3197 rictu
297 3160 348 3197 suo
372 3143 539 3215 barrituque
567 3143 685 3212 infirmi,
710 3148 738 3199 et
764 3143 896 3198 distinete
921 3158 953 3197 ac
1008 3150 1117 3217 septem
1131 3145 1320 3200 hebdomadas
1334 3143 1471 3198 monades
1485 3162 1493 3205 ι
1508 3143 1653 3198 serenitati
1674 3146 1778 3197 vestre
1798 3141 1855 3194 dis-

104 3231 182 3286 rarie
193 3231 335 3303 lingosum
346 3231 473 3301 palatum
486 3230 648 3304 infringunt
662 3231 810 3302 eloquium
823 3246 829 3286 :
844 3237 874 3286 ct
888 3231 953 3287 licet
1007 3249 1157 3306 posueram
1180 3233 1345 3300 rescribere,
1371 3233 1395 3285 si
1419 3232 1649 3286 circumvallatus
1668 3229 1856 3284 multitudine

104 3336 163 3375 uon
179 3319 393 3390 intelligibilem
411 3319 504 3381 uobis,
525 3321 579 3373 sibi
590 3325 687 3374 tamen
702 3326 870 3375 consuetum
886 3320 952 3373 red·
1006 3323 1114 3394 peccati
1128 3338 1185 3376 non
1204 3322 1332 3384 fuissem,
1348 3326 1376 3374 et
1401 3321 1598 3392 squalidarum
1623 3319 1854 3391 negotiationum

105 3408 178 3462 dunt
192 3408 330 3462 officium.
348 3407 476 3463 llubetet
487 3407 632 3462 suasibila
645 3423 771 3479 serpeus,
793 3412 822 3463 et
837 3413 953 3478 reptans
1007 3425 1053 3464 me
1068 3410 1162 3481 ipsum
1181 3425 1239 3464 non
1251 3407 1461 3480 propinassem.
1479 3407 1532 3462 Sed
1549 3411 1576 3461 et
1589 3407 1658 3460 alias
1674 3405 1788 3459 nullum
1813 3408 1855 3458 ta·

105 3496 135 3550 in
149 3496 263 3567 gurgite
293 3495 376 3566 piscis
393 3495 550 3561 stridendo,
574 3511 691 3566 aequora
709 3501 794 3550 secat.
826 3496 954 3551 ldurmur
1006 3498 1242 3569 lampertitorem
1252 3496 1369 3568 nequivi
1381 3496 1593 3566 inuenire;per
1605 3510 1691 3566 quern
1704 3493 1857 3548 confestim

107 3583 208 3638 undosi
223 3583 310 3637 maris
324 3598 376 3653 per
389 3589 491 3653 stagna
506 3585 669 3638 saltuositer
678 3584 806 3654 {ridendo
826 3599 952 3654 congau-
1008 3586 1107 3658 gloria
1123 3590 1225 3640 vestrae
1240 3584 1384 3657 potuerim
1402 3584 1570 3640 describere.

105 3670 172 3724 det:
188 3673 216 3723 et
228 3669 268 3723 nil
280 3669 309 3723 in
325 3670 434 3724 mundo
448 3675 576 3724 creatum
591 3670 679 3737 venit,
703 3670 782 3741 quod
798 3685 857 3725 non
872 3675 952 3724 motu
1042 3676 1068 3728 ι.
1089 3675 1238 3729 Postremo
1256 3672 1369 3728 volente
1385 3688 1430 3727 me
1449 3672 1569 3727 minimo
1583 3671 1749 3725 subvectum
1777 3669 1857 3723 nari·

106 3774 157 3813 suo
174 3757 317 3825 allectum,
331 3763 361 3813 ut
376 3756 418 3812 illi
444 3758 576 3812 sortitum
600 3763 652 3826 est,
676 3757 820 3826 qualitatis
836 3756 951 3813 enodet.
1008 3761 1066 3833 gio,
1087 3761 1236 3833 tranquilli
1264 3760 1368 3816 littoris
1394 3760 1566 3831 instringere
1581 3761 1604 3824 a,
1632 3763 1660 3812 aa
1685 3753 1857 3828 parvislde

105 3847 186 3903 Solus
210 3851 240 3902 tu
266 3847 400 3903 inventus
416 3863 446 3902 es
474 3847 505 3902 in
532 3847 610 3900 omni
635 3846 703 3901 orbe
719 3845 900 3901 rationabilis
925 3848 954 3900 ct
1008 3850 1174 3905 Latinorum
1187 3849 1295 3919 stagnis
1312 3849 1461 3919 pisciculos
1485 3846 1630 3918 legeram
1648 3845 1750 3911 altum,
1766 3844 1856 3899 subli-

104 3936 224 3991 immitis
236 3953 243 3991 :
253 3936 303 4007 qui
317 3952 369 3990 nee
379 3951 444 3990 eum
459 3935 678 3990 rationabilibus
688 3934 881 3989 sententiatim
892 3949 954 3988 ver·
1007 3938 1136 3994 misslme
1151 3937 1277 4004 domine,
1294 3937 1388 3992 laxare
1403 3937 1465 3990 vela
1481 3935 1639 4006 compellis,
1652 3935 1753 3989 relicto
1769 3948 1856 4004 opere

104 4026 141 4081 ba
160 4025 312 4097 producis;
330 4040 381 4080 nec
396 4040 462 4078 curu
481 4024 592 4078 ratione
605 4023 768 4078 carentibus
784 4023 952 4095 mugitando
1007 4025 1085 4097 quod
1111 4025 1232 4080 minimo
1248 4026 1276 4079 in
1304 4041 1357 4079 usu
1373 4024 1527 4090 habebam,
1543 4027 1576 4077 ut
1592 4022 1693 4075 suades
1709 4021 1745 4075 de
1771 4021 1857 4075 rebus

104 4129 175 4168 sono
194 4112 309 4179 inlidis;
327 4129 379 4166 nec
392 4127 458 4166 cum
473 4111 687 4167 insensibilibus
706 4111 857 4167 sentiendo
879 4111 952 4167 leni·
1007 4113 1119 4184 magnis
1134 4114 1343 4184 antistropham
1358 4121 1377 4148 ¹²¹
1391 4113 1523 4177 lacerem,
1542 4111 1570 4164 in
1587 4110 1692 4182 quibus
1705 4125 1771 4182 ego,
1788 4109 1855 4164 dum

105 4201 154 4256 ris.
171 4199 250 4256 Unde
261 4200 329 4271 quia
343 4200 492 4271 hucusque
508 4198 692 4254 dilectionem
708 4198 825 4254 noluisti
839 4199 952 4270 scriptis
970 4207 1130 4279 „sectator
1144 4201 1186 4256 tui
1205 4202 1286 4257 fuero
1300 4218 1398 4257 sensus
1412 4215 1437 4268 n,
1459 4201 1489 4255 in
1510 4205 1568 4255 tarn
1583 4198 1760 4271 profundum
1781 4199 1857 4269 pela-

104 4289 213 4354 forere,
230 4288 295 4343 data
315 4287 368 4342 tibi
395 4293 438 4342 est
450 4287 572 4342 materis
586 4287 744 4352 dissuendi,
758 4287 781 4341 si
804 4288 848 4343 rel
861 4288 952 4343 iratus
1008 4306 1062 4362 gus
1092 4289 1218 4354 auferor,
1242 4296 1275 4344 nt
1301 4294 1393 4344 metus
1416 4290 1519 4358 ingens
1534 4288 1571 4342 sit
1592 4288 1659 4342 illuc
1679 4286 1806 4358 ingredi,
1821 4302 1857 4341 ne

105 4376 242 4430 malueris
257 4392 310 4430 nos
326 4379 427 4430 contra
441 4381 550 4434 tonare.
1007 4378 1207 4449 magnitudine
1220 4394 1327 4447 rerum,
1344 4378 1522 4431 immanitate
1537 4377 1684 4448 opprimar
1699 4375 1855 4430 undarum.

141 4468 167 4520 3.
191 4464 260 4529 Quae
289 4465 385 4520 animo
409 4465 545 4520 charitate
571 4468 658 4537 pleno
687 4465 852 4537 conscripsi,
878 4471 905 4521 et
922 4463 951 4521 in
1006 4469 1078 4523 Tum
1094 4467 1197 4523 deinde
1218 4482 1270 4521 nec
1284 4467 1356 4522 illud
1368 4465 1499 4532 intueris,
1516 4465 1595 4537 quod
1617 4464 1712 4519 tenuis
1727 4464 1802 4519 mihi
1817 4467 1858 4517 est

105 4555 210 4625 quibus
224 4554 382 4610 territando
397 4555 473 4609 visus
499 4571 564 4609 sum
592 4561 687 4611 tecum
712 4556 822 4625 jocare,
852 4555 952 4627 procul
1007 4555 1123 4627 spiritus
1137 4555 1174 4610 ad
1188 4555 1365 4627 implendam
1381 4559 1460 4609 tuam
1478 4553 1658 4625 magnificam
1675 4552 1791 4607 dicendi
1812 4558 1855 4606 tu-

104 4643 249 4714 longeque
265 4644 378 4714 rejecta,
395 4643 431 4698 ad
448 4643 616 4699 charitatem
636 4643 785 4715 antiquam
798 4659 868 4715 rogo
881 4660 948 4699 con·
1008 4644 1084 4699 bam.
1108 4643 1161 4700 Sed
1186 4659 1244 4698 non
1268 4647 1312 4698 est
1331 4642 1389 4697 mei
1414 4642 1542 4697 dictandi
1567 4639 1688 4710 ingenii,
1714 4639 1762 4695 sad
1778 4644 1811 4694 ut
1827 4643 1857 4692 tu

141 4777 152 4802 ·
172 4768 234 4835 tls,
253 4768 335 4824 Verbi
348 4770 438 4824 aliter.

140 4842 154 4882 b
173 4840 233 4906 tls,
246 4841 332 4894 mutus
347 4854 454 4894 oureus.

140 4919 150 4945 ι
169 4910 229 4976 llis,
246 4912 508 4980 acceptoprcposito.

1041 4768 1128 4835 ilde,
1147 4767 1293 4822 ebdomade
1319 4765 1486 4821 monomcde.
1513 4767 1544 4821 ll.
1571 4766 1694 4820 Thomas
1717 4762 1855 4830 Tamai0;

1006 4854 1036 4909 p.
1047 4841 1096 4893 all
1109 4839 1140 4892 in
1154 4839 1274 4909 Luitpr.,
1290 4838 1360 4892 citat
1374 4837 1494 4892 bebdcde
1514 4836 1680 4891 mouomode.
1705 4835 1767 4905 Ego
1782 4835 1857 4889 utin

1006 4915 1083 4963 textu
1101 4911 1211 4963 restitui
1238 4909 1393 4979 legendum
1416 4923 1537 4962 censeo:
1555 4908 1583 4961 id
1607 4911 1730 4960 estante
1746 4911 1856 4976 septem

140 4983 154 5024 d
174 4981 271 5035 ldelius
285 4980 382 5035 forsan
399 4981 515 5040 iu‘ticta.
1006 4979 1222 5034 hebdomadum
1239 4986 1361 5034 unitates
1372 4997 1378 5033 ε
1390 4980 1438 5033 din
1459 4979 1536 5032 enim
1553 4978 1639 5031 luisse
1663 4978 1856 5046 procrastina-

141 5061 152 5086 ι
172 5054 233 5119 lla,
251 5055 405 5106 estiuniens.
1006 5054 1069 5105 tum
1086 5051 1267 5121 rescriptum,
1277 5056 1306 5105 et
1321 5051 1449 5121 epistolae
1464 5047 1635 5120 precedenti
1650 5053 1856 5117 argumentum

141 5122 147 5156 ¹
170 5123 207 5176 Ex
222 5123 375 5193 postremis
385 5121 513 5194 epistola
529 5120 729 5192 subsequentis
743 5120 836 5175 verbis
848 5120 949 5192 legen·
1006 5121 1096 5175 ethic
1115 5122 1145 5175 in
1159 5121 1287 5176 medium
1302 5122 1394 5174 allatae
1405 5136 1498 5174 causes
1518 5120 1587 5174 satis
1598 5119 1742 5174 evincunt.

106 5192 175 5247 dnm
197 5195 388 5260 glossematum
416 5198 445 5245 et
464 5193 655 5261 ephemerides.
677 5191 735 5247 Sub
758 5207 826 5246 voce
854 5200 952 5246 autam
1043 5194 1202 5247 ¹‘tumere
1215 5193 1367 5260 attingere?

106 5265 194 5329 ittam,
211 5265 317 5318 librum
330 5264 468 5333 intellige,
484 5278 535 5317 seu
550 5263 660 5317 biblum.
1041 5258 1049 5293 ¹
1068 5263 1166 5317 tlelius
1180 5278 1290 5332 paruos.

143 5346 159 5387 ι
181 5335 242 5400 tls,
253 5350 388 5389 commune
401 5334 510 5388 domun.
1043 5341 1062 5366 ¹¹¹
1083 5332 1113 5386 ld
1128 5339 1170 5387 est
1181 5334 1353 5404 reciprocam
1368 5332 1597 5388 conversionem.

142 5403 236 5527 Hele,
250 5408 374 5474 omnique
391 5407 546 5460 consotient
559 5409 666 5459 nostre.
1042 5417 1055 5445 ι
1075 5403 1137 5472 tls,
1152 5419 1270 5471 sensum,
1286 5409 1314 5458 et
1325 5405 1466 5475 pelagum.

196 5488 308 5544 s.,que.
