<?xml version="1.0" encoding="UTF-8"?>
<!DOCTYPE html PUBLIC "-//W3C//DTD XHTML 1.0 Transitional//EN"
    "http://www.w3.org/TR/xhtml1/DTD/xhtml1-transitional.dtd">
<html xmlns="http://www.w3.org/1999/xhtml" xml:lang="en" lang="en">
 <head>
  <title>
</title>
<meta http-equiv="Content-Type" content="text/html;charset=utf-8" />
  <meta name='ocr-system' content='tesseract 3.04.00' />
  <meta name='ocr-capabilities' content='ocr_page ocr_carea ocr_par ocr_line ocrx_word'/>
</head>
<body>
  <div class='ocr_page' id='page_1' title='image "./patrologiaecurs04unkngoog_0596.png"; bbox 0 0 3930 6098; ppageno 0'>
   <div class='ocr_carea' id='block_1_1' title="bbox 618 207 1325 270">
    <p class='ocr_par' dir='ltr' id='par_1_1' title="bbox 618 207 1325 270">
     <span class='ocr_line' id='line_1_1' title="bbox 618 207 1325 270; baseline 0.006 -8"><span class='ocrx_word' id='word_1_1' title='bbox 618 207 850 267; x_wconf 77' lang='lat' dir='ltr'>rntvttnotuu</span> <span class='ocrx_word' id='word_1_2' title='bbox 872 210 943 269; x_wconf 82' lang='lat' dir='ltr'>PRO</span> <span class='ocrx_word' id='word_1_3' title='bbox 959 210 1110 267; x_wconf 75' lang='lat' dir='ltr'>antarta</span> <span class='ocrx_word' id='word_1_4' title='bbox 1128 210 1325 270; x_wconf 78' lang='lat' dir='ltr'><strong>GORZIENSI.</strong></span> 
     </span>
    </p>
   </div>
   <div class='ocr_carea' id='block_1_2' title="bbox 770 560 1182 670">
    <p class='ocr_par' dir='ltr' id='par_1_2' title="bbox 770 560 1182 670">
     <span class='ocr_line' id='line_1_2' title="bbox 770 560 1182 670; baseline -0.005 0"><span class='ocrx_word' id='word_1_5' title='bbox 770 560 1182 670; x_wconf 79' lang='lat' dir='ltr'>ORATIONES</span> 
     </span>
    </p>
   </div>
   <div class='ocr_carea' id='block_1_3' title="bbox 272 747 1682 818">
    <p class='ocr_par' dir='ltr' id='par_1_3' title="bbox 272 747 1682 818">
     <span class='ocr_line' id='line_1_3' title="bbox 272 747 1682 818; baseline 0.003 -6"><span class='ocrx_word' id='word_1_6' title='bbox 272 749 313 813; x_wconf 95' lang='lat' dir='ltr'>lN</span> <span class='ocrx_word' id='word_1_7' title='bbox 338 747 493 813; x_wconf 83' lang='lat' dir='ltr'>SYNODO</span> <span class='ocrx_word' id='word_1_8' title='bbox 518 747 642 814; x_wconf 75' lang='lat' dir='ltr'>Mults</span> <span class='ocrx_word' id='word_1_9' title='bbox 666 747 909 816; x_wconf 77' lang='lat' dir='ltr'>cntnurttt&#39;t</span> <span class='ocrx_word' id='word_1_10' title='bbox 936 750 976 816; x_wconf 84' lang='grc' dir='ltr'>ΙΝ</span> <span class='ocrx_word' id='word_1_11' title='bbox 1000 749 1193 816; x_wconf 77' lang='lat' dir='ltr'>Ecctnstl</span> <span class='ocrx_word' id='word_1_12' title='bbox 1217 751 1250 815; x_wconf 92' lang='lat' dir='ltr'>S.</span> <span class='ocrx_word' id='word_1_13' title='bbox 1278 750 1481 817; x_wconf 79' lang='lat' dir='ltr'><strong>STEPHANI</strong></span> <span class='ocrx_word' id='word_1_14' title='bbox 1506 753 1682 818; x_wconf 78' lang='lat' dir='ltr'>HABl&#39;l&#39;AE.</span> 
     </span>
    </p>
   </div>
   <div class='ocr_carea' id='block_1_4' title="bbox 849 906 1104 920">
    <p class='ocr_par' dir='ltr' id='par_1_4' title="bbox 849 906 1104 920">
     <span class='ocr_line' id='line_1_4' title="bbox 849 906 1104 920; baseline 0 -2"><span class='ocrx_word' id='word_1_15' title='bbox 849 906 1104 920; x_wconf 71' lang='lat'>—</span> 
     </span>
    </p>
   </div>
   <div class='ocr_carea' id='block_1_5' title="bbox 102 1016 1857 3209">
    <p class='ocr_par' dir='ltr' id='par_1_5' title="bbox 388 1016 1516 1075">
     <span class='ocr_line' id='line_1_5' title="bbox 388 1016 1516 1075; baseline 0.003 -6"><span class='ocrx_word' id='word_1_16' title='bbox 388 1017 502 1070; x_wconf 81' lang='lat' dir='ltr'>CAPUT</span> <span class='ocrx_word' id='word_1_17' title='bbox 521 1016 665 1071; x_wconf 87' lang='lat' dir='ltr'>PltlllUltl.</span> <span class='ocrx_word' id='word_1_18' title='bbox 970 1022 992 1075; x_wconf 83' lang='grc' dir='ltr'>Α</span> <span class='ocrx_word' id='word_1_19' title='bbox 1350 1018 1462 1074; x_wconf 79' lang='lat' dir='ltr'><strong>CAPUT</strong></span> <span class='ocrx_word' id='word_1_20' title='bbox 1483 1020 1516 1074; x_wconf 90' lang='lat' dir='ltr'>ll.</span> 
     </span>
    </p>

    <p class='ocr_par' dir='ltr' id='par_1_6' title="bbox 102 1103 1857 3121">
     <span class='ocr_line' id='line_1_6' title="bbox 138 1103 1853 1178; baseline 0.003 -22"><span class='ocrx_word' id='word_1_21' title='bbox 138 1105 193 1157; x_wconf 88' lang='lat' dir='ltr'>Vos</span> <span class='ocrx_word' id='word_1_22' title='bbox 209 1104 296 1167; x_wconf 89' lang='lat' dir='ltr'>scitis,</span> <span class='ocrx_word' id='word_1_23' title='bbox 313 1109 341 1157; x_wconf 93' lang='lat' dir='ltr'>et</span> <span class='ocrx_word' id='word_1_24' title='bbox 355 1104 454 1157; x_wconf 90' lang='lat' dir='ltr'>multis</span> <span class='ocrx_word' id='word_1_25' title='bbox 476 1103 505 1156; x_wconf 92' lang='lat' dir='ltr'>in</span> <span class='ocrx_word' id='word_1_26' title='bbox 529 1103 660 1175; x_wconf 77' lang='lat' dir='ltr'>plurimis</span> <span class='ocrx_word' id='word_1_27' title='bbox 685 1104 951 1174; x_wconf 80' lang='lat' dir='ltr'>regnisestcogui·</span> <span class='ocrx_word' id='word_1_28' title='bbox 1041 1106 1114 1171; x_wconf 85' lang='lat' dir='ltr'>Quia</span> <span class='ocrx_word' id='word_1_29' title='bbox 1144 1107 1269 1178; x_wconf 90' lang='lat' dir='ltr'>denique</span> <span class='ocrx_word' id='word_1_30' title='bbox 1298 1108 1474 1161; x_wconf 83' lang='lat' dir='ltr'>voluntatem</span> <span class='ocrx_word' id='word_1_31' title='bbox 1501 1106 1562 1174; x_wconf 83' lang='lat' dir='ltr'>uei,</span> <span class='ocrx_word' id='word_1_32' title='bbox 1597 1108 1647 1178; x_wconf 90' lang='lat' dir='ltr'>qui</span> <span class='ocrx_word' id='word_1_33' title='bbox 1674 1109 1853 1163; x_wconf 87' lang='lat' dir='ltr'>voluntatem</span> 
     </span>
     <span class='ocr_line' id='line_1_7' title="bbox 103 1193 1851 1266; baseline 0.003 -21"><span class='ocrx_word' id='word_1_34' title='bbox 103 1198 176 1259; x_wconf 74' lang='lat' dir='ltr'>tram,</span> <span class='ocrx_word' id='word_1_35' title='bbox 191 1196 313 1263; x_wconf 87' lang='lat' dir='ltr'>quantos</span> <span class='ocrx_word' id='word_1_36' title='bbox 328 1197 356 1246; x_wconf 93' lang='lat' dir='ltr'>et</span> <span class='ocrx_word' id='word_1_37' title='bbox 371 1193 469 1263; x_wconf 91' lang='lat' dir='ltr'>quales</span> <span class='ocrx_word' id='word_1_38' title='bbox 484 1198 603 1247; x_wconf 90' lang='lat' dir='ltr'>eventus</span> <span class='ocrx_word' id='word_1_39' title='bbox 616 1197 746 1263; x_wconf 90' lang='lat' dir='ltr'>tempore</span> <span class='ocrx_word' id='word_1_40' title='bbox 762 1193 881 1247; x_wconf 91' lang='lat' dir='ltr'>senioris</span> <span class='ocrx_word' id='word_1_41' title='bbox 897 1210 949 1247; x_wconf 92' lang='lat' dir='ltr'>no·</span> <span class='ocrx_word' id='word_1_42' title='bbox 1004 1194 1170 1250; x_wconf 71' lang='lat' dir='ltr'>timentium</span> <span class='ocrx_word' id='word_1_43' title='bbox 1186 1213 1215 1249; x_wconf 91' lang='lat' dir='ltr'>se</span> <span class='ocrx_word' id='word_1_44' title='bbox 1231 1196 1309 1262; x_wconf 88' lang='lat' dir='ltr'>facit,</span> <span class='ocrx_word' id='word_1_45' title='bbox 1325 1202 1353 1249; x_wconf 89' lang='lat' dir='ltr'>et</span> <span class='ocrx_word' id='word_1_46' title='bbox 1369 1196 1586 1266; x_wconf 78' lang='lat' dir='ltr'>deprecationes</span> <span class='ocrx_word' id='word_1_47' title='bbox 1610 1212 1709 1249; x_wconf 89' lang='lat' dir='ltr'>eorum</span> <span class='ocrx_word' id='word_1_48' title='bbox 1727 1196 1851 1263; x_wconf 80' lang='lat' dir='ltr'><strong>exaudit,</strong></span> 
     </span>
     <span class='ocr_line' id='line_1_8' title="bbox 104 1281 1854 1355; baseline 0.002 -21"><span class='ocrx_word' id='word_1_49' title='bbox 104 1281 165 1346; x_wconf 87' lang='lat' dir='ltr'>stri,</span> <span class='ocrx_word' id='word_1_50' title='bbox 182 1297 269 1352; x_wconf 87' lang='lat' dir='ltr'>quem</span> <span class='ocrx_word' id='word_1_51' title='bbox 284 1283 421 1335; x_wconf 88' lang='lat' dir='ltr'>hacteuus</span> <span class='ocrx_word' id='word_1_52' title='bbox 440 1281 604 1346; x_wconf 82' lang='lat' dir='ltr'>habuimus,</span> <span class='ocrx_word' id='word_1_53' title='bbox 621 1297 672 1352; x_wconf 91' lang='lat' dir='ltr'>pro</span> <span class='ocrx_word' id='word_1_54' title='bbox 686 1281 779 1336; x_wconf 89' lang='lat' dir='ltr'>causis</span> <span class='ocrx_word' id='word_1_55' title='bbox 795 1281 951 1336; x_wconf 82' lang='lat' dir='ltr'>notissimis</span> <span class='ocrx_word' id='word_1_56' title='bbox 1004 1284 1033 1337; x_wconf 91' lang='lat' dir='ltr'>in</span> <span class='ocrx_word' id='word_1_57' title='bbox 1049 1283 1185 1337; x_wconf 79' lang='lat' dir='ltr'>concordi</span> <span class='ocrx_word' id='word_1_58' title='bbox 1202 1284 1391 1337; x_wconf 78' lang='lat' dir='ltr'>unanimitate</span> <span class='ocrx_word' id='word_1_59' title='bbox 1415 1289 1510 1337; x_wconf 90' lang='lat' dir='ltr'>nostra</span> <span class='ocrx_word' id='word_1_60' title='bbox 1525 1285 1663 1348; x_wconf 85' lang='lat' dir='ltr'>videmus,</span> <span class='ocrx_word' id='word_1_61' title='bbox 1681 1285 1756 1338; x_wconf 89' lang='lat' dir='ltr'>hunc</span> <span class='ocrx_word' id='word_1_62' title='bbox 1771 1285 1854 1355; x_wconf 81' lang='lat' dir='ltr'>regni</span> 
     </span>
     <span class='ocr_line' id='line_1_9' title="bbox 103 1370 1851 1444; baseline 0.003 -22"><span class='ocrx_word' id='word_1_63' title='bbox 103 1370 293 1423; x_wconf 83' lang='lat' dir='ltr'>communiter</span> <span class='ocrx_word' id='word_1_64' title='bbox 311 1370 509 1435; x_wconf 84' lang='lat' dir='ltr'>sustinuimus,</span> <span class='ocrx_word' id='word_1_65' title='bbox 523 1374 552 1422; x_wconf 88' lang='lat' dir='ltr'>et</span> <span class='ocrx_word' id='word_1_66' title='bbox 573 1375 681 1440; x_wconf 88' lang='lat' dir='ltr'>quanto</span> <span class='ocrx_word' id='word_1_67' title='bbox 704 1371 811 1438; x_wconf 83' lang='lat' dir='ltr'>dolore,</span> <span class='ocrx_word' id='word_1_68' title='bbox 828 1376 950 1440; x_wconf 90' lang='lat' dir='ltr'>quanta·</span> <span class='ocrx_word' id='word_1_69' title='bbox 1005 1374 1066 1444; x_wconf 72' lang='lat' dir='ltr'>eius</span> <span class='ocrx_word' id='word_1_70' title='bbox 1083 1372 1227 1427; x_wconf 82' lang='lat' dir='ltr'>baeredem</span> <span class='ocrx_word' id='word_1_71' title='bbox 1242 1388 1302 1426; x_wconf 92' lang='lat' dir='ltr'>esse</span> <span class='ocrx_word' id='word_1_72' title='bbox 1326 1372 1501 1442; x_wconf 80' lang='lat' dir='ltr'>legitimum,</span> <span class='ocrx_word' id='word_1_73' title='bbox 1516 1372 1561 1425; x_wconf 92' lang='lat' dir='ltr'>cui</span> <span class='ocrx_word' id='word_1_74' title='bbox 1588 1389 1638 1426; x_wconf 90' lang='lat' dir='ltr'>uos</span> <span class='ocrx_word' id='word_1_75' title='bbox 1657 1378 1758 1442; x_wconf 86' lang='lat' dir='ltr'>sponte</span> <span class='ocrx_word' id='word_1_76' title='bbox 1774 1388 1851 1427; x_wconf 90' lang='lat' dir='ltr'>com-</span> 
     </span>
     <span class='ocr_line' id='line_1_10' title="bbox 104 1457 1851 1531; baseline 0.003 -22"><span class='ocrx_word' id='word_1_77' title='bbox 104 1474 160 1529; x_wconf 88' lang='lat' dir='ltr'>qne</span> <span class='ocrx_word' id='word_1_78' title='bbox 173 1457 306 1526; x_wconf 84' lang='lat' dir='ltr'>angustia</span> <span class='ocrx_word' id='word_1_79' title='bbox 320 1458 354 1511; x_wconf 91' lang='lat' dir='ltr'>de</span> <span class='ocrx_word' id='word_1_80' title='bbox 370 1457 447 1511; x_wconf 90' lang='lat' dir='ltr'>illius</span> <span class='ocrx_word' id='word_1_81' title='bbox 464 1457 586 1512; x_wconf 86' lang='lat' dir='ltr'>infauste</span> <span class='ocrx_word' id='word_1_82' title='bbox 603 1463 694 1511; x_wconf 91' lang='lat' dir='ltr'>morte</span> <span class='ocrx_word' id='word_1_83' title='bbox 709 1474 802 1528; x_wconf 91' lang='lat' dir='ltr'>nuper</span> <span class='ocrx_word' id='word_1_84' title='bbox 816 1459 951 1512; x_wconf 88' lang='lat' dir='ltr'>cordibus</span> <span class='ocrx_word' id='word_1_85' title='bbox 1006 1461 1155 1527; x_wconf 82' lang='lat' dir='ltr'>misimus,</span> <span class='ocrx_word' id='word_1_86' title='bbox 1182 1461 1321 1514; x_wconf 89' lang='lat' dir='ltr'>domuum</span> <span class='ocrx_word' id='word_1_87' title='bbox 1348 1460 1480 1514; x_wconf 84' lang='lat' dir='ltr'>videlicet</span> <span class='ocrx_word' id='word_1_88' title='bbox 1502 1467 1675 1530; x_wconf 72' lang='lat' dir='ltr'>presentem</span> <span class='ocrx_word' id='word_1_89' title='bbox 1701 1476 1797 1531; x_wconf 76' lang='lat' dir='ltr'>regem</span> <span class='ocrx_word' id='word_1_90' title='bbox 1819 1477 1851 1515; x_wconf 92' lang='lat' dir='ltr'>ac</span> 
     </span>
     <span class='ocr_line' id='line_1_11' title="bbox 103 1545 1855 1620; baseline 0.003 -22"><span class='ocrx_word' id='word_1_91' title='bbox 103 1546 227 1614; x_wconf 89' lang='lat' dir='ltr'>perculsi</span> <span class='ocrx_word' id='word_1_92' title='bbox 241 1561 350 1598; x_wconf 85' lang='lat' dir='ltr'>sumus.</span> <span class='ocrx_word' id='word_1_93' title='bbox 369 1545 448 1599; x_wconf 87' lang='lat' dir='ltr'>Unde</span> <span class='ocrx_word' id='word_1_94' title='bbox 464 1546 579 1599; x_wconf 90' lang='lat' dir='ltr'>unicum</span> <span class='ocrx_word' id='word_1_95' title='bbox 606 1546 759 1616; x_wconf 75' lang='lat' dir='ltr'>refugium,</span> <span class='ocrx_word' id='word_1_96' title='bbox 773 1553 801 1600; x_wconf 86' lang='lat' dir='ltr'>at</span> <span class='ocrx_word' id='word_1_97' title='bbox 824 1545 951 1617; x_wconf 82' lang='lat' dir='ltr'>singula·</span> <span class='ocrx_word' id='word_1_98' title='bbox 1005 1549 1165 1620; x_wconf 89' lang='lat' dir='ltr'>principem</span> <span class='ocrx_word' id='word_1_99' title='bbox 1184 1555 1315 1603; x_wconf 89' lang='lat' dir='ltr'>nostrum</span> <span class='ocrx_word' id='word_1_100' title='bbox 1328 1549 1471 1607; x_wconf 81' lang='lat' dir='ltr'>Carolum,</span> <span class='ocrx_word' id='word_1_101' title='bbox 1489 1554 1522 1602; x_wconf 91' lang='lat' dir='ltr'>ut</span> <span class='ocrx_word' id='word_1_102' title='bbox 1538 1549 1620 1603; x_wconf 91' lang='lat' dir='ltr'>nobis</span> <span class='ocrx_word' id='word_1_103' title='bbox 1637 1549 1736 1619; x_wconf 86' lang='lat' dir='ltr'>praesit</span> <span class='ocrx_word' id='word_1_104' title='bbox 1750 1553 1778 1603; x_wconf 90' lang='lat' dir='ltr'>et</span> <span class='ocrx_word' id='word_1_105' title='bbox 1791 1565 1855 1620; x_wconf 87' lang='lat' dir='ltr'>pro·</span> 
     </span>
     <span class='ocr_line' id='line_1_12' title="bbox 102 1632 1855 1707; baseline 0.004 -21"><span class='ocrx_word' id='word_1_106' title='bbox 102 1633 173 1687; x_wconf 91' lang='lat' dir='ltr'>riter</span> <span class='ocrx_word' id='word_1_107' title='bbox 187 1632 301 1686; x_wconf 89' lang='lat' dir='ltr'>salubre</span> <span class='ocrx_word' id='word_1_108' title='bbox 317 1632 480 1698; x_wconf 89' lang='lat' dir='ltr'>consilium,</span> <span class='ocrx_word' id='word_1_109' title='bbox 501 1649 569 1703; x_wconf 80' lang='lat' dir='ltr'>rege</span> <span class='ocrx_word' id='word_1_110' title='bbox 584 1638 611 1687; x_wconf 89' lang='lat' dir='ltr'>et</span> <span class='ocrx_word' id='word_1_111' title='bbox 636 1633 767 1705; x_wconf 84' lang='lat' dir='ltr'>principe</span> <span class='ocrx_word' id='word_1_112' title='bbox 791 1640 888 1688; x_wconf 90' lang='lat' dir='ltr'>nostro</span> <span class='ocrx_word' id='word_1_113' title='bbox 907 1635 953 1688; x_wconf 86' lang='lat' dir='ltr'>de·</span> <span class='ocrx_word' id='word_1_114' title='bbox 1006 1639 1060 1693; x_wconf 91' lang='lat' dir='ltr'>sit:</span> <span class='ocrx_word' id='word_1_115' title='bbox 1073 1638 1184 1692; x_wconf 88' lang='lat' dir='ltr'>videtur</span> <span class='ocrx_word' id='word_1_116' title='bbox 1207 1637 1300 1702; x_wconf 91' lang='lat' dir='ltr'>nobis,</span> <span class='ocrx_word' id='word_1_117' title='bbox 1317 1636 1341 1690; x_wconf 90' lang='lat' dir='ltr'>si</span> <span class='ocrx_word' id='word_1_118' title='bbox 1360 1637 1440 1690; x_wconf 82' lang='lat' dir='ltr'>uobis</span> <span class='ocrx_word' id='word_1_119' title='bbox 1463 1637 1564 1707; x_wconf 89' lang='lat' dir='ltr'>placet,</span> <span class='ocrx_word' id='word_1_120' title='bbox 1590 1640 1623 1691; x_wconf 90' lang='lat' dir='ltr'>ut</span> <span class='ocrx_word' id='word_1_121' title='bbox 1646 1637 1719 1690; x_wconf 89' lang='lat' dir='ltr'>sicut</span> <span class='ocrx_word' id='word_1_122' title='bbox 1742 1640 1807 1706; x_wconf 88' lang='lat' dir='ltr'>post</span> <span class='ocrx_word' id='word_1_123' title='bbox 1821 1637 1855 1693; x_wconf 92' lang='lat' dir='ltr'>it-</span> 
     </span>
     <span class='ocr_line' id='line_1_13' title="bbox 104 1721 1854 1796; baseline 0.003 -21"><span class='ocrx_word' id='word_1_124' title='bbox 104 1722 196 1776; x_wconf 88' lang='lat' dir='ltr'>stituti</span> <span class='ocrx_word' id='word_1_125' title='bbox 214 1738 245 1775; x_wconf 89' lang='lat' dir='ltr'>ac</span> <span class='ocrx_word' id='word_1_126' title='bbox 260 1722 390 1788; x_wconf 88' lang='lat' dir='ltr'>desolati,</span> <span class='ocrx_word' id='word_1_127' title='bbox 411 1721 493 1775; x_wconf 92' lang='lat' dir='ltr'>nobis</span> <span class='ocrx_word' id='word_1_128' title='bbox 517 1722 652 1776; x_wconf 90' lang='lat' dir='ltr'>omuibus</span> <span class='ocrx_word' id='word_1_129' title='bbox 675 1738 735 1776; x_wconf 89' lang='lat' dir='ltr'>esse</span> <span class='ocrx_word' id='word_1_130' title='bbox 760 1723 952 1778; x_wconf 86' lang='lat' dir='ltr'>consideravi·</span> <span class='ocrx_word' id='word_1_131' title='bbox 1006 1724 1061 1778; x_wconf 91' lang='lat' dir='ltr'>lius</span> <span class='ocrx_word' id='word_1_132' title='bbox 1084 1726 1169 1780; x_wconf 87' lang='lat' dir='ltr'>verba</span> <span class='ocrx_word' id='word_1_133' title='bbox 1193 1725 1274 1780; x_wconf 83' lang='lat' dir='ltr'>robis</span> <span class='ocrx_word' id='word_1_134' title='bbox 1300 1724 1559 1793; x_wconf 67' lang='lat' dir='ltr'>manifestabimus,</span> <span class='ocrx_word' id='word_1_135' title='bbox 1585 1725 1667 1796; x_wconf 82' lang='lat' dir='ltr'>signo</span> <span class='ocrx_word' id='word_1_136' title='bbox 1694 1726 1854 1781; x_wconf 88' lang='lat' dir='ltr'>certissimo</span> 
     </span>
     <span class='ocr_line' id='line_1_14' title="bbox 102 1810 1856 1885; baseline 0.003 -21"><span class='ocrx_word' id='word_1_137' title='bbox 102 1826 177 1877; x_wconf 91' lang='lat' dir='ltr'>mus,</span> <span class='ocrx_word' id='word_1_138' title='bbox 197 1810 358 1881; x_wconf 87' lang='lat' dir='ltr'>utjejuniis</span> <span class='ocrx_word' id='word_1_139' title='bbox 372 1816 400 1864; x_wconf 91' lang='lat' dir='ltr'>et</span> <span class='ocrx_word' id='word_1_140' title='bbox 423 1810 602 1865; x_wconf 90' lang='lat' dir='ltr'>orationibus</span> <span class='ocrx_word' id='word_1_141' title='bbox 616 1811 650 1865; x_wconf 91' lang='lat' dir='ltr'>ad</span> <span class='ocrx_word' id='word_1_142' title='bbox 675 1827 741 1865; x_wconf 92' lang='lat' dir='ltr'>eum</span> <span class='ocrx_word' id='word_1_143' title='bbox 766 1827 818 1865; x_wconf 92' lang='lat' dir='ltr'>nos</span> <span class='ocrx_word' id='word_1_144' title='bbox 833 1827 951 1866; x_wconf 83' lang='lat' dir='ltr'>conver·</span> <span class='ocrx_word' id='word_1_145' title='bbox 1007 1812 1248 1878; x_wconf 84' lang='lat' dir='ltr'>demonstremus,</span> <span class='ocrx_word' id='word_1_146' title='bbox 1265 1813 1333 1885; x_wconf 88' lang='lat' dir='ltr'>quia</span> <span class='ocrx_word' id='word_1_147' title='bbox 1352 1813 1466 1868; x_wconf 89' lang='lat' dir='ltr'>illuma</span> <span class='ocrx_word' id='word_1_148' title='bbox 1491 1815 1547 1867; x_wconf 85' lang='lat' dir='ltr'>lleo</span> <span class='ocrx_word' id='word_1_149' title='bbox 1572 1815 1693 1868; x_wconf 89' lang='lat' dir='ltr'>electum</span> <span class='ocrx_word' id='word_1_150' title='bbox 1722 1820 1751 1868; x_wconf 90' lang='lat' dir='ltr'>et</span> <span class='ocrx_word' id='word_1_151' title='bbox 1771 1813 1856 1869; x_wconf 87' lang='lat' dir='ltr'>nobis</span> 
     </span>
     <span class='ocr_line' id='line_1_15' title="bbox 103 1898 1854 1973; baseline 0.002 -22"><span class='ocrx_word' id='word_1_152' title='bbox 103 1904 240 1963; x_wconf 82' lang='lat' dir='ltr'>teramus,</span> <span class='ocrx_word' id='word_1_153' title='bbox 256 1899 307 1970; x_wconf 86' lang='lat' dir='ltr'>qui</span> <span class='ocrx_word' id='word_1_154' title='bbox 321 1903 364 1952; x_wconf 85' lang='lat' dir='ltr'>est</span> <span class='ocrx_word' id='word_1_155' title='bbox 378 1898 492 1969; x_wconf 89' lang='lat' dir='ltr'>adjutor</span> <span class='ocrx_word' id='word_1_156' title='bbox 507 1898 537 1952; x_wconf 93' lang='lat' dir='ltr'>in</span> <span class='ocrx_word' id='word_1_157' title='bbox 562 1899 831 1970; x_wconf 81' lang='lat' dir='ltr'>opportunitatibus</span> <span class='ocrx_word' id='word_1_158' title='bbox 852 1899 881 1953; x_wconf 93' lang='lat' dir='ltr'>in</span> <span class='ocrx_word' id='word_1_159' title='bbox 898 1900 952 1954; x_wconf 92' lang='lat' dir='ltr'>tri·</span> <span class='ocrx_word' id='word_1_160' title='bbox 1006 1902 1105 1957; x_wconf 89' lang='lat' dir='ltr'>datum</span> <span class='ocrx_word' id='word_1_161' title='bbox 1130 1902 1291 1973; x_wconf 90' lang='lat' dir='ltr'>principem</span> <span class='ocrx_word' id='word_1_162' title='bbox 1306 1902 1461 1968; x_wconf 91' lang='lat' dir='ltr'>credimus,</span> <span class='ocrx_word' id='word_1_163' title='bbox 1478 1906 1506 1954; x_wconf 91' lang='lat' dir='ltr'>et</span> <span class='ocrx_word' id='word_1_164' title='bbox 1528 1901 1620 1955; x_wconf 85' lang='lat' dir='ltr'>eidem</span> <span class='ocrx_word' id='word_1_165' title='bbox 1644 1901 1773 1972; x_wconf 77' lang='lat' dir='ltr'>largitori</span> <span class='ocrx_word' id='word_1_166' title='bbox 1797 1903 1854 1956; x_wconf 85' lang='lat' dir='ltr'>Deo</span> 
     </span>
     <span class='ocr_line' id='line_1_16' title="bbox 103 1987 1854 2060; baseline 0.001 -17"><span class='ocrx_word' id='word_1_167' title='bbox 103 1987 261 2054; x_wconf 88' lang='lat' dir='ltr'>bulatioue‚</span> <span class='ocrx_word' id='word_1_168' title='bbox 293 1993 322 2042; x_wconf 91' lang='lat' dir='ltr'>et</span> <span class='ocrx_word' id='word_1_169' title='bbox 354 1987 434 2059; x_wconf 87' lang='lat' dir='ltr'>cujus</span> <span class='ocrx_word' id='word_1_170' title='bbox 461 1995 504 2042; x_wconf 91' lang='lat' dir='ltr'>est</span> <span class='ocrx_word' id='word_1_171' title='bbox 535 1988 699 2056; x_wconf 89' lang='lat' dir='ltr'>consilium,</span> <span class='ocrx_word' id='word_1_172' title='bbox 737 2004 768 2042; x_wconf 87' lang='lat' dir='ltr'>ac</span> <span class='ocrx_word' id='word_1_173' title='bbox 800 1988 882 2060; x_wconf 88' lang='lat' dir='ltr'>cnjus</span> <span class='ocrx_word' id='word_1_174' title='bbox 911 1993 953 2043; x_wconf 90' lang='lat' dir='ltr'>est</span> <span class='ocrx_word' id='word_1_175' title='bbox 1007 2004 1040 2044; x_wconf 86' lang='lat' dir='ltr'>ex</span> <span class='ocrx_word' id='word_1_176' title='bbox 1052 1991 1111 2044; x_wconf 89' lang='lat' dir='ltr'>suis</span> <span class='ocrx_word' id='word_1_177' title='bbox 1126 1991 1272 2045; x_wconf 88' lang='lat' dir='ltr'>beneficiis</span> <span class='ocrx_word' id='word_1_178' title='bbox 1287 2007 1344 2045; x_wconf 93' lang='lat' dir='ltr'>non</span> <span class='ocrx_word' id='word_1_179' title='bbox 1364 1991 1454 2045; x_wconf 91' lang='lat' dir='ltr'>simus</span> <span class='ocrx_word' id='word_1_180' title='bbox 1469 1989 1667 2058; x_wconf 74' lang='lat' dir='ltr'>ingrati;sed,</span> <span class='ocrx_word' id='word_1_181' title='bbox 1695 1989 1854 2059; x_wconf 82' lang='lat' dir='ltr'>gratiarum</span> 
     </span>
     <span class='ocr_line' id='line_1_17' title="bbox 105 2076 1853 2149; baseline 0.002 -19"><span class='ocrx_word' id='word_1_182' title='bbox 105 2081 290 2148; x_wconf 79' lang='lat' dir='ltr'>regnum,et,</span> <span class='ocrx_word' id='word_1_183' title='bbox 319 2076 952 2147; x_wconf 84' lang='lat' dir='ltr'>utscriptumest,cuivolueritdabititlud</span> <span class='ocrx_word' id='word_1_184' title='bbox 1006 2080 1132 2133; x_wconf 88' lang='lat' dir='ltr'>actiones</span> <span class='ocrx_word' id='word_1_185' title='bbox 1158 2078 1199 2133; x_wconf 92' lang='lat' dir='ltr'>illi</span> <span class='ocrx_word' id='word_1_186' title='bbox 1227 2079 1392 2147; x_wconf 87' lang='lat' dir='ltr'>referentes,</span> <span class='ocrx_word' id='word_1_187' title='bbox 1419 2095 1535 2133; x_wconf 88' lang='lat' dir='ltr'>oremus</span> <span class='ocrx_word' id='word_1_188' title='bbox 1562 2084 1703 2149; x_wconf 88' lang='lat' dir='ltr'>quatenus</span> <span class='ocrx_word' id='word_1_189' title='bbox 1732 2082 1760 2132; x_wconf 92' lang='lat' dir='ltr'>et</span> <span class='ocrx_word' id='word_1_190' title='bbox 1787 2093 1853 2133; x_wconf 90' lang='lat' dir='ltr'>euru</span> 
     </span>
     <span class='ocr_line' id='line_1_18' title="bbox 105 2163 1854 2236; baseline 0.001 -18"><span class='ocrx_word' id='word_1_191' title='bbox 105 2163 184 2234; x_wconf 82' lang='lat' dir='ltr'>(Dan.</span> <span class='ocrx_word' id='word_1_192' title='bbox 202 2176 238 2236; x_wconf 73' lang='lat' dir='ltr'>rr)</span> <span class='ocrx_word' id='word_1_193' title='bbox 253 2185 261 2232; x_wconf 93' lang='lat'>;</span> <span class='ocrx_word' id='word_1_194' title='bbox 276 2170 304 2219; x_wconf 88' lang='lat' dir='ltr'>et</span> <span class='ocrx_word' id='word_1_195' title='bbox 328 2165 356 2219; x_wconf 94' lang='lat' dir='ltr'>in</span> <span class='ocrx_word' id='word_1_196' title='bbox 380 2164 461 2236; x_wconf 89' lang='lat' dir='ltr'>cujus</span> <span class='ocrx_word' id='word_1_197' title='bbox 482 2181 570 2219; x_wconf 90' lang='lat' dir='ltr'>manu</span> <span class='ocrx_word' id='word_1_198' title='bbox 591 2164 678 2220; x_wconf 90' lang='lat' dir='ltr'>corda</span> <span class='ocrx_word' id='word_1_199' title='bbox 701 2170 768 2219; x_wconf 93' lang='lat' dir='ltr'>sunt</span> <span class='ocrx_word' id='word_1_200' title='bbox 789 2181 900 2236; x_wconf 82' lang='lat' dir='ltr'>regum,</span> <span class='ocrx_word' id='word_1_201' title='bbox 926 2170 954 2219; x_wconf 91' lang='lat' dir='ltr'>et</span> <span class='ocrx_word' id='word_1_202' title='bbox 1007 2167 1090 2221; x_wconf 88' lang='lat' dir='ltr'>nobis</span> <span class='ocrx_word' id='word_1_203' title='bbox 1105 2167 1140 2221; x_wconf 93' lang='lat' dir='ltr'>ad</span> <span class='ocrx_word' id='word_1_204' title='bbox 1155 2167 1276 2221; x_wconf 87' lang='lat' dir='ltr'>salntem</span> <span class='ocrx_word' id='word_1_205' title='bbox 1294 2172 1322 2221; x_wconf 90' lang='lat' dir='ltr'>et</span> <span class='ocrx_word' id='word_1_206' title='bbox 1337 2166 1535 2221; x_wconf 90' lang='lat' dir='ltr'>defensionem</span> <span class='ocrx_word' id='word_1_207' title='bbox 1550 2171 1654 2220; x_wconf 81' lang='lat' dir='ltr'>sanctes</span> <span class='ocrx_word' id='word_1_208' title='bbox 1680 2182 1739 2220; x_wconf 84' lang='lat' dir='ltr'>suae</span> <span class='ocrx_word' id='word_1_209' title='bbox 1758 2166 1854 2220; x_wconf 85' lang='lat' dir='ltr'>Eccle-</span> 
     </span>
     <span class='ocr_line' id='line_1_19' title="bbox 103 2253 1855 2327; baseline 0.001 -20"><span class='ocrx_word' id='word_1_210' title='bbox 103 2253 333 2308; x_wconf 87' lang='lat' dir='ltr'>facitunanimes</span> <span class='ocrx_word' id='word_1_211' title='bbox 357 2254 487 2308; x_wconf 87' lang='lat' dir='ltr'>babitare</span> <span class='ocrx_word' id='word_1_212' title='bbox 512 2254 542 2307; x_wconf 93' lang='lat' dir='ltr'>in</span> <span class='ocrx_word' id='word_1_213' title='bbox 563 2254 661 2320; x_wconf 91' lang='lat' dir='ltr'>domo,</span> <span class='ocrx_word' id='word_1_214' title='bbox 689 2253 801 2309; x_wconf 85' lang='lat' dir='ltr'>solvens</span> <span class='ocrx_word' id='word_1_215' title='bbox 825 2255 950 2309; x_wconf 88' lang='lat' dir='ltr'>medinm</span> <span class='ocrx_word' id='word_1_216' title='bbox 1008 2257 1068 2322; x_wconf 88' lang='lat' dir='ltr'>siae,</span> <span class='ocrx_word' id='word_1_217' title='bbox 1085 2260 1113 2310; x_wconf 94' lang='lat' dir='ltr'>et</span> <span class='ocrx_word' id='word_1_218' title='bbox 1135 2256 1169 2309; x_wconf 88' lang='lat' dir='ltr'>ad</span> <span class='ocrx_word' id='word_1_219' title='bbox 1199 2255 1337 2310; x_wconf 80' lang='lat' dir='ltr'>auxilium</span> <span class='ocrx_word' id='word_1_220' title='bbox 1361 2261 1447 2327; x_wconf 88' lang='lat' dir='ltr'>atque</span> <span class='ocrx_word' id='word_1_221' title='bbox 1472 2255 1630 2326; x_wconf 89' lang='lat' dir='ltr'>profectum</span> <span class='ocrx_word' id='word_1_222' title='bbox 1655 2254 1786 2309; x_wconf 88' lang='lat' dir='ltr'>omnium</span> <span class='ocrx_word' id='word_1_223' title='bbox 1803 2270 1855 2309; x_wconf 93' lang='lat' dir='ltr'>no·</span> 
     </span>
     <span class='ocr_line' id='line_1_20' title="bbox 103 2317 1857 2415; baseline 0 -19"><span class='ocrx_word' id='word_1_224' title='bbox 103 2343 253 2414; x_wconf 88' lang='lat' dir='ltr'>parietem,</span> <span class='ocrx_word' id='word_1_225' title='bbox 279 2355 308 2397; x_wconf 82' lang='lat' dir='ltr'>et</span> <span class='ocrx_word' id='word_1_226' title='bbox 335 2342 441 2397; x_wconf 85' lang='lat' dir='ltr'>taciens</span> <span class='ocrx_word' id='word_1_227' title='bbox 471 2350 591 2414; x_wconf 86' lang='lat' dir='ltr'>utraque</span> <span class='ocrx_word' id='word_1_228' title='bbox 628 2357 736 2396; x_wconf 92' lang='lat' dir='ltr'>unum:</span> <span class='ocrx_word' id='word_1_229' title='bbox 766 2342 951 2414; x_wconf 76' lang='lat' dir='ltr'>deprecantes</span> <span class='ocrx_word' id='word_1_230' title='bbox 971 2317 1099 2397; x_wconf 83' lang='lat' dir='ltr'>Bstrum</span> <span class='ocrx_word' id='word_1_231' title='bbox 1122 2359 1186 2397; x_wconf 89' lang='lat' dir='ltr'>curn</span> <span class='ocrx_word' id='word_1_232' title='bbox 1211 2343 1303 2398; x_wconf 89' lang='lat' dir='ltr'>salute</span> <span class='ocrx_word' id='word_1_233' title='bbox 1331 2359 1363 2397; x_wconf 93' lang='lat' dir='ltr'>ac</span> <span class='ocrx_word' id='word_1_234' title='bbox 1388 2359 1468 2415; x_wconf 91' lang='lat' dir='ltr'>pace,</span> <span class='ocrx_word' id='word_1_235' title='bbox 1498 2347 1525 2396; x_wconf 92' lang='lat' dir='ltr'>et</span> <span class='ocrx_word' id='word_1_236' title='bbox 1539 2343 1749 2414; x_wconf 86' lang='lat' dir='ltr'>tranquillitate</span> <span class='ocrx_word' id='word_1_237' title='bbox 1773 2341 1857 2397; x_wconf 91' lang='lat' dir='ltr'>nobis</span> 
     </span>
     <span class='ocr_line' id='line_1_21' title="bbox 104 2429 1856 2502; baseline 0 -18"><span class='ocrx_word' id='word_1_238' title='bbox 104 2432 194 2502; x_wconf 89' lang='lat' dir='ltr'>ipsius</span> <span class='ocrx_word' id='word_1_239' title='bbox 211 2431 447 2499; x_wconf 89' lang='lat' dir='ltr'>misericordiam,</span> <span class='ocrx_word' id='word_1_240' title='bbox 464 2435 494 2485; x_wconf 89' lang='lat' dir='ltr'>ut</span> <span class='ocrx_word' id='word_1_241' title='bbox 506 2431 587 2485; x_wconf 88' lang='lat' dir='ltr'>daret</span> <span class='ocrx_word' id='word_1_242' title='bbox 609 2431 692 2485; x_wconf 92' lang='lat' dir='ltr'>uobis</span> <span class='ocrx_word' id='word_1_243' title='bbox 713 2446 810 2501; x_wconf 80' lang='lat' dir='ltr'>regem</span> <span class='ocrx_word' id='word_1_244' title='bbox 824 2447 857 2485; x_wconf 86' lang='lat' dir='ltr'>ac</span> <span class='ocrx_word' id='word_1_245' title='bbox 871 2431 951 2501; x_wconf 90' lang='lat' dir='ltr'>prin·</span> <span class='ocrx_word' id='word_1_246' title='bbox 1007 2438 1155 2486; x_wconf 83' lang='lat' dir='ltr'>conservet</span> <span class='ocrx_word' id='word_1_247' title='bbox 1169 2431 1286 2492; x_wconf 89' lang='lat' dir='ltr'>diutius,</span> <span class='ocrx_word' id='word_1_248' title='bbox 1304 2437 1332 2486; x_wconf 93' lang='lat' dir='ltr'>et</span> <span class='ocrx_word' id='word_1_249' title='bbox 1346 2448 1399 2486; x_wconf 89' lang='lat' dir='ltr'>nos</span> <span class='ocrx_word' id='word_1_250' title='bbox 1423 2431 1501 2486; x_wconf 87' lang='lat' dir='ltr'>fideli</span> <span class='ocrx_word' id='word_1_251' title='bbox 1523 2431 1671 2485; x_wconf 87' lang='lat' dir='ltr'>devotione</span> <span class='ocrx_word' id='word_1_252' title='bbox 1695 2431 1737 2485; x_wconf 91' lang='lat' dir='ltr'>illi</span> <span class='ocrx_word' id='word_1_253' title='bbox 1774 2429 1856 2485; x_wconf 88' lang='lat' dir='ltr'>obse·</span> 
     </span>
     <span class='ocr_line' id='line_1_22' title="bbox 105 2517 1856 2592; baseline 0 -20"><span class='ocrx_word' id='word_1_254' title='bbox 105 2520 199 2589; x_wconf 89' lang='lat' dir='ltr'>cipem</span> <span class='ocrx_word' id='word_1_255' title='bbox 216 2520 372 2575; x_wconf 87' lang='lat' dir='ltr'>secundum</span> <span class='ocrx_word' id='word_1_256' title='bbox 388 2536 437 2574; x_wconf 92' lang='lat' dir='ltr'>cor</span> <span class='ocrx_word' id='word_1_257' title='bbox 454 2536 548 2586; x_wconf 77' lang='lat' dir='ltr'>sattim,</span> <span class='ocrx_word' id='word_1_258' title='bbox 565 2519 659 2592; x_wconf 90' lang='lat' dir='ltr'>quiin</span> <span class='ocrx_word' id='word_1_259' title='bbox 676 2520 786 2590; x_wconf 85' lang='lat' dir='ltr'>judicio</span> <span class='ocrx_word' id='word_1_260' title='bbox 802 2523 831 2574; x_wconf 90' lang='lat' dir='ltr'>et</span> <span class='ocrx_word' id='word_1_261' title='bbox 839 2519 953 2591; x_wconf 87' lang='lat' dir='ltr'>justitia</span> <span class='ocrx_word' id='word_1_262' title='bbox 1008 2527 1139 2592; x_wconf 81' lang='lat' dir='ltr'>quantes,</span> <span class='ocrx_word' id='word_1_263' title='bbox 1162 2525 1247 2590; x_wconf 90' lang='lat' dir='ltr'>atque</span> <span class='ocrx_word' id='word_1_264' title='bbox 1271 2527 1368 2591; x_wconf 89' lang='lat' dir='ltr'>optata</span> <span class='ocrx_word' id='word_1_265' title='bbox 1391 2521 1546 2575; x_wconf 86' lang='lat' dir='ltr'>salvatione</span> <span class='ocrx_word' id='word_1_266' title='bbox 1562 2520 1699 2586; x_wconf 82' lang='lat' dir='ltr'>fruentes,</span> <span class='ocrx_word' id='word_1_267' title='bbox 1716 2518 1768 2574; x_wconf 86' lang='lat' dir='ltr'>sub</span> <span class='ocrx_word' id='word_1_268' title='bbox 1781 2517 1856 2573; x_wconf 88' lang='lat' dir='ltr'>illius</span> 
     </span>
     <span class='ocr_line' id='line_1_23' title="bbox 104 2607 1660 2679; baseline 0.001 -18"><span class='ocrx_word' id='word_1_269' title='bbox 104 2624 157 2662; x_wconf 90' lang='lat' dir='ltr'>nos</span> <span class='ocrx_word' id='word_1_270' title='bbox 171 2608 202 2661; x_wconf 95' lang='lat' dir='ltr'>iu</span> <span class='ocrx_word' id='word_1_271' title='bbox 217 2608 298 2662; x_wconf 89' lang='lat' dir='ltr'>omni</span> <span class='ocrx_word' id='word_1_272' title='bbox 313 2609 414 2663; x_wconf 89' lang='lat' dir='ltr'>ordine</span> <span class='ocrx_word' id='word_1_273' title='bbox 435 2623 467 2662; x_wconf 88' lang='lat' dir='ltr'>ac</span> <span class='ocrx_word' id='word_1_274' title='bbox 484 2607 659 2679; x_wconf 80' lang='lat' dir='ltr'>professione</span> <span class='ocrx_word' id='word_1_275' title='bbox 686 2611 808 2678; x_wconf 75' lang='lat' dir='ltr'>regeret,</span> <span class='ocrx_word' id='word_1_276' title='bbox 833 2609 954 2662; x_wconf 86' lang='lat' dir='ltr'>salvaret</span> <span class='ocrx_word' id='word_1_277' title='bbox 1008 2609 1256 2664; x_wconf 86' lang='lat' dir='ltr'>administratione</span> <span class='ocrx_word' id='word_1_278' title='bbox 1272 2610 1300 2662; x_wconf 92' lang='lat' dir='ltr'>in</span> <span class='ocrx_word' id='word_1_279' title='bbox 1314 2626 1367 2663; x_wconf 90' lang='lat' dir='ltr'>sun</span> <span class='ocrx_word' id='word_1_280' title='bbox 1381 2610 1522 2677; x_wconf 70' lang='lat' dir='ltr'>prrbernet</span> <span class='ocrx_word' id='word_1_281' title='bbox 1535 2608 1660 2663; x_wconf 84' lang='lat' dir='ltr'>servitio.</span> 
     </span>
     <span class='ocr_line' id='line_1_24' title="bbox 105 2696 1524 2767; baseline 0 -16"><span class='ocrx_word' id='word_1_282' title='bbox 105 2703 192 2767; x_wconf 87' lang='lat' dir='ltr'>atque</span> <span class='ocrx_word' id='word_1_283' title='bbox 214 2697 381 2751; x_wconf 87' lang='lat' dir='ltr'>defenderet</span> <span class='ocrx_word' id='word_1_284' title='bbox 404 2697 487 2767; x_wconf 86' lang='lat' dir='ltr'>juxta</span> <span class='ocrx_word' id='word_1_285' title='bbox 514 2697 692 2751; x_wconf 71' lang='lat' dir='ltr'>volumtatem</span> <span class='ocrx_word' id='word_1_286' title='bbox 717 2696 790 2765; x_wconf 88' lang='lat' dir='ltr'>ejus,</span> <span class='ocrx_word' id='word_1_287' title='bbox 820 2701 849 2750; x_wconf 91' lang='lat' dir='ltr'>et</span> <span class='ocrx_word' id='word_1_288' title='bbox 868 2696 954 2750; x_wconf 89' lang='lat' dir='ltr'>corde</span> <span class='ocrx_word' id='word_1_289' title='bbox 1345 2699 1457 2753; x_wconf 82' lang='lat' dir='ltr'><strong>CAPUT</strong></span> <span class='ocrx_word' id='word_1_290' title='bbox 1478 2699 1524 2752; x_wconf 93' lang='lat' dir='ltr'>lll.</span> 
     </span>
     <span class='ocr_line' id='line_1_25' title="bbox 106 2783 1854 2855; baseline -0.002 -15"><span class='ocrx_word' id='word_1_291' title='bbox 106 2787 235 2840; x_wconf 87' lang='lat' dir='ltr'>omnium</span> <span class='ocrx_word' id='word_1_292' title='bbox 262 2791 427 2840; x_wconf 88' lang='lat' dir='ltr'>nostrornm</span> <span class='ocrx_word' id='word_1_293' title='bbox 456 2786 632 2840; x_wconf 87' lang='lat' dir='ltr'>unanimiter</span> <span class='ocrx_word' id='word_1_294' title='bbox 655 2786 684 2839; x_wconf 94' lang='lat' dir='ltr'>in</span> <span class='ocrx_word' id='word_1_295' title='bbox 713 2801 778 2839; x_wconf 88' lang='lat' dir='ltr'>euru</span> <span class='ocrx_word' id='word_1_296' title='bbox 801 2785 954 2839; x_wconf 89' lang='lat' dir='ltr'>inclinaret</span> <span class='ocrx_word' id='word_1_297' title='bbox 1043 2786 1075 2839; x_wconf 86' lang='lat' dir='ltr'>Et</span> <span class='ocrx_word' id='word_1_298' title='bbox 1090 2785 1114 2838; x_wconf 87' lang='lat' dir='ltr'>si</span> <span class='ocrx_word' id='word_1_299' title='bbox 1129 2785 1171 2839; x_wconf 92' lang='lat' dir='ltr'>illi</span> <span class='ocrx_word' id='word_1_300' title='bbox 1187 2786 1291 2855; x_wconf 85' lang='lat' dir='ltr'>placet,</span> <span class='ocrx_word' id='word_1_301' title='bbox 1306 2785 1427 2855; x_wconf 83' lang='lat' dir='ltr'>dignum</span> <span class='ocrx_word' id='word_1_302' title='bbox 1448 2787 1503 2855; x_wconf 91' lang='lat' dir='ltr'>ipsi</span> <span class='ocrx_word' id='word_1_303' title='bbox 1520 2791 1549 2839; x_wconf 91' lang='lat' dir='ltr'>et</span> <span class='ocrx_word' id='word_1_304' title='bbox 1563 2784 1755 2839; x_wconf 85' lang='lat' dir='ltr'>necessarium</span> <span class='ocrx_word' id='word_1_305' title='bbox 1771 2783 1854 2838; x_wconf 92' lang='lat' dir='ltr'>uobis</span> 
     </span>
     <span class='ocr_line' id='line_1_26' title="bbox 106 2866 1853 2947; baseline -0.002 -18"><span class='ocrx_word' id='word_1_306' title='bbox 106 2880 191 2947; x_wconf 84' lang='lat' dir='ltr'>atque</span> <span class='ocrx_word' id='word_1_307' title='bbox 204 2876 310 2942; x_wconf 90' lang='lat' dir='ltr'>uniret,</span> <span class='ocrx_word' id='word_1_308' title='bbox 325 2889 411 2946; x_wconf 86' lang='lat' dir='ltr'>quem</span> <span class='ocrx_word' id='word_1_309' title='bbox 427 2875 488 2945; x_wconf 88' lang='lat' dir='ltr'>ipse</span> <span class='ocrx_word' id='word_1_310' title='bbox 503 2874 673 2929; x_wconf 87' lang='lat' dir='ltr'>adsalutem</span> <span class='ocrx_word' id='word_1_311' title='bbox 688 2879 716 2928; x_wconf 90' lang='lat' dir='ltr'>et</span> <span class='ocrx_word' id='word_1_312' title='bbox 728 2873 889 2944; x_wconf 86' lang='lat' dir='ltr'>profectum</span> <span class='ocrx_word' id='word_1_313' title='bbox 904 2889 953 2927; x_wconf 92' lang='lat' dir='ltr'>no·</span> <span class='ocrx_word' id='word_1_314' title='bbox 1007 2889 1067 2927; x_wconf 91' lang='lat' dir='ltr'>esse</span> <span class='ocrx_word' id='word_1_315' title='bbox 1080 2874 1203 2940; x_wconf 89' lang='lat' dir='ltr'>videtur,</span> <span class='ocrx_word' id='word_1_316' title='bbox 1220 2879 1253 2927; x_wconf 90' lang='lat' dir='ltr'>ut</span> <span class='ocrx_word' id='word_1_317' title='bbox 1266 2890 1299 2928; x_wconf 86' lang='lat' dir='ltr'>ex</span> <span class='ocrx_word' id='word_1_318' title='bbox 1316 2875 1377 2943; x_wconf 88' lang='lat' dir='ltr'>ejus</span> <span class='ocrx_word' id='word_1_319' title='bbox 1392 2890 1441 2927; x_wconf 93' lang='lat' dir='ltr'>ore</span> <span class='ocrx_word' id='word_1_320' title='bbox 1464 2873 1625 2940; x_wconf 88' lang='lat' dir='ltr'>audiamus,</span> <span class='ocrx_word' id='word_1_321' title='bbox 1648 2872 1724 2942; x_wconf 89' lang='lat' dir='ltr'>quod</span> <span class='ocrx_word' id='word_1_322' title='bbox 1739 2888 1756 2925; x_wconf 88' lang='lat' dir='ltr'>a</span> <span class='ocrx_word' id='word_1_323' title='bbox 1770 2866 1853 2927; x_wconf 83' lang='lat' dir='ltr'>cbri-</span> 
     </span>
     <span class='ocr_line' id='line_1_27' title="bbox 105 2958 1855 3035; baseline -0.002 -18"><span class='ocrx_word' id='word_1_324' title='bbox 105 2968 197 3017; x_wconf 88' lang='lat' dir='ltr'>strum</span> <span class='ocrx_word' id='word_1_325' title='bbox 224 2964 388 3035; x_wconf 79' lang='lat' dir='ltr'>praescitum</span> <span class='ocrx_word' id='word_1_326' title='bbox 411 2969 439 3018; x_wconf 88' lang='lat' dir='ltr'>et</span> <span class='ocrx_word' id='word_1_327' title='bbox 463 2964 585 3017; x_wconf 90' lang='lat' dir='ltr'>electum</span> <span class='ocrx_word' id='word_1_328' title='bbox 606 2966 692 3033; x_wconf 86' lang='lat' dir='ltr'>atque</span> <span class='ocrx_word' id='word_1_329' title='bbox 714 2960 950 3033; x_wconf 83' lang='lat' dir='ltr'>praedestinatum</span> <span class='ocrx_word' id='word_1_330' title='bbox 1007 2961 1181 3016; x_wconf 88' lang='lat' dir='ltr'>stianissimo</span> <span class='ocrx_word' id='word_1_331' title='bbox 1197 2977 1274 3031; x_wconf 80' lang='lat' dir='ltr'>rege,</span> <span class='ocrx_word' id='word_1_332' title='bbox 1299 2961 1378 3016; x_wconf 87' lang='lat' dir='ltr'>fideli</span> <span class='ocrx_word' id='word_1_333' title='bbox 1393 2967 1422 3015; x_wconf 91' lang='lat' dir='ltr'>et</span> <span class='ocrx_word' id='word_1_334' title='bbox 1437 2960 1568 3014; x_wconf 92' lang='lat' dir='ltr'>unanimi</span> <span class='ocrx_word' id='word_1_335' title='bbox 1582 2960 1614 3034; x_wconf 84' lang='lat' dir='ltr'>in</span> <span class='ocrx_word' id='word_1_336' title='bbox 1637 2959 1752 3015; x_wconf 85' lang='lat' dir='ltr'>servitio</span> <span class='ocrx_word' id='word_1_337' title='bbox 1777 2958 1855 3014; x_wconf 90' lang='lat' dir='ltr'>illius</span> 
     </span>
     <span class='ocr_line' id='line_1_28' title="bbox 104 3046 1852 3121; baseline -0.003 -14"><span class='ocrx_word' id='word_1_338' title='bbox 104 3052 209 3108; x_wconf 89' lang='lat' dir='ltr'>habeat</span> <span class='ocrx_word' id='word_1_339' title='bbox 222 3054 380 3108; x_wconf 89' lang='lat' dir='ltr'>secundum</span> <span class='ocrx_word' id='word_1_340' title='bbox 396 3051 622 3107; x_wconf 86' lang='lat' dir='ltr'>misericordiam</span> <span class='ocrx_word' id='word_1_341' title='bbox 633 3066 726 3106; x_wconf 87' lang='lat' dir='ltr'>suam.</span> <span class='ocrx_word' id='word_1_342' title='bbox 1007 3050 1125 3121; x_wconf 92' lang='lat' dir='ltr'>populo,</span> <span class='ocrx_word' id='word_1_343' title='bbox 1141 3050 1298 3119; x_wconf 89' lang='lat' dir='ltr'>unicuique</span> <span class='ocrx_word' id='word_1_344' title='bbox 1313 3050 1343 3103; x_wconf 91' lang='lat' dir='ltr'>in</span> <span class='ocrx_word' id='word_1_345' title='bbox 1358 3065 1410 3104; x_wconf 91' lang='lat' dir='ltr'>suo</span> <span class='ocrx_word' id='word_1_346' title='bbox 1424 3049 1527 3103; x_wconf 88' lang='lat' dir='ltr'>ordine</span> <span class='ocrx_word' id='word_1_347' title='bbox 1540 3049 1676 3102; x_wconf 86' lang='lat' dir='ltr'>convenit</span> <span class='ocrx_word' id='word_1_348' title='bbox 1688 3046 1800 3117; x_wconf 88' lang='lat' dir='ltr'>audire,</span> <span class='ocrx_word' id='word_1_349' title='bbox 1819 3062 1852 3101; x_wconf 89' lang='lat' dir='ltr'>ac</span> 
     </span>
    </p>

    <p class='ocr_par' dir='ltr' id='par_1_7' title="bbox 1006 3134 1816 3209">
     <span class='ocr_line' id='line_1_29' title="bbox 1006 3134 1816 3209; baseline -0.002 -15"><span class='ocrx_word' id='word_1_350' title='bbox 1006 3139 1220 3194; x_wconf 87' lang='lat' dir='ltr'>devotamenta</span> <span class='ocrx_word' id='word_1_351' title='bbox 1236 3137 1391 3209; x_wconf 80' lang='lat' dir='ltr'>suscipere.</span> <span class='ocrx_word' id='word_1_352' title='bbox 1808 3134 1816 3144; x_wconf 93' lang='lat'>&#39;</span> 
     </span>
    </p>
   </div>
   <div class='ocr_carea' id='block_1_6' title="bbox 296 3421 1660 3537">
    <p class='ocr_par' dir='ltr' id='par_1_8' title="bbox 296 3421 1660 3537">
     <span class='ocr_line' id='line_1_30' title="bbox 296 3421 1660 3537; baseline -0.004 -12"><span class='ocrx_word' id='word_1_353' title='bbox 296 3426 546 3528; x_wconf 81' lang='lat' dir='ltr'>luvtuttt</span> <span class='ocrx_word' id='word_1_354' title='bbox 579 3425 927 3529; x_wconf 77' lang='lat' dir='ltr'>Putvttttttttt</span> <span class='ocrx_word' id='word_1_355' title='bbox 961 3424 1065 3528; x_wconf 82' lang='lat' dir='ltr'>PRO</span> <span class='ocrx_word' id='word_1_356' title='bbox 1102 3424 1332 3525; x_wconf 79' lang='lat' dir='ltr'>lnsslut</span> <span class='ocrx_word' id='word_1_357' title='bbox 1366 3421 1660 3537; x_wconf 73' lang='lat' dir='ltr'>continuat,</span> 
     </span>
    </p>
   </div>
   <div class='ocr_carea' id='block_1_7' title="bbox 679 3611 1282 3831">
    <p class='ocr_par' dir='ltr' id='par_1_9' title="bbox 679 3611 1282 3831">
     <span class='ocr_line' id='line_1_31' title="bbox 875 3611 1081 3694; baseline -0.005 -20"><span class='ocrx_word' id='word_1_358' title='bbox 875 3613 975 3694; x_wconf 74' lang='lat' dir='ltr'>[anun</span> <span class='ocrx_word' id='word_1_359' title='bbox 996 3611 1081 3691; x_wconf 60' lang='lat'>863]</span> 
     </span>
     <span class='ocr_line' id='line_1_32' title="bbox 679 3762 1282 3831; baseline -0.005 -15"><span class='ocrx_word' id='word_1_360' title='bbox 679 3765 767 3831; x_wconf 76' lang='lat' dir='ltr'>(Apud</span> <span class='ocrx_word' id='word_1_361' title='bbox 784 3765 816 3816; x_wconf 86' lang='lat' dir='ltr'>D.</span> <span class='ocrx_word' id='word_1_362' title='bbox 835 3765 954 3821; x_wconf 84' lang='lat' dir='ltr'>Celmat..</span> <span class='ocrx_word' id='word_1_363' title='bbox 968 3765 1081 3814; x_wconf 82' lang='lat' dir='ltr'>Histoire</span> <span class='ocrx_word' id='word_1_364' title='bbox 1094 3762 1126 3814; x_wconf 88' lang='lat' dir='ltr'>de</span> <span class='ocrx_word' id='word_1_365' title='bbox 1139 3764 1282 3826; x_wconf 64' lang='lat' dir='ltr'>bornaim.)</span> 
     </span>
    </p>
   </div>
   <div class='ocr_carea' id='block_1_8' title="bbox 142 4027 1852 4104">
    <p class='ocr_par' dir='ltr' id='par_1_10' title="bbox 142 4027 1852 4104">
     <span class='ocr_line' id='line_1_33' title="bbox 142 4027 1852 4104; baseline -0.004 -15"><span class='ocrx_word' id='word_1_366' title='bbox 142 4036 295 4090; x_wconf 86' lang='lat' dir='ltr'>Pastoralis</span> <span class='ocrx_word' id='word_1_367' title='bbox 309 4035 395 4091; x_wconf 84' lang='lat' dir='ltr'>officii</span> <span class='ocrx_word' id='word_1_368' title='bbox 410 4035 525 4090; x_wconf 85' lang='lat' dir='ltr'>solertia</span> <span class='ocrx_word' id='word_1_369' title='bbox 539 4035 608 4090; x_wconf 89' lang='lat' dir='ltr'>dum</span> <span class='ocrx_word' id='word_1_370' title='bbox 624 4034 697 4089; x_wconf 89' lang='lat' dir='ltr'>cirea</span> <span class='ocrx_word' id='word_1_371' title='bbox 712 4033 873 4089; x_wconf 85' lang='lat' dir='ltr'>custodiam</span> <span class='ocrx_word' id='word_1_372' title='bbox 888 4050 949 4089; x_wconf 91' lang='lat' dir='ltr'>cre·</span> <span class='ocrx_word' id='word_1_373' title='bbox 969 4033 990 4089; x_wconf 86' lang='lat' dir='ltr'>C</span> <span class='ocrx_word' id='word_1_374' title='bbox 1005 4033 1084 4104; x_wconf 79' lang='lat' dir='ltr'>genti</span> <span class='ocrx_word' id='word_1_375' title='bbox 1105 4031 1210 4087; x_wconf 89' lang='lat' dir='ltr'>mentis</span> <span class='ocrx_word' id='word_1_376' title='bbox 1233 4030 1386 4101; x_wconf 77' lang='lat' dir='ltr'>sagacitate</span> <span class='ocrx_word' id='word_1_377' title='bbox 1409 4028 1553 4085; x_wconf 86' lang='lat' dir='ltr'>desuflans</span> <span class='ocrx_word' id='word_1_378' title='bbox 1579 4027 1660 4100; x_wconf 73' lang='lat' dir='ltr'>[forte</span> <span class='ocrx_word' id='word_1_379' title='bbox 1685 4027 1852 4102; x_wconf 89' lang='lat' dir='ltr'>desudans],</span> 
     </span>
    </p>
   </div>
   <div class='ocr_carea' id='block_1_9' title="bbox 103 4123 954 5341">
    <p class='ocr_par' dir='ltr' id='par_1_11' title="bbox 103 4123 954 5341">
     <span class='ocr_line' id='line_1_34' title="bbox 107 4123 951 4195; baseline 0.002 -19"><span class='ocrx_word' id='word_1_380' title='bbox 107 4123 159 4177; x_wconf 89' lang='lat' dir='ltr'>diti</span> <span class='ocrx_word' id='word_1_381' title='bbox 170 4124 265 4195; x_wconf 79' lang='lat' dir='ltr'>gregis</span> <span class='ocrx_word' id='word_1_382' title='bbox 280 4124 420 4195; x_wconf 80' lang='lat' dir='ltr'>invigilat,</span> <span class='ocrx_word' id='word_1_383' title='bbox 445 4124 626 4195; x_wconf 87' lang='lat' dir='ltr'>asperitatem</span> <span class='ocrx_word' id='word_1_384' title='bbox 649 4123 883 4195; x_wconf 89' lang='lat' dir='ltr'>persequentium</span> <span class='ocrx_word' id='word_1_385' title='bbox 899 4124 951 4178; x_wconf 91' lang='lat' dir='ltr'>sub</span> 
     </span>
     <span class='ocr_line' id='line_1_35' title="bbox 106 4212 952 4283; baseline -0.001 -17"><span class='ocrx_word' id='word_1_386' title='bbox 106 4212 190 4266; x_wconf 86' lang='lat' dir='ltr'>ovina</span> <span class='ocrx_word' id='word_1_387' title='bbox 203 4213 277 4283; x_wconf 89' lang='lat' dir='ltr'>pelle</span> <span class='ocrx_word' id='word_1_388' title='bbox 292 4213 443 4267; x_wconf 90' lang='lat' dir='ltr'>latentium</span> <span class='ocrx_word' id='word_1_389' title='bbox 457 4212 555 4266; x_wconf 86' lang='lat' dir='ltr'>sedare</span> <span class='ocrx_word' id='word_1_390' title='bbox 567 4228 625 4265; x_wconf 94' lang='lat' dir='ltr'>nou</span> <span class='ocrx_word' id='word_1_391' title='bbox 638 4212 770 4283; x_wconf 88' lang='lat' dir='ltr'>trepidat.</span> <span class='ocrx_word' id='word_1_392' title='bbox 788 4212 858 4266; x_wconf 89' lang='lat' dir='ltr'>Cum</span> <span class='ocrx_word' id='word_1_393' title='bbox 875 4213 952 4266; x_wconf 89' lang='lat' dir='ltr'>enim</span> 
     </span>
     <span class='ocr_line' id='line_1_36' title="bbox 105 4300 952 4371; baseline 0.001 -19"><span class='ocrx_word' id='word_1_394' title='bbox 105 4301 181 4355; x_wconf 80' lang='lat' dir='ltr'>vices</span> <span class='ocrx_word' id='word_1_395' title='bbox 197 4301 244 4355; x_wconf 86' lang='lat' dir='ltr'>Dei</span> <span class='ocrx_word' id='word_1_396' title='bbox 265 4301 341 4371; x_wconf 79' lang='lat' dir='ltr'>regis</span> <span class='ocrx_word' id='word_1_397' title='bbox 356 4301 457 4355; x_wconf 78' lang='lat' dir='ltr'>aeterni</span> <span class='ocrx_word' id='word_1_398' title='bbox 477 4301 605 4370; x_wconf 89' lang='lat' dir='ltr'>suscipit,</span> <span class='ocrx_word' id='word_1_399' title='bbox 623 4304 653 4353; x_wconf 91' lang='lat' dir='ltr'>ut</span> <span class='ocrx_word' id='word_1_400' title='bbox 677 4301 739 4371; x_wconf 87' lang='lat' dir='ltr'>ejus</span> <span class='ocrx_word' id='word_1_401' title='bbox 752 4301 879 4354; x_wconf 91' lang='lat' dir='ltr'>nominis</span> <span class='ocrx_word' id='word_1_402' title='bbox 894 4300 952 4353; x_wconf 82' lang='lat' dir='ltr'>vir-</span> 
     </span>
     <span class='ocr_line' id='line_1_37' title="bbox 104 4387 950 4461; baseline -0.002 -18"><span class='ocrx_word' id='word_1_403' title='bbox 104 4394 165 4443; x_wconf 91' lang='lat' dir='ltr'>tute</span> <span class='ocrx_word' id='word_1_404' title='bbox 185 4405 375 4461; x_wconf 80' lang='lat' dir='ltr'>personarum</span> <span class='ocrx_word' id='word_1_405' title='bbox 391 4389 518 4460; x_wconf 89' lang='lat' dir='ltr'>acceptio</span> <span class='ocrx_word' id='word_1_406' title='bbox 543 4387 718 4454; x_wconf 88' lang='lat' dir='ltr'>annulletur,</span> <span class='ocrx_word' id='word_1_407' title='bbox 740 4393 769 4441; x_wconf 89' lang='lat' dir='ltr'>et</span> <span class='ocrx_word' id='word_1_408' title='bbox 783 4388 950 4441; x_wconf 84' lang='lat' dir='ltr'>inviolatum</span> 
     </span>
     <span class='ocr_line' id='line_1_38' title="bbox 105 4476 954 4549; baseline -0.005 -17"><span class='ocrx_word' id='word_1_409' title='bbox 105 4478 249 4549; x_wconf 78' lang='lat' dir='ltr'>aequitatis</span> <span class='ocrx_word' id='word_1_410' title='bbox 259 4478 401 4547; x_wconf 86' lang='lat' dir='ltr'>judicium</span> <span class='ocrx_word' id='word_1_411' title='bbox 417 4479 580 4543; x_wconf 89' lang='lat' dir='ltr'>roboretur,</span> <span class='ocrx_word' id='word_1_412' title='bbox 606 4476 733 4548; x_wconf 86' lang='lat' dir='ltr'>proiecto</span> <span class='ocrx_word' id='word_1_413' title='bbox 756 4492 815 4530; x_wconf 88' lang='lat' dir='ltr'>non</span> <span class='ocrx_word' id='word_1_414' title='bbox 839 4481 954 4546; x_wconf 90' lang='lat' dir='ltr'>oportet</span> 
     </span>
     <span class='ocr_line' id='line_1_39' title="bbox 105 4565 951 4631; baseline -0.004 -10"><span class='ocrx_word' id='word_1_415' title='bbox 105 4566 285 4621; x_wconf 89' lang='lat' dir='ltr'>dissimulare</span> <span class='ocrx_word' id='word_1_416' title='bbox 307 4566 471 4621; x_wconf 90' lang='lat' dir='ltr'>libertatem</span> <span class='ocrx_word' id='word_1_417' title='bbox 503 4567 641 4631; x_wconf 87' lang='lat' dir='ltr'>veritatis,</span> <span class='ocrx_word' id='word_1_418' title='bbox 667 4566 787 4619; x_wconf 85' lang='lat' dir='ltr'>[tomino</span> <span class='ocrx_word' id='word_1_419' title='bbox 820 4565 951 4618; x_wconf 85' lang='lat' dir='ltr'>dicente:</span> 
     </span>
     <span class='ocr_line' id='line_1_40' title="bbox 104 4653 954 4724; baseline -0.002 -16"><span class='ocrx_word' id='word_1_420' title='bbox 104 4657 136 4709; x_wconf 85' lang='lat' dir='ltr'>ln</span> <span class='ocrx_word' id='word_1_421' title='bbox 164 4656 264 4709; x_wconf 85' lang='lat' dir='ltr'>mundo</span> <span class='ocrx_word' id='word_1_422' title='bbox 294 4670 450 4724; x_wconf 79' lang='lat' dir='ltr'>pressuram</span> <span class='ocrx_word' id='word_1_423' title='bbox 485 4654 636 4720; x_wconf 78' lang='lat' dir='ltr'>babebitis,</span> <span class='ocrx_word' id='word_1_424' title='bbox 658 4653 705 4708; x_wconf 87' lang='lat' dir='ltr'>sed</span> <span class='ocrx_word' id='word_1_425' title='bbox 718 4654 853 4722; x_wconf 65' lang='lat' dir='ltr'>confidite,</span> <span class='ocrx_word' id='word_1_426' title='bbox 886 4655 954 4722; x_wconf 84' lang='lat' dir='ltr'>quio</span> 
     </span>
     <span class='ocr_line' id='line_1_41' title="bbox 104 4739 953 4811; baseline 0 -17"><span class='ocrx_word' id='word_1_427' title='bbox 104 4757 152 4809; x_wconf 76' lang='lat' dir='ltr'>eoo</span> <span class='ocrx_word' id='word_1_428' title='bbox 166 4745 221 4795; x_wconf 84' lang='lat' dir='ltr'>uici</span> <span class='ocrx_word' id='word_1_429' title='bbox 234 4742 363 4795; x_wconf 71' lang='lat' dir='ltr'>murratum</span> <span class='ocrx_word' id='word_1_430' title='bbox 379 4744 466 4808; x_wconf 81' lang='lat' dir='ltr'>(loon.</span> <span class='ocrx_word' id='word_1_431' title='bbox 490 4758 545 4807; x_wconf 79' lang='lat' dir='ltr'>rar,</span> <span class='ocrx_word' id='word_1_432' title='bbox 561 4741 626 4811; x_wconf 79' lang='lat'><strong>33);</strong></span> <span class='ocrx_word' id='word_1_433' title='bbox 647 4757 705 4795; x_wconf 91' lang='lat' dir='ltr'>non</span> <span class='ocrx_word' id='word_1_434' title='bbox 728 4739 798 4795; x_wconf 80' lang='lat' dir='ltr'>levis</span> <span class='ocrx_word' id='word_1_435' title='bbox 824 4745 867 4794; x_wconf 89' lang='lat' dir='ltr'>est</span> <span class='ocrx_word' id='word_1_436' title='bbox 880 4756 953 4794; x_wconf 82' lang='lat' dir='ltr'>noxa</span> 
     </span>
     <span class='ocr_line' id='line_1_42' title="bbox 104 4828 950 4900; baseline 0 -18"><span class='ocrx_word' id='word_1_437' title='bbox 104 4829 227 4899; x_wconf 89' lang='lat' dir='ltr'>peccatis</span> <span class='ocrx_word' id='word_1_438' title='bbox 250 4829 464 4884; x_wconf 87' lang='lat' dir='ltr'>communicare</span> <span class='ocrx_word' id='word_1_439' title='bbox 488 4829 598 4897; x_wconf 88' lang='lat' dir='ltr'>alienis,</span> <span class='ocrx_word' id='word_1_440' title='bbox 616 4830 657 4883; x_wconf 85' lang='lat' dir='ltr'>eis</span> <span class='ocrx_word' id='word_1_441' title='bbox 676 4829 726 4900; x_wconf 81' lang='lat' dir='ltr'>qiri</span> <span class='ocrx_word' id='word_1_442' title='bbox 749 4828 836 4884; x_wconf 89' lang='lat' dir='ltr'>sacris</span> <span class='ocrx_word' id='word_1_443' title='bbox 855 4829 950 4882; x_wconf 83' lang='lat' dir='ltr'>Eccle-</span> 
     </span>
     <span class='ocr_line' id='line_1_43' title="bbox 107 4917 947 4987; baseline 0.001 -17"><span class='ocrx_word' id='word_1_444' title='bbox 107 4918 213 4971; x_wconf 87' lang='lat' dir='ltr'>siarnm</span> <span class='ocrx_word' id='word_1_445' title='bbox 230 4917 345 4971; x_wconf 85' lang='lat' dir='ltr'>sedibus</span> <span class='ocrx_word' id='word_1_446' title='bbox 367 4917 532 4987; x_wconf 76' lang='lat' dir='ltr'>president,</span> <span class='ocrx_word' id='word_1_447' title='bbox 549 4933 602 4987; x_wconf 93' lang='lat' dir='ltr'>pro</span> <span class='ocrx_word' id='word_1_448' title='bbox 616 4919 789 4974; x_wconf 85' lang='lat' dir='ltr'>exaltatione</span> <span class='ocrx_word' id='word_1_449' title='bbox 805 4933 947 4973; x_wconf 90' lang='lat' dir='ltr'>commen·</span> 
     </span>
     <span class='ocr_line' id='line_1_44' title="bbox 104 5005 951 5079; baseline 0.001 -20"><span class='ocrx_word' id='word_1_450' title='bbox 104 5005 177 5060; x_wconf 79' lang='lat' dir='ltr'>datae</span> <span class='ocrx_word' id='word_1_451' title='bbox 190 5006 300 5060; x_wconf 87' lang='lat' dir='ltr'>ratione</span> <span class='ocrx_word' id='word_1_452' title='bbox 316 5006 462 5076; x_wconf 79' lang='lat' dir='ltr'>dignitatis</span> <span class='ocrx_word' id='word_1_453' title='bbox 477 5006 598 5076; x_wconf 81' lang='lat' dir='ltr'>dignum</span> <span class='ocrx_word' id='word_1_454' title='bbox 613 5013 658 5061; x_wconf 90' lang='lat' dir='ltr'>est</span> <span class='ocrx_word' id='word_1_455' title='bbox 675 5014 706 5061; x_wconf 90' lang='lat' dir='ltr'>ut</span> <span class='ocrx_word' id='word_1_456' title='bbox 727 5007 877 5079; x_wconf 80' lang='lat' dir='ltr'>ingeniosa</span> <span class='ocrx_word' id='word_1_457' title='bbox 893 5022 951 5060; x_wconf 88' lang='lat' dir='ltr'>rna-</span> 
     </span>
     <span class='ocr_line' id='line_1_45' title="bbox 105 5094 952 5167; baseline 0.001 -19"><span class='ocrx_word' id='word_1_458' title='bbox 105 5110 169 5164; x_wconf 77' lang='lat' dir='ltr'>gnee</span> <span class='ocrx_word' id='word_1_459' title='bbox 184 5094 384 5148; x_wconf 79' lang='lat' dir='ltr'>sollicitudinis</span> <span class='ocrx_word' id='word_1_460' title='bbox 405 5110 473 5148; x_wconf 88' lang='lat' dir='ltr'>cura</span> <span class='ocrx_word' id='word_1_461' title='bbox 488 5095 639 5162; x_wconf 83' lang='lat' dir='ltr'>excubent,</span> <span class='ocrx_word' id='word_1_462' title='bbox 660 5101 802 5166; x_wconf 86' lang='lat' dir='ltr'>quatenus</span> <span class='ocrx_word' id='word_1_463' title='bbox 817 5096 952 5167; x_wconf 88' lang='lat' dir='ltr'>spiritua-</span> 
     </span>
     <span class='ocr_line' id='line_1_46' title="bbox 103 5182 950 5253; baseline 0 -16"><span class='ocrx_word' id='word_1_464' title='bbox 103 5183 144 5237; x_wconf 91' lang='lat' dir='ltr'>les</span> <span class='ocrx_word' id='word_1_465' title='bbox 165 5199 230 5236; x_wconf 85' lang='lat' dir='ltr'>0ves</span> <span class='ocrx_word' id='word_1_466' title='bbox 254 5183 363 5253; x_wconf 86' lang='lat' dir='ltr'>absque</span> <span class='ocrx_word' id='word_1_467' title='bbox 385 5182 473 5237; x_wconf 91' lang='lat' dir='ltr'>ullius</span> <span class='ocrx_word' id='word_1_468' title='bbox 505 5183 661 5237; x_wconf 89' lang='lat' dir='ltr'>occasionis</span> <span class='ocrx_word' id='word_1_469' title='bbox 687 5183 817 5239; x_wconf 89' lang='lat' dir='ltr'>molestia</span> <span class='ocrx_word' id='word_1_470' title='bbox 841 5199 950 5239; x_wconf 87' lang='lat' dir='ltr'>sacram</span> 
     </span>
     <span class='ocr_line' id='line_1_47' title="bbox 103 5269 949 5341; baseline 0.002 -16"><span class='ocrx_word' id='word_1_471' title='bbox 103 5271 236 5326; x_wconf 86' lang='lat' dir='ltr'>exhibere</span> <span class='ocrx_word' id='word_1_472' title='bbox 254 5269 386 5325; x_wconf 89' lang='lat' dir='ltr'>militiam</span> <span class='ocrx_word' id='word_1_473' title='bbox 408 5271 529 5324; x_wconf 86' lang='lat' dir='ltr'>valeant.</span> <span class='ocrx_word' id='word_1_474' title='bbox 554 5270 644 5341; x_wconf 79' lang='lat' dir='ltr'>igitur</span> <span class='ocrx_word' id='word_1_475' title='bbox 665 5271 823 5327; x_wconf 64' lang='lat' dir='ltr'>adventius</span> <span class='ocrx_word' id='word_1_476' title='bbox 846 5277 949 5327; x_wconf 84' lang='lat' dir='ltr'>sanctae</span> 
     </span>
    </p>
   </div>
   <div class='ocr_carea' id='block_1_10' title="bbox 1006 4117 1856 5343">
    <p class='ocr_par' dir='ltr' id='par_1_12' title="bbox 1006 4117 1856 5343">
     <span class='ocr_line' id='line_1_48' title="bbox 1008 4117 1854 4190; baseline -0.004 -15"><span class='ocrx_word' id='word_1_477' title='bbox 1008 4120 1184 4175; x_wconf 88' lang='lat' dir='ltr'>monasteria</span> <span class='ocrx_word' id='word_1_478' title='bbox 1207 4125 1237 4172; x_wconf 90' lang='lat' dir='ltr'>et</span> <span class='ocrx_word' id='word_1_479' title='bbox 1260 4119 1367 4190; x_wconf 77' lang='lat' dir='ltr'>praedia</span> <span class='ocrx_word' id='word_1_480' title='bbox 1389 4119 1424 4173; x_wconf 88' lang='lat' dir='ltr'>ed</span> <span class='ocrx_word' id='word_1_481' title='bbox 1447 4119 1630 4188; x_wconf 80' lang='lat' dir='ltr'>magnificam</span> <span class='ocrx_word' id='word_1_482' title='bbox 1654 4117 1854 4187; x_wconf 80' lang='lat' dir='ltr'>pretiosissimi</span> 
     </span>
     <span class='ocr_line' id='line_1_49' title="bbox 1007 4205 1856 4279; baseline -0.004 -15"><span class='ocrx_word' id='word_1_483' title='bbox 1007 4209 1111 4264; x_wconf 87' lang='lat' dir='ltr'>Christi</span> <span class='ocrx_word' id='word_1_484' title='bbox 1127 4208 1260 4279; x_wconf 86' lang='lat' dir='ltr'>martyris</span> <span class='ocrx_word' id='word_1_485' title='bbox 1271 4207 1540 4278; x_wconf 82' lang='lat' dir='ltr'>eramaspicientia,</span> <span class='ocrx_word' id='word_1_486' title='bbox 1555 4223 1620 4278; x_wconf 87' lang='lat' dir='ltr'>quae</span> <span class='ocrx_word' id='word_1_487' title='bbox 1633 4206 1703 4260; x_wconf 91' lang='lat' dir='ltr'>olim</span> <span class='ocrx_word' id='word_1_488' title='bbox 1718 4205 1856 4261; x_wconf 88' lang='lat' dir='ltr'>distracta</span> 
     </span>
     <span class='ocr_line' id='line_1_50' title="bbox 1006 4295 1855 4368; baseline -0.004 -17"><span class='ocrx_word' id='word_1_489' title='bbox 1006 4297 1121 4352; x_wconf 90' lang='lat' dir='ltr'>fuerant</span> <span class='ocrx_word' id='word_1_490' title='bbox 1136 4301 1200 4368; x_wconf 90' lang='lat' dir='ltr'>post</span> <span class='ocrx_word' id='word_1_491' title='bbox 1222 4297 1375 4351; x_wconf 89' lang='lat' dir='ltr'>transitum</span> <span class='ocrx_word' id='word_1_492' title='bbox 1401 4296 1619 4366; x_wconf 76' lang='lat' dir='ltr'>praedecessoris</span> <span class='ocrx_word' id='word_1_493' title='bbox 1635 4295 1691 4350; x_wconf 89' lang='lat' dir='ltr'>mei</span> <span class='ocrx_word' id='word_1_494' title='bbox 1713 4295 1855 4366; x_wconf 77' lang='lat' dir='ltr'>llrogcnis</span> 
     </span>
     <span class='ocr_line' id='line_1_51' title="bbox 1006 4384 1856 4455; baseline -0.001 -16"><span class='ocrx_word' id='word_1_495' title='bbox 1006 4386 1167 4441; x_wconf 75' lang='lat' dir='ltr'>recolendae</span> <span class='ocrx_word' id='word_1_496' title='bbox 1193 4386 1341 4440; x_wconf 84' lang='lat' dir='ltr'>memoriae</span> <span class='ocrx_word' id='word_1_497' title='bbox 1365 4384 1583 4455; x_wconf 89' lang='lat' dir='ltr'>archiepiscopi,</span> <span class='ocrx_word' id='word_1_498' title='bbox 1610 4401 1668 4438; x_wconf 92' lang='lat' dir='ltr'>non</span> <span class='ocrx_word' id='word_1_499' title='bbox 1688 4384 1781 4438; x_wconf 92' lang='lat' dir='ltr'>solum</span> <span class='ocrx_word' id='word_1_500' title='bbox 1802 4399 1856 4454; x_wconf 90' lang='lat' dir='ltr'>per</span> 
     </span>
     <span class='ocr_line' id='line_1_52' title="bbox 1006 4473 1856 4544; baseline -0.001 -16"><span class='ocrx_word' id='word_1_501' title='bbox 1006 4474 1173 4528; x_wconf 88' lang='lat' dir='ltr'>firmitatem</span> <span class='ocrx_word' id='word_1_502' title='bbox 1191 4475 1295 4544; x_wconf 82' lang='lat' dir='ltr'>regalis</span> <span class='ocrx_word' id='word_1_503' title='bbox 1314 4474 1399 4528; x_wconf 90' lang='lat' dir='ltr'>edicti</span> <span class='ocrx_word' id='word_1_504' title='bbox 1414 4491 1430 4528; x_wconf 88' lang='lat' dir='ltr'>a</span> <span class='ocrx_word' id='word_1_505' title='bbox 1444 4473 1708 4544; x_wconf 73' lang='lat' dir='ltr'>precellentissimo</span> <span class='ocrx_word' id='word_1_506' title='bbox 1724 4488 1791 4544; x_wconf 81' lang='lat' dir='ltr'>rege</span> <span class='ocrx_word' id='word_1_507' title='bbox 1806 4473 1856 4527; x_wconf 88' lang='lat' dir='ltr'>Lo-</span> 
     </span>
     <span class='ocr_line' id='line_1_53' title="bbox 1006 4560 1854 4633; baseline 0 -18"><span class='ocrx_word' id='word_1_508' title='bbox 1006 4562 1101 4616; x_wconf 86' lang='lat' dir='ltr'>thario</span> <span class='ocrx_word' id='word_1_509' title='bbox 1117 4561 1262 4631; x_wconf 89' lang='lat' dir='ltr'>adeptam,</span> <span class='ocrx_word' id='word_1_510' title='bbox 1279 4577 1390 4627; x_wconf 87' lang='lat' dir='ltr'>verum,</span> <span class='ocrx_word' id='word_1_511' title='bbox 1405 4562 1491 4615; x_wconf 88' lang='lat' dir='ltr'>etiam</span> <span class='ocrx_word' id='word_1_512' title='bbox 1507 4577 1539 4615; x_wconf 83' lang='lat' dir='ltr'>er</span> <span class='ocrx_word' id='word_1_513' title='bbox 1554 4564 1723 4616; x_wconf 79' lang='lat' dir='ltr'>atrctoritate</span> <span class='ocrx_word' id='word_1_514' title='bbox 1739 4560 1854 4633; x_wconf 88' lang='lat' dir='ltr'>synodi-</span> 
     </span>
     <span class='ocr_line' id='line_1_54' title="bbox 1006 4649 1853 4721; baseline 0.001 -18"><span class='ocrx_word' id='word_1_515' title='bbox 1006 4666 1044 4705; x_wconf 78' lang='lat' dir='ltr'>cte</span> <span class='ocrx_word' id='word_1_516' title='bbox 1061 4649 1248 4715; x_wconf 87' lang='lat' dir='ltr'>delinitionis,</span> <span class='ocrx_word' id='word_1_517' title='bbox 1267 4665 1330 4720; x_wconf 77' lang='lat' dir='ltr'>quas</span> <span class='ocrx_word' id='word_1_518' title='bbox 1345 4649 1374 4703; x_wconf 94' lang='lat' dir='ltr'>in</span> <span class='ocrx_word' id='word_1_519' title='bbox 1391 4655 1486 4703; x_wconf 86' lang='lat' dir='ltr'>nostra</span> <span class='ocrx_word' id='word_1_520' title='bbox 1501 4651 1579 4716; x_wconf 88' lang='lat' dir='ltr'>sede,</span> <span class='ocrx_word' id='word_1_521' title='bbox 1601 4652 1761 4721; x_wconf 86' lang='lat' dir='ltr'>imperante</span> <span class='ocrx_word' id='word_1_522' title='bbox 1776 4666 1853 4704; x_wconf 90' lang='lat' dir='ltr'>sum-</span> 
     </span>
     <span class='ocr_line' id='line_1_55' title="bbox 1006 4737 1853 4809; baseline 0 -16"><span class='ocrx_word' id='word_1_523' title='bbox 1006 4756 1054 4794; x_wconf 89' lang='lat' dir='ltr'>rno</span> <span class='ocrx_word' id='word_1_524' title='bbox 1070 4739 1263 4793; x_wconf 84' lang='lat' dir='ltr'>etuniversali</span> <span class='ocrx_word' id='word_1_525' title='bbox 1293 4755 1367 4809; x_wconf 87' lang='lat' dir='ltr'>papa</span> <span class='ocrx_word' id='word_1_526' title='bbox 1393 4737 1520 4805; x_wconf 89' lang='lat' dir='ltr'>Nicolao,</span> <span class='ocrx_word' id='word_1_527' title='bbox 1548 4739 1685 4792; x_wconf 90' lang='lat' dir='ltr'>canonice</span> <span class='ocrx_word' id='word_1_528' title='bbox 1710 4739 1853 4794; x_wconf 86' lang='lat' dir='ltr'>celebrata</span> 
     </span>
     <span class='ocr_line' id='line_1_56' title="bbox 1007 4827 1851 4895; baseline -0.001 -14"><span class='ocrx_word' id='word_1_529' title='bbox 1007 4834 1058 4895; x_wconf 89' lang='lat' dir='ltr'>est,</span> <span class='ocrx_word' id='word_1_530' title='bbox 1078 4828 1107 4883; x_wconf 90' lang='lat' dir='ltr'>in</span> <span class='ocrx_word' id='word_1_531' title='bbox 1131 4843 1182 4882; x_wconf 88' lang='lat' dir='ltr'>suo</span> <span class='ocrx_word' id='word_1_532' title='bbox 1207 4832 1293 4893; x_wconf 89' lang='lat' dir='ltr'>statu,</span> <span class='ocrx_word' id='word_1_533' title='bbox 1319 4829 1376 4881; x_wconf 87' lang='lat' dir='ltr'>Deo</span> <span class='ocrx_word' id='word_1_534' title='bbox 1400 4827 1568 4893; x_wconf 82' lang='lat' dir='ltr'>auxiliante,</span> <span class='ocrx_word' id='word_1_535' title='bbox 1591 4827 1779 4892; x_wconf 90' lang='lat' dir='ltr'>restituimus,</span> <span class='ocrx_word' id='word_1_536' title='bbox 1802 4827 1851 4882; x_wconf 92' lang='lat' dir='ltr'>ubi</span> 
     </span>
     <span class='ocr_line' id='line_1_57' title="bbox 1006 4914 1854 4987; baseline 0 -17"><span class='ocrx_word' id='word_1_537' title='bbox 1006 4917 1092 4971; x_wconf 87' lang='lat' dir='ltr'>etiam</span> <span class='ocrx_word' id='word_1_538' title='bbox 1109 4918 1162 4970; x_wconf 90' lang='lat' dir='ltr'>hoc</span> <span class='ocrx_word' id='word_1_539' title='bbox 1185 4915 1370 4987; x_wconf 72' lang='lat' dir='ltr'>privilegium</span> <span class='ocrx_word' id='word_1_540' title='bbox 1392 4932 1445 4986; x_wconf 89' lang='lat' dir='ltr'>per</span> <span class='ocrx_word' id='word_1_541' title='bbox 1467 4916 1601 4970; x_wconf 87' lang='lat' dir='ltr'>mandata</span> <span class='ocrx_word' id='word_1_542' title='bbox 1626 4915 1763 4970; x_wconf 76' lang='lat' dir='ltr'>Romanas</span> <span class='ocrx_word' id='word_1_543' title='bbox 1777 4914 1854 4970; x_wconf 88' lang='lat' dir='ltr'>sedis</span> 
     </span>
     <span class='ocr_line' id='line_1_58' title="bbox 1006 5004 1852 5076; baseline 0 -17"><span class='ocrx_word' id='word_1_544' title='bbox 1006 5006 1178 5076; x_wconf 88' lang='lat' dir='ltr'>accepimus.</span> <span class='ocrx_word' id='word_1_545' title='bbox 1197 5011 1227 5058; x_wconf 90' lang='lat' dir='ltr'>ut</span> <span class='ocrx_word' id='word_1_546' title='bbox 1247 5004 1396 5059; x_wconf 85' lang='lat' dir='ltr'>facultates</span> <span class='ocrx_word' id='word_1_547' title='bbox 1419 5020 1515 5058; x_wconf 90' lang='lat' dir='ltr'>rerum</span> <span class='ocrx_word' id='word_1_548' title='bbox 1536 5004 1669 5058; x_wconf 82' lang='lat' dir='ltr'>Ecclesiae</span> <span class='ocrx_word' id='word_1_549' title='bbox 1687 5009 1791 5060; x_wconf 75' lang='lat' dir='ltr'>nostrae</span> <span class='ocrx_word' id='word_1_550' title='bbox 1807 5020 1852 5059; x_wconf 86' lang='lat' dir='ltr'>re·</span> 
     </span>
     <span class='ocr_line' id='line_1_59' title="bbox 1006 5092 1851 5166; baseline -0.005 -16"><span class='ocrx_word' id='word_1_551' title='bbox 1006 5097 1226 5166; x_wconf 79' lang='lat' dir='ltr'>integraremus,</span> <span class='ocrx_word' id='word_1_552' title='bbox 1243 5093 1316 5148; x_wconf 91' lang='lat' dir='ltr'>sicut</span> <span class='ocrx_word' id='word_1_553' title='bbox 1329 5094 1360 5147; x_wconf 91' lang='lat' dir='ltr'>in</span> <span class='ocrx_word' id='word_1_554' title='bbox 1386 5092 1487 5146; x_wconf 86' lang='lat' dir='ltr'>eodem</span> <span class='ocrx_word' id='word_1_555' title='bbox 1510 5092 1662 5164; x_wconf 79' lang='lat' dir='ltr'>privilegio</span> <span class='ocrx_word' id='word_1_556' title='bbox 1678 5092 1851 5159; x_wconf 90' lang='lat' dir='ltr'>continetur,</span> 
     </span>
     <span class='ocr_line' id='line_1_60' title="bbox 1007 5180 1854 5255; baseline -0.002 -18"><span class='ocrx_word' id='word_1_557' title='bbox 1007 5183 1083 5255; x_wconf 89' lang='lat' dir='ltr'>quod</span> <span class='ocrx_word' id='word_1_558' title='bbox 1098 5183 1128 5237; x_wconf 90' lang='lat' dir='ltr'>in</span> <span class='ocrx_word' id='word_1_559' title='bbox 1144 5181 1244 5238; x_wconf 85' lang='lat' dir='ltr'>eadem</span> <span class='ocrx_word' id='word_1_560' title='bbox 1258 5188 1355 5237; x_wconf 87' lang='lat' dir='ltr'>sancta</span> <span class='ocrx_word' id='word_1_561' title='bbox 1369 5181 1476 5253; x_wconf 85' lang='lat' dir='ltr'>synodo</span> <span class='ocrx_word' id='word_1_562' title='bbox 1487 5180 1595 5253; x_wconf 87' lang='lat' dir='ltr'>judicio</span> <span class='ocrx_word' id='word_1_563' title='bbox 1612 5185 1773 5251; x_wconf 78' lang='lat' dir='ltr'>legatorum</span> <span class='ocrx_word' id='word_1_564' title='bbox 1789 5181 1854 5235; x_wconf 85' lang='lat' dir='ltr'>bea·</span> 
     </span>
     <span class='ocr_line' id='line_1_61' title="bbox 1006 5269 1853 5343; baseline -0.005 -17"><span class='ocrx_word' id='word_1_565' title='bbox 1006 5271 1109 5326; x_wconf 89' lang='lat' dir='ltr'>tissimi</span> <span class='ocrx_word' id='word_1_566' title='bbox 1126 5287 1207 5343; x_wconf 77' lang='lat' dir='ltr'>papae</span> <span class='ocrx_word' id='word_1_567' title='bbox 1223 5271 1340 5336; x_wconf 87' lang='lat' dir='ltr'>Nicolai,</span> <span class='ocrx_word' id='word_1_568' title='bbox 1362 5274 1390 5324; x_wconf 92' lang='lat' dir='ltr'>et</span> <span class='ocrx_word' id='word_1_569' title='bbox 1403 5286 1543 5324; x_wconf 82' lang='lat' dir='ltr'>consensu</span> <span class='ocrx_word' id='word_1_570' title='bbox 1561 5270 1762 5343; x_wconf 89' lang='lat' dir='ltr'>episcoporum</span> <span class='ocrx_word' id='word_1_571' title='bbox 1778 5269 1853 5325; x_wconf 88' lang='lat' dir='ltr'>mul·</span> 
     </span>
    </p>
   </div>
   <div class='ocr_carea' id='block_1_11' title="bbox 102 5334 1853 5519">
    <p class='ocr_par' dir='ltr' id='par_1_13' title="bbox 102 5334 1853 5519">
     <span class='ocr_line' id='line_1_62' title="bbox 103 5334 1853 5431; baseline 0.002 -21"><span class='ocrx_word' id='word_1_572' title='bbox 103 5363 131 5411; x_wconf 89' lang='lat' dir='ltr'>et</span> <span class='ocrx_word' id='word_1_573' title='bbox 146 5358 316 5413; x_wconf 85' lang='lat' dir='ltr'>venerabilis</span> <span class='ocrx_word' id='word_1_574' title='bbox 337 5358 470 5412; x_wconf 79' lang='lat' dir='ltr'>italensis</span> <span class='ocrx_word' id='word_1_575' title='bbox 495 5358 574 5413; x_wconf 90' lang='lat' dir='ltr'>urbis</span> <span class='ocrx_word' id='word_1_576' title='bbox 596 5359 672 5413; x_wconf 90' lang='lat' dir='ltr'>sedis</span> <span class='ocrx_word' id='word_1_577' title='bbox 697 5359 786 5415; x_wconf 84' lang='lat' dir='ltr'>divini</span> <span class='ocrx_word' id='word_1_578' title='bbox 803 5367 949 5431; x_wconf 88' lang='lat' dir='ltr'>respectus</span> <span class='ocrx_word' id='word_1_579' title='bbox 969 5334 992 5388; x_wconf 71' lang='lat' dir='ltr'>D</span> <span class='ocrx_word' id='word_1_580' title='bbox 1007 5359 1149 5430; x_wconf 88' lang='lat' dir='ltr'>tiplicium</span> <span class='ocrx_word' id='word_1_581' title='bbox 1178 5359 1327 5429; x_wconf 79' lang='lat' dir='ltr'>regionum</span> <span class='ocrx_word' id='word_1_582' title='bbox 1367 5362 1511 5429; x_wconf 89' lang='lat' dir='ltr'>patratum</span> <span class='ocrx_word' id='word_1_583' title='bbox 1541 5364 1610 5425; x_wconf 88' lang='lat' dir='ltr'>est;</span> <span class='ocrx_word' id='word_1_584' title='bbox 1638 5364 1717 5428; x_wconf 89' lang='lat' dir='ltr'>patet</span> <span class='ocrx_word' id='word_1_585' title='bbox 1743 5358 1853 5414; x_wconf 87' lang='lat' dir='ltr'>cunctis</span> 
     </span>
     <span class='ocr_line' id='line_1_63' title="bbox 102 5444 1853 5519; baseline 0.002 -20"><span class='ocrx_word' id='word_1_586' title='bbox 102 5445 195 5516; x_wconf 81' lang='lat' dir='ltr'>gretia</span> <span class='ocrx_word' id='word_1_587' title='bbox 209 5445 349 5516; x_wconf 80' lang='lat' dir='ltr'>pontifex.</span> <span class='ocrx_word' id='word_1_588' title='bbox 373 5444 448 5500; x_wconf 89' lang='lat' dir='ltr'>circa</span> <span class='ocrx_word' id='word_1_589' title='bbox 463 5445 577 5517; x_wconf 67' lang='lat' dir='ltr'>vigilias</span> <span class='ocrx_word' id='word_1_590' title='bbox 593 5446 686 5518; x_wconf 86' lang='lat' dir='ltr'>plebis</span> <span class='ocrx_word' id='word_1_591' title='bbox 708 5449 868 5504; x_wconf 80' lang='lat' dir='ltr'>commissae</span> <span class='ocrx_word' id='word_1_592' title='bbox 881 5448 950 5504; x_wconf 90' lang='lat' dir='ltr'>dili·</span> <span class='ocrx_word' id='word_1_593' title='bbox 1005 5452 1127 5519; x_wconf 87' lang='lat' dir='ltr'>quantas</span> <span class='ocrx_word' id='word_1_594' title='bbox 1156 5446 1278 5502; x_wconf 82' lang='lat' dir='ltr'>Ecclesia</span> <span class='ocrx_word' id='word_1_595' title='bbox 1306 5452 1404 5501; x_wconf 82' lang='lat' dir='ltr'>nostra</span> <span class='ocrx_word' id='word_1_596' title='bbox 1440 5446 1576 5501; x_wconf 85' lang='lat' dir='ltr'>scissuras</span> <span class='ocrx_word' id='word_1_597' title='bbox 1602 5446 1765 5517; x_wconf 84' lang='lat' dir='ltr'>pertulerit,</span> <span class='ocrx_word' id='word_1_598' title='bbox 1787 5461 1853 5502; x_wconf 86' lang='lat' dir='ltr'>cum</span> 
     </span>
    </p>
   </div>
   <div class='ocr_carea' id='block_1_12' title="bbox 0 0 1970 6098">
    <p class='ocr_par' dir='ltr' id='par_1_14' title="bbox 0 0 1970 6098">
     <span class='ocr_line' id='line_1_64' title="bbox 0 0 1970 6098; baseline 0 0"><span class='ocrx_word' id='word_1_599' title='bbox 0 0 1970 6098; x_wconf 95' lang='lat' dir='ltr'> </span> 
     </span>
    </p>
   </div>
  </div>
 </body>
</html>
