3930 6098
77 242 133 295 2I3

74 372 149 496 ¹tiilrlrln
162 374 301 497 ¹'cerscrppgis
330 373 435 500 Cthristi
455 373 486 427 in
510 374 686 429 Eucharistia
701 392 797 431 veram
819 383 847 432 et
868 395 924 433 rea·
944 380 1068 437 Aiaclas
1084 381 1181 447 inisse,
1197 387 1325 452 tempore
1344 383 1525 452 pontificatus
1541 381 1645 437 Gelasii
1661 386 1713 437 aut
1735 381 1827 437 sancti
1928 436 1930 445 ,

87 462 103 497 e
139 483 146 505 ,
217 461 245 496 es
293 461 362 499 era.

112 515 191 569 lilii.
217 517 337 570 Primum
365 519 404 569 est
434 515 507 583 quod
533 517 658 586 mysterii
673 518 800 572 uocabula
824 529 951 589 prapa'

74 590 145 638 atera
172 586 326 641 abutatur:
354 601 428 640 nam.
448 590 519 640 mrim
540 590 584 652 7³,
601 587 646 654 ti,
659 593 684 641 et
696 591 730 643 98
744 606 843 656 parram
867 607 925 646 corc-

74 660 210 710 secratum
225 672 280 711 esse
291 659 449 724 mysterium
464 657 549 720 dccet,
575 664 632 711 turn
658 663 778 727 carparis
807 667 834 714 ia
872 679 924 730 pica

74 726 190 780 chistus
203 733 244 781 est
268 732 360 794 natas,
382 733 439 781 tam
462 731 582 797 corporis
611 731 744 797 Ecclesia,
764 732 836 798 quaa
864 748 924 786 ma-

72 798 150 851 aime
161 798 306 852 abhorrere
319 814 338 853 a
350 814 412 853 acro
421 801 516 854 multis
530 799 695 854 documentis
713 804 851 856 evicimus.

421 919 579 959 tastonam.

109 991 166 1044 Nec
191 993 222 1045 in
249 992 291 1044 his
314 992 444 1045 numeris
469 1008 520 1045 nec
552 993 621 1046 alibi
644 996 817 1049 IIatrrmnas
841 996 923 1051 docet

71 1078 170 1130 panem
195 1069 377 1117 rorrsccratum
399 1078 454 1117 esse
478 1067 646 1131 mysterium,
670 1067 718 1120 sed
743 1067 866 1136 liguram
894 1074 922 1121 et

74 1133 171 1186 velum
190 1133 267 1203 quod
282 1133 410 1204 contegit
428 1139 457 1187 et
472 1135 575 1187 ocerrlit
590 1152 630 1189 coi
639 1152 693 1205 pus
707 1137 820 1190 Christi.
844 1138 920 1192 Idem

73 1203 172 1256 docuit
199 1205 365 1257 Paschasius
389 1205 510 1258 inlinitis
539 1204 615 1270 locis,
644 1208 792 1286 speciatim
818 1225 879 1277 cap.
904 1212 921 1263 la

74 1274 138 1328 libri
154 1274 190 1327 de
203 1277 330 1342 Corpore
342 1282 370 1328 et
389 1275 534 1345 Sanguine
552 1276 665 1330 [lomim
686 1278 785 1331 llalmo
803 1280 920 1333 llalber·

73 1347 217 1410 statansis,
233 1360 319 1415 quem
335 1346 559 1399 adversashunc
578 1347 726 1401 Ilatramni
741 1351 834 1402 locam
851 1366 920 1418 pro-

74 1416 127 1469 lert
149 1415 327 1482 dissertator,
344 1416 415 1469 nihil
436 1416 462 1468 ai
486 1419 662 1471 contrarium
683 1426 732 1473 ant
755 1435 919 1488 repugnans

72 1487 150 1551 dicit,
168 1486 228 1540 imo
251 1502 319 1540 rere
340 1487 572 1567 raldepropitius
600 1495 643 1542 est
674 1489 703 1542 ia
733 1495 855 1544 tractatu
883 1493 918 1544 do

72 1557 199 1626 Corpore
214 1561 242 1610 et
252 1557 396 1627 Sanguine
412 1557 537 1621 Domini,
553 1574 638 1627 quem
652 1560 757 1628 publici
763 1561 838 1629 juris
853 1563 919 1616 sealt

71 1628 253 1682 doctissImus
284 1627 441 1681 monachus
474 1629 597 1682 domnus
626 1629 713 1683 Lucas
752 1632 916 1686 dacherius

72 1704 152 1752 tomo
168 1699 214 1753 XII
228 1698 386 1768 SpicilegiI,
404 1713 468 1767 pag.
483 1702 528 1764 28,
544 1699 574 1752 in
591 1716 648 1770 quo
666 1701 724 1754 luec
740 1703 835 1764 rerba,
851 1719 915 1772 quae

69 1785 186 1823 sensum
213 1769 363 1823 ltatramui
387 1769 504 1822 miciliae
534 1771 684 1840 explicant,
710 1772 766 1836 legi
784 1779 913 1839 possunt.

71 1861 84 1890 a
106 1842 212 1910 Inque
237 1840 355 1910 qaudam
381 1839 484 1894 Christi
498 1856 617 1909 corpore
633 1849 661 1894 et
684 1845 824 1912 sauguine
848 1860 918 1915 pro-

70 1917 133 1980 pter
156 1911 333 1964 sumentium
356 1910 506 1965 horrorem
522 1927 607 1981 sapor
632 1912 715 1981 panis
739 1918 767 1966 et
782 1913 840 1967 vini
869 1931 917 1968 re-

71 1988 190 2036 manent
216 1988 245 2034 et
268 1981 371 2049 ligura,
388 1980 612 2035 substantiarum
634 1989 738 2036 nutrire
755 1984 784 2036 in
814 2001 917 2055 corpus

70 2052 174 2107 Christi
189 2059 219 2105 et
234 2052 404 2121 sangninem
419 2051 536 2105 omnino
556 2068 701 2106 conversa.
719 2054 773 2108 Sed
783 2054 862 2109 alind
876 2072 917 2110 re-

71 2124 206 2180 nuntiant
220 2138 322 2177 sensus
339 2123 441 2188 carnis,
457 2123 534 2176 alind
551 2124 696 2177 renuntiat
709 2125 780 2178 lides
793 2126 914 2180 mentis:

71 2210 170 2248 sensus
183 2194 277 2246 caruis
288 2194 359 2246 nihil
373 2193 448 2246 alind
458 2195 624 2247 renuntiare
632 2199 750 2265 possunt
759 2212 916 2265 quamsen·

69 2266 154 2329 tiaat,
171 2265 335 2318 intellectus
351 2271 446 2317 autem
461 2266 566 2318 mentis
578 2270 607 2319 et
622 2268 692 2319 tides
706 2282 801 2319 veram
812 2267 916 2323 Christi

71 2351 189 2388 carnem
205 2340 234 2387 et
248 2334 418 2405 sanguinem
432 2337 579 2389 renuntiat
592 2341 620 2389 et
634 2336 796 2390 confitetur.
816 2358 827 2385 s

103 2405 196 2460 xtlil.
235 2406 287 2458 Nec
322 2420 384 2459 aero
419 2409 628 2472 patrocinantur
663 2408 918 2475 pseudaltatramni

69 2479 156 2530 errari
185 2478 321 2530 craticius
346 2478 530 2531 accastasttca
568 2477 629 2532 aaa
651 2492 722 2546 qaas
748 2479 793 2532 iltc
821 2482 917 2534 recitat

69 2564 142 2601 nam.
160 2549 195 2601 85
210 2552 237 2601 ct
251 2548 296 2601 88.
747 2557 754 2568 ·

415 2631 571 2672 naseonsro.

106 2708 144 2760 Ilo
175 2705 223 2759 bis
247 2704 424 2759 orationibus
449 2705 580 2760 Ecclesiae
600 2706 661 2774 jam
676 2705 801 2761 diximus
830 2724 916 2778 snpra

71 2778 103 2830 ad
118 2776 342 2846 explicationem
357 2775 485 2844 epistola
503 2776 626 2831 ascelini
637 2777 672 2832 ad
693 2778 913 2847 BerengarIam;

71 2848 201 2901 nonalia
224 2846 344 2901 consilio
374 2863 421 2900 eas
449 2847 575 2917 prodidit
603 2848 776 2902 Ratramnus
802 2849 857 2902 nisi
885 2858 916 2902 ut

71 2919 240 2987 opinionem
265 2932 365 2970 eorum
394 2917 540 2987 frangeret
564 2918 614 2988 qai
639 2919 693 2972 sihi
716 2926 915 2990 persuaserant

72 2989 170 3042 omnia
195 3005 257 3042 esse
272 2996 370 3056 aperta
385 2993 413 3041 et
436 2990 465 3041 iu
487 2994 638 3058 prospectu
653 3006 789 3043 sensuum
807 2994 836 3043 et
850 3007 916 3044 ocu-

441 240 667 299 bissanrarlo
687 244 720 298 IN
742 246 805 301 ΗΒ.
828 246 871 302 DE
891 247 1055 304 CORPORE
1077 249 1121 304 ET
1141 248 1315 306 SANGUINE
1336 249 1468 306 malni.

1776 253 1829 306 all

979 452 1108 521 Gregorii
1123 452 1229 522 IIagni,
1242 453 1407 522 inquorum
1422 453 1653 507 sacramentariis
1674 452 1823 509 codicibus

980 524 1171 592 reperiuntur,
1180 523 1283 577 nullibi
1293 538 1359 577 vcro
1371 524 1400 576 in
1411 524 1546 593 operibns
1556 525 1645 578 sancti
1654 523 1827 593 Augustini?

979 594 1043 647 llaec
1053 594 1124 648 adeo
1140 594 1284 648 imbecilla
1299 600 1366 647 sunt
1380 600 1412 649 ut
1435 594 1622 670 responsione
1638 611 1695 649 non
1711 601 1824 675 egeant.

979 665 1040 717 Non
1058 665 1259 733 optabiliorem
1275 665 1362 718 habet
1377 664 1544 720 dissertator
1560 667 1669 720 exitum
1684 683 1717 718 ex
1732 671 1824 720 mter·

978 736 1137 803 pratatione
1148 751 1234 804 qrsarn
1249 735 1331 788 alteri
1343 731 1408 789 huic
1421 734 1542 788 orationi
1551 736 1670 790 inducit.
1679 738 1825 804 Perticiaat

976 807 1005 859 in
1032 808 1118 870 rachis,
1148 809 1265 871 tramine,
1294 821 1457 875 quesumus,
1481 810 1529 859 tua
1554 812 1725 861 sacramenta
1750 806 1823 874 qaod

976 878 1112 930 contineat
1129 881 1178 930 :at
1198 892 1257 944 aare
1277 892 1348 930 rranc
1362 879 1449 946 specie
1463 878 1592 942 gemmus,
1604 891 1694 931 reram
1708 880 1838 937 ueritate,

976 949 1125 1014 capiamus.
1143 947 1293 1000 Contendit
1303 947 1381 1000 enim
1407 947 1559 1000 oblirmato
1574 950 1687 1016 pectore
1706 963 1821 1001 sensum

976 1019 1061 1087 hrrjus
1072 1017 1210 1071 orationis
1228 1035 1283 1071 riou
1294 1017 1407 1072 diliarre
1423 1036 1438 1070 a
1457 1033 1540 1071 sensa
1567 1016 1682 1070 alterius
1698 1016 1741 1070 his
1755 1033 1820 1072 rer·

975 1087 1018 1141 bis
1032 1093 1177 1158 conceptae
1198 1093 1327 1158 tempore
1352 1089 1492 1142 Pasalmsii
1506 1105 1512 1141 :
1525 1088 1659 1157 Spiritum
1672 1088 1748 1142 nabis
1769 1093 1822 1143 raa

974 1159 1119 1213 alacritatis
1143 1161 1268 1223 trifariae,
1285 1165 1313 1212 ut
1340 1175 1405 1226 arcos
1433 1160 1610 1213 sacramentis
1641 1158 1819 1212 Pascbatibas

973 1232 1094 1293 satiasti,
1108 1233 1155 1283 tuci
1169 1232 1258 1293 sarias
1272 1234 1373 1298 pietate
1388 1230 1538 1284 corrcorcies.
1556 1230 1619 1282 Non
1632 1227 1747 1282 difficile
1764 1244 1821 1281 ma·

973 1300 1017 1369 gis
1047 1303 1181 1367 probaret
1206 1301 1344 1368 hymnam
1368 1303 1402 1353 Te
1429 1303 1512 1354 mirra
1537 1299 1682 1353 laudamus
1711 1298 1817 1354 babere

973 1371 1105 1424 eumdem
1121 1387 1234 1424 sensum
1250 1387 1314 1423 curn
1328 1372 1437 1439 psalmo
1448 1374 1483 1424 Dc
1497 1370 1644 1439 profundis
1659 1385 1711 1423 cix.

1007 1441 1095 1496 XLIV.
1129 1442 1242 1494 hissera
1271 1457 1327 1511 pag
1349 1443 1411 1506 ⁶295,
1434 1441 1501 1494 edit.
1527 1440 1680 1494 amstelod.
1702 1444 1731 1492 et
1757 1441 1818 1494 188.

973 1513 1039 1565 edit.
1058 1511 1146 1565 Petris.
1176 1513 1304 1565 Parcersa
1329 1513 1383 1565 bac
1407 1513 1531 1579 mysterii
1544 1514 1673 1580 acceptio,
1700 1510 1817 1565 Pseudo·

971 1584 1292 1644 Itutumruamtrarrrsfcrt
1327 1585 1354 1634 ia
1382 1598 1441 1635 eam
1466 1583 1636 1647 senteutiam,
1652 1586 1682 1634 at
1711 1583 1818 1649 passim

971 1655 1083 1720 affirmet
1100 1667 1196 1720 corpus
1217 1652 1330 1718 dimisti,
1346 1652 1418 1720 quod
1441 1657 1480 1707 est
1494 1655 1524 1705 in
1538 1653 1633 1720 altari,
1653 1666 1751 1719 maana
1773 1651 1816 1705 az·-

935 1733 956 1788 Β
971 1729 1044 1777 stara
1058 1724 1201 1777 interculta
1216 1725 1250 1776 ab
1268 1739 1296 1777 co
1310 1725 1339 1776 ia
1353 1739 1404 1791 quir
1421 1723 1544 1778 Christus
1556 1727 1637 1776 natus
1652 1727 1691 1776 cst
1706 1738 1712 1775 :
1729 1737 1816 1791 quarr-

971 1798 1028 1848 tum
1044 1796 1115 1847 inter
1138 1796 1246 1858 si'paum
1260 1796 1310 1858 rei,
1331 1796 1442 1860 scilicet,
1453 1799 1479 1848 et
1498 1808 1553 1847 rem
1570 1794 1754 1861 significatam
1767 1791 1814 1844 dc-

972 1865 1014 1919 irct
1028 1865 1173 1919 discrimen
1183 1867 1320 1919 iuteresse.

1312 1984 1472 2024 absconsio.

1008 2076 1181 2130 Necvnnum
1197 2090 1249 2127 nec
1272 2088 1434 2143 perversam
1461 2071 1729 2141 interpretationem
1754 2070 1814 2124 roci

970 2147 1094 2214 mysterii
1109 2145 1219 2198 inducIt
1238 2145 1429 2198 listramnus:
1446 2147 1585 2213 apertast
1607 2144 1682 2196 clare
1698 2156 1813 2195 sensum

971 2233 1054 2270 suum
1072 2217 1194 2285 explicat
1207 2230 1329 2268 numero
1344 2217 1370 2278 9,
1400 2214 1446 2267 cui
1468 2213 1572 2268 addere
1591 2215 1635 2267 rel
1664 2212 1814 2266 detrahere

971 2289 1128 2358 quidquam
1144 2286 1282 2341 horribile
1292 2289 1334 2338 est
1348 2289 1377 2338 et
1388 2283 1657 2354 pertimescendum.
1671 2303 1685 2332 a
1696 2282 1725 2337 si
1735 2283 1814 2336 nulla

971 2359 1024 2412 sub
1040 2359 1132 2426 llgura
1142 2357 1309 2427 mysterium
1320 2356 1389 2408 illud
1402 2355 1559 2426 peragitur,
1573 2359 1634 2408 tum
1647 2353 1816 2423 mysterium

972 2445 1028 2483 non
1050 2435 1125 2481 recle
1148 2427 1298 2480 vocitatur.
1324 2425 1465 2489 Quoniam
1492 2425 1659 2494 mysterium
1683 2423 1739 2478 dici
1762 2439 1819 2476 nim

970 2505 1064 2568 potest
1077 2498 1108 2552 in
1122 2514 1179 2568 quo
1195 2497 1266 2551 nihil
1283 2503 1325 2551 est
1340 2496 1479 2560 abditum,
1498 2495 1570 2549 nihil
1585 2510 1602 2548 a
1617 2493 1818 2564 corporalibus

971 2570 1100 2623 sensibus
1111 2574 1265 2634 remotam,
1278 2567 1351 2620 nihil
1363 2566 1608 2647 aliquorelamine
1620 2570 1793 2619 contectum.
1806 2585 1819 2613 ο

971 2640 1039 2703 Quis
1055 2640 1083 2693 ln
1097 2639 1142 2694 his
1154 2639 1280 2694 veritatis
1292 2639 1469 2707 amplissima
1485 2637 1605 2706 vestigia
1622 2653 1681 2690 noa
1704 2634 1819 2705 perspi-

970 2711 1045 2765 ciat?
1070 2710 1139 2773 Quis
1164 2710 1226 2764 baec
1252 2709 1408 2763 conrenIre
1434 2708 1619 2761 Eucharistiae
1635 2705 1767 2760 dubitet?
1789 2704 1821 2758 in

971 2798 1029 2852 qna
1043 2781 1114 2835 fides
1128 2786 1156 2833 et
1179 2781 1341 2833 intellectus
1363 2780 1506 2847 objectum
1535 2777 1641 2831 hahent
1665 2792 1768 2846 corpus
1792 2782 1822 2829 et

970 2852 1140 2923 sanguinein
1155 2851 1259 2906 Christi
1270 2850 1477 2914 abscondilum,
1503 2864 1602 2902 sensus
1626 2863 1692 2901 vero
1720 2846 1819 2901 soliis·

970 2923 1026 2978 rias
1042 2922 1149 2992 species
1164 2922 1247 2991 panis
1261 2925 1289 2974 et
1305 2920 1364 2973 vini
1386 2919 1565 2989 susperstites
1584 2916 1771 2988 perspiciunt,
1789 2924 1821 2970 ut

972 2994 1073 3047 eodem
1087 3007 1206 3045 numero
1223 2995 1238 3046 9
1254 2992 1293 3044 ait
1307 2990 1489 3043 listramnns.
1509 2990 1547 3041 De
1563 2989 1673 3058 reliquo
1690 2988 1764 3042 nihil
1777 2989 1819 3041 oi-

71 3059 164 3113 lorum
179 3059 210 3112 in
227 3058 409 3122 Ericharistia,
433 3058 519 3112 nullis
543 3059 653 3112 umbris
671 3066 720 3113 aut
750 3061 849 3123 ligiiris
868 3062 919 3115 ab·
936 3057 955 3110 ί]
973 3065 1033 3118 licit
1046 3063 1156 3130 legibus
1177 3069 1259 3115 rectia
1279 3061 1397 3113 rationis
1413 3064 1462 3112 ant
1479 3059 1647 3114 Christianae
1670 3057 1820 3128 religionis

72 3131 161 3184 relata
179 3146 185 3182 :
204 3131 384 3199 qrinpecum
395 3129 440 3182 his
453 3130 649 3198 rogationibus
663 3137 808 3200 peteretur
825 3149 839 3183 a
862 3132 918 3185 Deo

72 3206 100 3254 ut
116 3200 192 3270 quod
211 3203 240 3253 in
262 3202 381 3270 imagine
404 3199 584 3268 carctinpimus
610 3203 773 3255 sacramenti
800 3204 918 3267 nicaise·

72 3276 114 3326 stu
130 3276 183 3326 aut
207 3272 389 3336 manifestato
409 3272 621 3339 participatione
650 3286 798 3337 sumamus,
813 3277 844 3326 ut
860 3288 919 3341 aaa

72 3358 142 3397 nuuc
164 3345 253 3410 specie
268 3343 396 3407 perimas,
419 3356 510 3394 reram
524 3345 636 3396 ueritate
659 3344 809 3410 capiamus,
824 3343 852 3396 id
877 3350 920 3397 est

71 3414 302 3480 manifestatione,
319 3412 379 3464 hiae
393 3411 471 3464 enini
486 3427 538 3465 vox
562 3414 749 3479 manifestatio
763 3415 835 3483 stylo
863 3415 917 3468 Ila-

72 3483 177 3538 trarnni
206 3498 271 3536 voce
299 3483 423 3535 ueritatis
451 3481 640 3551 significatur,
667 3489 698 3537 ut
726 3499 812 3553 supra
833 3490 861 3538 et
889 3484 919 3537 in

72 3552 242 3624 pretatione
259 3551 527 3606 demonstravimus.
543 3553 587 3607 Sic
601 3554 634 3608 ad
659 3554 917 3608 manifestationem

72 3624 289 3695 significandam
310 3637 377 3675 voce
390 3625 514 3677 ueritatis
530 3640 597 3677 usus
619 3629 662 3677 ast
686 3626 785 3680 beatus
800 3627 919 3694 elgerus

73 3695 120 3750 lib.
138 3712 146 3749 r
163 3695 200 3749 de
227 3692 416 3758 Eucharistia,
432 3709 494 3764 cap.
511 3696 526 3747 5
544 3711 551 3748 :
572 3713 585 3745 a
609 3695 697 3756 Unde,
712 3696 816 3765 inquit,
833 3698 918 3750 etiam

72 3766 98 3819 iu
113 3767 173 3820 fine
199 3763 348 3834 cujusdam
369 3763 463 3817 missae
487 3771 586 3819 oratur
601 3773 629 3819 et
655 3765 776 3820 dialtur:
794 3788 807 3815 n
831 3769 919 3832 Perti-

73 3840 145 3891 ciant
170 3837 201 3889 ia
226 3834 312 3899 nebia
343 3836 464 3902 Domine,
487 3851 649 3903 quesumus.
672 3842 842 3891 sacramenta
873 3842 920 3892 tua

73 3907 144 3975 cuod
158 3907 307 3970 continent,
333 3911 362 3959 at
378 3906 450 3973 quad
471 3921 541 3973 nunc
570 3911 656 3975 specie
670 3910 798 3973 aerinas,
830 3924 920 3962 reram

73 3982 186 4034 ueritate
205 3979 355 4047 cripiamus.
385 3976 512 4030 Postulat
533 3979 640 4057 quippe
663 3980 794 4032 sacerdos
814 3987 918 4036 utcnr-

73 4065 124 4119 pus
154 4047 270 4111 Christi,
295 4047 371 4116 quod
397 4047 449 4100 sub
473 4063 567 4117 specie
594 4048 678 4118 panis
704 4054 732 4102 et
760 4049 817 4102 vini
844 4065 920 4103 nunc

973 3134 1163 3188 dill'erentiam
1189 3146 1392 3199 recognoscere
1414 3131 1491 3183 inter
1506 3144 1609 3196 eorpus
1626 3127 1728 3180 Christi
1742 3128 1818 3181 vela·

972 3213 1033 3259 tam
1050 3203 1164 3257 elidem
1184 3218 1288 3270 carpus
1313 3199 1422 3253 editum
1439 3205 1466 3252 et
1496 3198 1690 3259 manifestum,
1714 3214 1818 3266 corpus

973 3275 1204 3341 circumscriptura
1228 3273 1354 3325 locatum
1375 3276 1405 3323 ul
1421 3268 1587 3339 philosophi
1609 3269 1776 3337 loquuntur,
1792 3273 1819 3320 et

973 3346 1051 3400 idem
1072 3361 1176 3414 corpus
1199 3343 1347 3414 spIrituale
1372 3347 1400 3395 et
1418 3340 1558 3402 definitive
1583 3339 1722 3410 positam.
1753 3340 1817 3392 llaec

973 3416 1134 3471 differentia
1157 3413 1344 3468 substantiam
1377 3411 1505 3481 corporis
1531 3426 1587 3465 non
1627 3415 1743 3480 spectat,
1768 3409 1817 3463 sed

972 3487 1065 3542 varios
1091 3485 1227 3539 existendi
1250 3487 1361 3538 modos.
1385 3483 1457 3547 Ouid
1481 3487 1556 3535 retal
1587 3481 1706 3540 multam
1728 3495 1817 3549 agno-

972 3574 1050 3612 scere
1068 3556 1285 3626 dIscrepantiam
1299 3555 1375 3608 inter
1391 3568 1511 3622 corpora
1536 3556 1634 3606 nostra
1650 3552 1712 3604 riva
1724 3555 1753 3603 et
1772 3566 1818 3602 ea-

974 3631 1040 3684 dem
1067 3640 1129 3697 post
1146 3626 1383 3680 resurrectionem
1412 3622 1560 3678 redivIra‘l
1592 3621 1727 3692 Nunquid
1746 3637 1819 3700 ‚non

973 3699 1094 3770 aposloli
1127 3713 1269 3751 summam
1310 3700 1488 3763 agnoverant
1518 3693 1710 3746 differentiam
1744 3697 1819 3745 inter

974 3786 1078 3839 corpus
1093 3767 1198 3823 Christi
1211 3766 1369 3835 gloriosum
1391 3764 1611 3834 etsplendidum
1634 3763 1680 3822 die
1703 3762 1819 3816 transii-

974 3839 1133 3909 gurationis
1151 3842 1179 3891 et
1205 3837 1281 3890 idem
1304 3851 1406 3906 corpus
1431 3835 1475 3888 die
1501 3832 1762 3902 transfigurationis
1790 3838 1819 3886 et

975 3911 1073 3966 mortis
1090 3912 1213 3963 lacerum
1238 3914 1266 3959 et
1287 3910 1429 3959 truncum.
1456 3904 1530 3957 Nihil
1553 3902 1645 3955 obstat
1665 3903 1754 3972 igitur
1767 3901 1817 3955 ad·

975 3983 1088 4036 mittere
1112 3979 1265 4032 discrimen
1295 3982 1324 4031 et
1352 3976 1533 4030 Intervallum
1560 3973 1718 4027 maximam
1744 3972 1819 4026 inter

974 4068 1078 4120 corpus
1101 4050 1205 4105 Christi
1228 4052 1327 4101 natum
1352 4047 1385 4101 de
1401 4046 1526 4114 Virgine,
1550 4059 1666 4114 passum
1689 4047 1717 4095 et
1741 4043 1818 4096 cruci

74 4120 194 4189 geritur.
213 4119 364 4172 manitesta
382 4117 503 4181 visione,
532 4120 605 4172 sicut
629 4135 729 4173 revera
750 4125 801 4185 est,
827 4136 919 4189 aaran·
975 4124 1102 4187 ailixum,
1119 4121 1225 4174 factum
1239 4119 1432 4188 spectaculum
1458 4117 1564 4170 mundo
1588 4121 1615 4168 et
1639 4113 1817 4179 hominibus,

74 4193 166 4271 ioque
185 4189 328 4259 captatum
346 4189 381 4241 de
400 4204 457 4258 qua
475 4190 585 4243 risione
609 4190 758 4243 docuimus
780 4190 810 4243 in
832 4191 920 4244 Evan-
975 4201 1003 4247 et
1015 4193 1092 4247 idern
1107 4206 1209 4260 corpus
1223 4191 1360 4256 velatum,
1376 4187 1573 4242 absconditum
1586 4185 1686 4256 figuris
1701 4188 1730 4237 et
1751 4200 1818 4263 urn-
1864 4236 1867 4241 .

74 4262 148 4331 gebo
172 4259 329 4313 secundani
343 4260 480 4313 Ioannem
496 4275 502 4313 :
520 4263 573 4330 (tui
598 4261 691 4328 diligit
713 4277 762 4326 me,
788 4260 920 4330 ditipctar
974 4264 1032 4319 hris
1047 4263 1208 4316 involutum
1224 4261 1254 4314 in
1270 4259 1456 4325 Eucharistia,
1481 4257 1665 4327 impalpabile
1680 4259 1708 4310 et
1732 4255 1819 4309 nullis

75 4333 195 4386 aPatre
222 4344 289 4396 meo,
312 4333 336 4383 et
352 4329 467 4394 diligam
491 4345 550 4384 eam
573 4336 599 4385 ct
623 4331 805 4395 manifestabo
819 4334 844 4385 ei
866 4347 919 4385 mc·
974 4334 1103 4389 sensibus
1118 4331 1283 4386 obnoxium.
1314 4332 1416 4384 Beatus
1435 4329 1566 4400 algerus,
1583 4326 1749 4396 Barengarii
1767 4326 1818 4379 ad·

75 4405 172 4470 iprum.
200 4400 234 4454 Et
246 4400 281 4454 da
298 4400 351 4453 boc
363 4401 466 4454 eodem
479 4407 658 4456 sacramento
673 4402 781 4471 legitur
795 4402 825 4454 in
855 4419 916 4472 pas·
939 4392 961 4446 Ῑ)
977 4402 1127 4463 rersarius.
1144 4401 1216 4456 dixit
1231 4402 1284 4456 hoc
1299 4417 1401 4472 corpus
1415 4416 1475 4455 esse
1499 4415 1577 4453 resur
1592 4415 1623 4451 ar
1641 4414 1695 4452 non
1716 4412 1816 4452 reson:

76 4470 245 4527 sionebeati
265 4469 405 4540 Itionysii,
429 4470 498 4541 quia
522 4472 590 4525 dum
625 4488 736 4526 sacrum
757 4474 923 4542 mysterium
978 4477 1053 4531 idam
1078 4473 1262 4534 Lanirancns,
1279 4471 1491 4527 cantuariensis
1504 4469 1743 4538 archiepiscopus.
1774 4468 1818 4521 ln-

75 4542 232 4597 celebraret
247 4541 278 4595 in
293 4556 415 4607 carcere,
431 4543 565 4612 apparuit
583 4542 610 4595 ei
626 4543 775 4607 Dominus,
790 4544 917 4614 dansque
979 4561 1065 4616 snper
1090 4544 1223 4598 omittere
1245 4558 1304 4596 non
1332 4542 1470 4596 debemus
1497 4541 1653 4594 secundam
1681 4537 1818 4608 algerum

75 4613 115 4668 illi
127 4619 228 4667 sancta
242 4611 313 4666 dixit
332 4627 339 4665 ε
355 4613 455 4680 Accipe
477 4613 631 4678 brachare
653 4629 737 4681 meus,
763 4614 836 4682 qaod
856 4630 919 4668 mac
973 4615 1095 4687 duplicis
1109 4614 1222 4683 generis
1245 4628 1345 4683 corpus
1365 4611 1468 4667 Christi
1491 4610 1648 4665 consistens
1673 4610 1703 4663 in
1725 4625 1819 4664 sacra·

76 4685 209 4752 mmptcbo
237 4683 288 4736 tibi
315 4697 371 4735 ana
389 4696 449 4736 cum
471 4684 553 4737 Patre
573 4698 638 4737 mea.
669 4686 707 4736 lle
737 4683 761 4736 si
786 4683 917 4738 diceret:
973 4691 1070 4741 mento
1114 4683 1305 4750 Eucharistiae,
1340 4682 1446 4736 scilicet
1471 4681 1707 4750 nuncupativum,
1742 4681 1818 4750 quod

76 4755 154 4818 Quod
183 4753 236 4808 tibi
261 4753 348 4821 dono,
377 4752 412 4807 do
438 4752 469 4807 in
494 4753 598 4808 viatico
619 4771 626 4808 :
651 4770 710 4809 non
746 4755 863 4809 mutabo
889 4755 919 4808 in

76 4825 194 4906 premio
220 4823 329 4878 uidem
354 4822 442 4887 aliud,
459 4824 508 4878 sed
536 4825 661 4895 idipsum
684 4825 834 4895 complebo
861 4842 919 4879 me·

76 4912 170 4967 ipsum
200 4893 398 4958 manifestans,
428 4900 482 4948 etc.
518 4895 670 4951 observari
695 4896 726 4948 in
750 4896 919 4965 praelatione

76 4967 135 5034 bas,
172 4981 283 5038 praeces
310 4981 327 5017 a
359 4965 462 5019 Grauis
493 4965 526 5020 ad
558 4967 672 5021 Latinos
703 4966 790 5021 tuisse
823 4967 919 5021 tradu-

76 5044 141 5106 ctas,
179 5036 223 5090 uti
250 5035 439 5105 intelllgimns
476 5053 509 5090 ex
546 5037 640 5092 verbis
668 5037 759 5090 sancti
792 5037 921 5108 Dionysii

76 5125 138 5180 qnae
165 5107 298 5178 superins
325 5106 508 5176 prodidimus
536 5107 567 5161 in
592 5107 781 5177 responsione
806 5108 841 5163 ad
869 5109 920 5162 ob-

75 5179 231 5246 iectionem
248 5179 295 5243 l0;
325 5180 355 5230 at
383 5192 450 5231 vero
475 5179 621 5252 aratIones
638 5179 779 5247 ejusmodi
807 5179 846 5232 sic
873 5194 920 5232 ex-

76 5250 188 5320 plicatae
215 5247 288 5302 nulli
306 5248 398 5301 errori
427 5254 547 5319 possunt
570 5249 766 5319 patrocinari:
792 5250 921 5319 adeoque

77 5320 170 5374 omnis
196 5317 313 5373 hoeresis
342 5319 518 5373 contumelia
543 5320 729 5374 Ratramnum
761 5319 921 5374 immunem

77 5406 107 5445 ac
127 5404 236 5461 purum
260 5403 465 5458 recognoscere
495 5405 608 5444 neeesse
633 5395 683 5445 est.
719 5391 922 5446 Verumtamen

77 5463 262 5517 vehementer
273 5458 462 5515 allucInatum
476 5460 562 5515 inisse
576 5461 698 5531 probare
709 5461 810 5515 nititur
822 5462 924 5516 disser-

76 5535 159 5598 tator,
180 5531 351 5585 auctoritate
363 5531 453 5585 sancti
467 5533 632 5598 Augustini,
649 5532 699 5601 qui
711 5538 832 5587 tractatu
847 5549 922 5595 rava

76 5600 260 5658 inloanneru
271 5600 448 5667 manifestam
468 5605 706 5673 participationem
718 5603 925 5672 interpertatur

975 4756 1123 4827 speciebus
1147 4755 1229 4825 panis
1254 4763 1281 4808 et
1310 4753 1367 4807 riui
1396 4752 1505 4807 umbris
1531 4759 1559 4805 et
1580 4751 1817 4821 ligurisconstat;

976 4830 1095 4882 alterum
1120 4842 1218 4880 rerrrm
1245 4832 1273 4878 et
1297 4824 1449 4893 proprium
1470 4823 1506 4877 de
1529 4823 1616 4877 Ilaria
1637 4822 1751 4892 VIrgine
1774 4835 1818 4871 as-

975 4904 1134 4968 sumptum,
1152 4895 1203 4949 sub
1220 4894 1412 4965 nuncupativa
1432 4895 1574 4948 occultum
1591 4898 1620 4946 et
1638 4893 1819 4968 delitescens,

975 4971 1120 5023 oculosac
1148 4982 1248 5020 sensus
1276 4965 1426 5020 hominum
1451 4965 1562 5019 iallens.
1588 4961 1746 5032 Deqaihus
1776 4965 1816 5012 art

976 5041 1170 5094 autrannus:
1195 5058 1205 5084 ι
1228 5038 1285 5092 Noa
1306 5037 1378 5106 arcad
1403 5037 1521 5091 duarum
1538 5039 1594 5090 siat
1619 5033 1818 5085 existentiaru-

975 5126 1051 5175 rum;
1067 5130 1081 5158 u
1099 5116 1126 5164 et
1145 5106 1262 5180 quidem
1286 5107 1405 5161 rotunde
1433 5112 1462 5160 et
1484 5104 1642 5168 verissime,
1668 5116 1734 5179 cum
1760 5101 1820 5168 ipsa

976 5181 1078 5235 doceat
1090 5196 1169 5234 num.
1184 5183 1218 5235 30
1232 5194 1335 5250 panem
1352 5185 1379 5231 et
1394 5177 1491 5231 vinum
1507 5178 1538 5230 ln
1561 5187 1690 5249 corporis
1716 5175 1745 5223 et
1759 5186 1821 5225 san-

977 5252 1074 5321 guinis
1088 5250 1191 5305 Christi
1210 5265 1347 5304 conrersa
1361 5247 1559 5306 substantiam,
1585 5246 1612 5313 et
1638 5241 1715 5295 dicat
1739 5257 1819 5296 num.

976 5326 1011 5377 28
1027 5338 1034 5376 ι
1052 5341 1066 5371 a
1084 5323 1145 5376 Non
1158 5321 1235 5373 enim
1260 5327 1394 5389 potamus
1418 5319 1508 5372 allum
1535 5313 1663 5367 uacuum
1687 5312 1821 5367 dubitare

977 5408 1082 5465 panem
1111 5391 1193 5445 illum
1216 5391 1301 5445 tuisse
1325 5406 1428 5459 scupus
1443 5385 1547 5443 Christi
1575 5382 1718 5447 ellectum,
1744 5385 1820 5455 qnod

979 5462 1125 5531 discipulis
1152 5463 1263 5516 donans
1290 5461 1358 5514 dieii
1378 5462 1453 5514 :tloc
1473 5461 1512 5510 est
1538 5469 1634 5523 corpas
1648 5470 1734 5509 meam
1750 5456 1824 5525 quod

977 5551 1028 5606 pro
1042 5534 1117 5589 uobis
1129 5533 1229 5598 datar3
1243 5532 1290 5585 sed
1311 5546 1403 5599 neque
1418 5528 1535 5582 calicem
1551 5525 1682 5600 dubitare
1706 5528 1824 5597 sangui·

980 5620 1046 5660 nem
1060 5603 1164 5660 Christi
1183 5602 1330 5657 continere
1357 5600 1459 5669 dequo
1489 5597 1597 5653 ibidem
1624 5595 1687 5651 ait:
1715 5595 1764 5652 ilic
1786 5600 1825 5652 est

76 5686 167 5745 mque
176 5671 216 5727 ad
228 5672 346 5742 spiritam
358 5674 607 5743 participationem.
618 5673 671 5729 Sed
684 5673 753 5744 quid
763 5671 844 5728 tum?
857 5690 924 5729 eum
980 5678 1063 5743 cutia,
1078 5679 1132 5729 etc.
1145 5693 1160 5724 ι
1176 5670 1372 5743 Respondebit
1385 5670 1505 5724 tortasse
1515 5668 1681 5724 dissertator
1694 5668 1756 5723 haee
1767 5684 1826 5722 om·

77 5747 187 5800 mustei
198 5742 252 5799 bas
275 5741 421 5799 orationes
435 5742 486 5800 diu
506 5749 570 5815 post
589 5750 719 5801 sanctum
731 5743 924 5815 augustinum
971 5741 1029 5802 ¹nin
1043 5761 1102 5802 non
1123 5742 1286 5816 significare
1301 5756 1405 5811 eorpus
1422 5740 1457 5796 de
1473 5740 1560 5797 Ilaria¹
1575 5738 1691 5811 Virgine
1715 5743 1825 5802 natam,
