3930 6098
147 281 197 332 iti
722 265 903 323 uitauerat
920 263 1152 321 consulensis
1172 260 1329 318 houaclh
1843 254 1895 307 ‘228

147 409 266 481 thucd
284 406 353 462 alibi
367 403 488 476 Spiritus
512 388 627 456 sanctus
651 399 866 455 comminatur.
895 398 990 454 vairas
1010 395 1325 468 dperinvoeationem
1348 395 1453 446 sanctae
1476 390 1624 446 Trinitatis
1653 388 1814 445 facientes?
1839 388 1894 442 Su-

148 493 515 561 terttsnouerilimpuoilus
530 489 620 560 (Pron.
636 505 690 554 ιιι,
708 492 735 552 s,
753 490 788 556 9).
803 488 891 552 idem,
915 486 992 557 quod
1046 484 1225 557 perstitionis
1239 484 1293 538 isla
1317 480 1660 552 deprehendunturesse,
1686 495 1745 533 nou
1775 478 1896 549 alicujus

147 583 407 657 culparenituntur
426 597 485 634 nou
503 580 596 634 solum
616 579 786 637 Romanam.
803 592 904 631 verum
930 591 992 630 om·
1046 573 1189 645 retrgrnsre
1203 570 1449 627 considerationis

148 689 214 728 uem
233 673 359 725 Latinam
377 668 540 733 Ecclesiam,
562 667 639 739 quod
652 667 790 738 Spiritum
805 670 935 720 sanetum
959 665 992 715 vlo
1082 662 1156 727 Quid
1172 662 1277 716 rutrum
1300 633 1502 731 hujusmodi'
1481 675 1505 712 ιι
1521 655 1673 711 calumniae
1687 655 1846 725 procedant
1860 656 1896 710 ab

147 764 228 817 Patre
245 759 374 831 Filioque
387 757 541 830 procedere
555 755 753 822 confiteamur,
771 754 932 810 secundum
946 773 992 807 en·
1046 751 1212 808 bominibus
1226 767 1313 804 sacrae
1327 748 1398 821 legis
1413 747 1522 819 paritis,
1548 745 1678 801 seculari
1693 744 1826 816 potentia
1840 745 1896 799 iul·

146 849 279 904 thelicam
295 848 392 916 tidem,
404 862 469 902 eum
484 847 526 901 illi
540 850 651 900 tautum
663 845 769 914 dicant,
780 860 847 899 eum
858 845 892 899 dc
909 844 992 898 Patre
1047 841 1116 910 tis,
1109 839 1223 912 imperii
1238 840 1312 895 iustu
1332 835 1561 916 confidentibus?
1583 837 1621 889 De
1636 834 1723 888 sacris
1752 833 1877 904 dogmat
1871 851 1896 888 r·

146 938 312 1009 procedere,
329 952 426 992 nonne
437 953 465 990 se
481 937 621 990 haereseos
631 934 771 1005 pravitate
786 932 991 999 condemnant,
1046 930 1109 992 bus,
1136 929 1172 985 de
1193 927 1382 984 ecclesiastico
1407 927 1475 994 ritu,
1504 939 1562 979 nou
1594 923 1813 994 imperatorum,
1848 922 1897 977 sed

147 1031 177 1082 et
192 1027 227 1082 ab
243 1025 373 1081 Ecclesia.
388 1023 592 1078 communione
608 1028 765 1087 removent,
777 1021 845 1077 elin
854 1020 993 1093 Spiritum
1046 1019 1248 1091 episcoporum
1263 1017 1356 1072 iuerat
1369 1016 1525 1086 disputare.
1551 1012 1722 1068 Disceudum
1739 1010 1806 1078 illis,
1839 1027 1897 1066 non

147 1120 275 1170 sanctum
293 1111 512 1186 blasphemant?
532 1112 606 1183 quod
623 1115 771 1183 peccatum
795 1108 993 1165 irremissibile
1048 1107 1218 1172 docendum,
1239 1106 1268 1161 in
1285 1104 1407 1161 Ecclesia
1429 1102 1621 1158 ministerium
1635 1101 1822 1155 commissum
1842 1106 1895 1154 cst.

147 1221 208 1260 esse
235 1203 392 1259 Salvator
386 1219 416 1257 vn
444 1201 596 1272 Evangelio
631 1205 804 1272 protestatur
832 1201 922 1264 (liare
951 1214 991 1266 ιιι,
1047 1199 1116 1254 Nem
1133 1212 1262 1268 quamvis
1272 1192 1417 1264 imperiali
1432 1192 1570 1262 dignitate
1582 1190 1758 1262 praecellant
1773 1205 1820 1244 res
1838 1189 1896 1243 illis

147 1294 202 1363 29)
220 1292 279 1348 Nisi
308 1292 383 1347 forts
407 1296 566 1346 monstrare
593 1288 813 1362 possintasnis
837 1286 994 1357 majoribus
1047 1284 1326 1358 publicacommissa
1346 1288 1398 1348 est,
1419 1297 1478 1335 non
1504 1280 1667 1351 episcopale
1689 1278 1895 1333 ministerium

148 1377 294 1432 catholicis
313 1377 382 1430 viris
408 1377 462 1430 hoc
485 1375 639 1447 aliqnando
664 1374 849 1444 denegatum.
880 1372 993 1426 Etenim
1048 1374 1239 1446 Imperatores
1272 1373 1306 1428 de
1345 1371 1442 1426 saeculi
1475 1370 1587 1444 legibus
1624 1373 1745 1422 tractare
1773 1367 1897 1435 debeut;

147 1483 211 1522 cum
240 1466 269 1520 di
273 1471 337 1520 cant
361 1464 499 1536 Spiritum
516 1469 644 1519 sanetum
670 1462 825 1534 procedere
854 1477 871 1514 a
899 1462 992 1528 Patre,
1049 1479 1174 1535 episcopi
1189 1479 1255 1516 vero
1268 1461 1303 1516 de
1318 1460 1421 1515 drrrnvs
1433 1458 1615 1531 dogmatibus
1630 1457 1786 1526 disputare
1807 1456 1897 1510 Suum

147 1558 367 1626 1101111θ811111111
389 1570 406 1608 11
431 1553 501 1607 Fttto
523 1552 688 1623 111111θᾶ1111·
714 1548 797 1615 011οἆ
824 1548 848 1602 St
872 1547 994 1619 majores
1049 1552 1167 1607 modum
1193 1550 1304 1605 studeat
1336 1555 1444 1616 tenere,
1478 1563 1536 1601 nou
1574 1545 1700 1600 oilicium
1736 1544 1899 1615 episcopale

148 1658 215 1697 suos
239 1642 321 1713 sequi
343 1641 494 1705 volueriut,
514 1639 756 1711 amplexabuntur
778 1636 917 1715 catholice
954 1635 995 1690 di·
1048 1640 1213 1713 proripere,
1228 1655 1264 1693 ne
1279 1638 1335 1692 illis
1346 1637 1494 1709 proveniat
1506 1635 1581 1707 quod
1599 1634 1673 1690 Ozire
1688 1633 1764 1704 regis
1780 1633 1898 1703 pontili-

148 1714 236 1798 clum,
257 1731 412 1801 procedere
437 1729 575 1802 Spiritum
607 1732 737 1782 sanctam
761 1743 777 1780 a
803 1727 897 1792 Patre,
922 1724 994 1779 sicut
1015 1696 1109 1784 Beate
1123 1727 1317 1783 ministerium
1335 1724 1523 1798 praesumenti
1532 1723 1665 1793 contigit,
1688 1721 1739 1794 qni
1761 1722 1900 1776 divinitus

148 1823 176 1874 et
190 1819 235 1873 sni
248 1821 371 1891 majores
386 1824 453 1874 snut
467 1817 600 1890 amplexi,
617 1817 667 1889 qui
687 1815 773 1871 sacris
789 1815 892 1870 litteris
912 1813 993 1868 insti·
1048 1818 1128 1889 lepra
1143 1832 1293 1888 percussus
1312 1831 1372 1870 uon
1392 1814 1486 1869 solum
1511 1830 1528 1867 a
1555 1813 1674 1882 templo,
1702 1826 1801 1866 rerum
1827 1816 1856 1864 et
1882 1828 1898 1864 a

147 1907 203 1962 tuti
218 1907 327 1978 optime
342 1911 483 1963 noverunt
498 1905 649 1976 utriusque
669 1903 807 1976 Spiritum
827 1919 899 1966 esse,
919 1902 996 1956 vide·
1049 1903 1360 1975 commuuionepopnli
1375 1902 1616 1971 noscitnrejectus
1627 1901 1668 1970 (ll
1677 1903 1741 1955 Pur.
1753 1916 1828 1965 xxvi,
1844 1901 1898 1969 lt),

147 1995 213 2050 litat
230 2001 290 2050 tam
310 1995 401 2050 Patria
433 2010 520 2065 (issam
550 1993 622 2049 Fittt·
648 1992 729 2057 Quod
758 1991 995 2062 insequentibus
1049 1995 1107 2050 Cur
1125 2010 1193 2065 ergo
1215 1998 1344 2047 recentes
1367 1992 1414 2046 isti
1435 1992 1577 2058 doctores,
1608 1993 1638 2044 et
1658 1989 1844 2055 monstruosi,
1867 1995 1899 2043 ut

148 2084 253 2138 clarius
268 2082 524 2138 demonstrabitur.
1048 2083 1091 2138 ita
1102 2082 1239 2147 dicamus,
1263 2084 1460 2152 praeoptares,
1476 2095 1528 2133 sue
1549 2094 1626 2133 nrrnc
1640 2082 1769 2148 tempore
1789 2079 1818 2132 in
1840 2077 1895 2130 cri·

486 2205 599 2260 CAPUT
623 2205 657 2258 H¹
1050 2187 1116 2227 men
1132 2170 1267 2226 devocare
1282 2173 1433 2236 conantur,
1458 2168 1537 2239 quod
1555 2167 1600 2221 sui
1614 2167 1735 2237 priores,
1760 2167 1784 2220 si
1801 2171 1899 2221 tamen

1049 2258 1179 2315 Ecclesia
1205 2257 1257 2313 tilii
1279 2263 1356 2325 sunt,
1385 2262 1414 2312 et
1431 2256 1550 2312 unitatis
1565 2255 1711 2310 catholica
1732 2260 1897 2318 sectatores,

148 2332 249 2387 imm
262 2328 296 2385 de
318 2327 752 2472 θωῧονῖἑηωῖἰῖιξξῑὲὦὺῗῖῑα
773 2328 892 2382 munero
910 2328 996 2396 impe·
1049 2350 1154 2405 duxere
1170 2338 1282 2418 semper
1309 2345 1526 2401 venerandum?
1555 2344 1655 2399 Nullus
1687 2361 1777 2398 uovns
1806 2344 1899 2399 cultus

1050 2435 1124 2507 apud
1141 2436 1300 2491 Romanam
1319 2433 1473 2489 Ecclesiam
1490 2448 1567 2487 urrnc
1589 2433 1700 2502 agilum
1722 2432 1802 2487 nulla
1825 2447 1899 2485 nova

184 2524 247 2579 lam
260 2525 335 2596 qnod
349 2539 469 2593 arguere
480 2527 631 2601 conantur,
648 2521 724 2594 qnod
739 2521 769 2575 in
787 2520 909 2576 Sabbata
918 2519 995 2590 jeju·
1049 2523 1162 2596 religio,
1180 2523 1259 2579 nulla
1283 2540 1357 2579 nora
1382 2522 1521 2590 doctriua,
1546 2522 1690 2576 institutio
1709 2538 1784 2576 nova
1808 2520 1897 2574 uulla.

150 2629 252 2668 namus
266 2612 311 2668 vel
326 2611 401 2684 quod
419 2611 552 2666 Paschale
563 2610 706 2682 jejunium
728 2625 786 2664 uon
806 2609 907 2663 eadem
932 2623 995 2662 eum
1048 2613 1167 2684 majoros
1181 2612 1272 2668 nostri
1287 2628 1351 2683 quae
1366 2615 1496 2677 tenuere,
1513 2627 1578 2682 quae
1601 2610 1734 2677 decuere,
1757 2626 1822 2682 quae
1843 2624 1899 2662 ser-

149 2701 302 2772 eisregula
325 2700 518 2767 celebremus;
535 2698 600 2770 quis
624 2715 681 2753 nou
704 2699 796 2752 videat
818 2701 926 2769 quanto
949 2702 995 2750 tu·
1050 2703 1142 2757 vanda
1170 2701 1229 2756 suis
1256 2701 1377 2773 posteris
1405 2701 1559 2771 reliquere,
1590 2701 1651 2754 haec
1675 2705 1819 2764 tenemus,
1838 2698 1900 2751 hace

148 2805 240 2857 more,
269 2794 433 2862 quantaque
464 2786 583 2842 stuhitia
605 2787 650 2842 vel
675 2785 766 2842 inflati
791 2787 834 2840 vel
863 2784 996 2840 excaeati
1050 2806 1207 2858 servamus,
1224 2788 1295 2844 nihil
1308 2805 1396 2860 supra
1409 2793 1560 2860 ponentes,
1574 2788 1647 2842 nihil
1668 2788 1710 2842 eis
1724 2787 1897 2843 adimentes.

148 2878 218 2934 talia
233 2878 349 2933 dicanti
362 2881 493 2948 Arguunt
507 2877 682 2947 jejunantes,
710 2875 814 2930 iterum
839 2874 995 2945 rapretlan·
1049 2882 1129 2947 Quod
1149 2881 1184 2936 de
1212 2884 1308 2935 sancto
1335 2879 1442 2951 Spiritu
1470 2884 1630 2946 senserunt,
1653 2880 1707 2933 hoc
1747 2879 1897 2933 sentimus.

148 2966 221 3022 dunt
234 2983 292 3022 non
305 2967 485 3037 ieiunantes
499 2970 549 3020 aut
563 2966 640 3019 enim
657 2965 766 3019 bonum
782 2969 825 3018 est
839 2961 993 3033 jejunium,
1013 2994 1033 3050 c
1050 2972 1243 3040 accceperuut
1257 2969 1300 3023 illi
1315 2968 1350 3023 ab
1366 2969 1513 3040 apostolis,
1538 2967 1659 3039 apostoli
1680 2984 1697 3021 a
1720 2967 1832 3023 christo
1854 2983 1900 3020 ac·

149 3060 199 3110 aut
217 3056 339 3122 malum3
369 3055 546 3111 sibonum:
573 3070 625 3109 eur
644 3052 795 3108 accusant?
822 3052 845 3106 si
860 3053 991 3107 matum:
1048 3061 1198 3128 ceperunt.
1222 3057 1371 3112 lneadem
1383 3057 1513 3112 fidetem
1541 3055 1798 3127 Orientalisquam
1821 3055 1900 3110 Occi-

148 3157 199 3197 cur
213 3153 345 3198 exercent
359 3142 437 3214 quod
457 3140 612 3197 accusant?
632 3141 761 3197 Forsitan
788 3155 835 3195 aas
859 3155 919 3194 11011
949 3139 994 3192 aui
1047 3146 1169 3201 dentalis
1181 3161 1295 3217 semper
1307 3146 1445 3200 remansit
1469 3145 1601 3200 Ecclesia.
1626 3146 1772 3199 Noverunt
1792 3144 1900 3199 etenim

148 3231 250 3286 merito
269 3231 431 3299 saucianda,
458 3231 506 3285 sed
534 3247 586 3302 pro
610 3245 798 3301 personarum
831 3228 994 3300 acceptione
1048 3234 1171 3306 apostoli
1187 3235 1305 3303 dictum,
1321 3234 1458 3306 quodest
1483 3250 1538 3288 uua
1557 3234 1626 3303 fider
1652 3249 1736 3288 uuam
1762 3233 1901 3303 baptisma

146 3319 304 3392 judicanda
318 3324 377 3387 est3
394 3324 426 3373 ut
437 3319 582 3391 jejunium
603 3318 814 3391 quodcelebrat
830 3317 947 3372 Latinus
958 3316 996 3371 sit
1048 3325 1158 3392 (pres.
1175 3339 1214 3391 ιν,
1229 3322 1266 3393 5),
1288 3324 1320 3378 Ει
1340 3323 1407 3377 licet
1429 3323 1552 3377 haereses
1575 3323 1740 3393 frequenter
1765 3337 1901 3391 ensrrrga·

149 3408 343 3480 arguendam,
360 3408 437 3480 quod
452 3424 520 3462 vero
535 3408 659 3472 Graecus,
675 3407 712 3459 sit
733 3405 938 3468 venerandum,
956 3403 995 3458 sie
1047 3414 1122 3476 root,
1138 3427 1203 3482 quae
1218 3415 1356 3482 tanquam
1371 3411 1440 3466 mali
1454 3410 1546 3483 pisces
1560 3411 1665 3467 Christi
1682 3409 1751 3465 retia
1782 3426 1902 3481 rumpe·

144 3497 277 3568 indicant
295 3498 339 3551 vel
360 3496 485 3551 elatione
511 3495 631 3566 decepti,
667 3494 711 3549 vel
738 3493 858 3547 seientia
879 3493 993 3564 privati·
1048 3503 1123 3564 rent,
1140 3498 1244 3553 Christi
1259 3502 1356 3553 tarnen
1370 3499 1467 3553 tunica
1484 3498 1645 3570 permansit
1667 3497 1789 3569 integra.
1817 3497 1902 3552 lnsti·

149 3585 322 3651 Qnisautem
337 3583 517 3655 ferrepossil
538 3583 615 3655 quod
643 3581 854 3653 reprehendere
870 3582 996 3652 gestiunt
1048 3589 1192 3641 trttavero
1218 3585 1361 3657 majorum
1385 3587 1444 3642 suis
1466 3587 1695 3658 quibuscumque
1716 3586 1785 3641 locis
1813 3586 1901 3650 edita,

148 3673 356 3731 continentiam
370 3672 576 3738 affectantes,a
593 3670 767 3726 feminarum
792 3669 946 3725 concubitu
966 3684 995 3722 sc
1049 3675 1122 3730 siout
1143 3691 1202 3731 non
1227 3676 1362 3730 omnibns
1389 3676 1515 3730 ocolosiis
1544 3676 1656 3740 cadom,
1686 3675 1725 3730 sio
1759 3675 1902 3731 unitatem

148 3766 337 3829 removentes,
363 3760 456 3815 caruis
480 3765 509 3814 et
524 3760 629 3814 auimoe
656 3759 835 3814 sanctitatem
852 3757 994 3813 oemutan·
1017 3791 1021 3807 ·
1048 3763 1116 3820 iidei
1130 3765 1211 3819 nullo
1225 3765 1312 3819 modo
1326 3764 1448 3820 divisere
1464 3781 1470 3819 :
1489 3780 1542 3819 nec
1557 3770 1674 3836 propter
1695 3765 1813 3818 alternas
1829 3778 1900 3818 con-

149 3849 214 3905 10³?
234 3850 382 3914 0118111111
401 3849 458 3903 tint
475 3848 504 3903 111
526 3849 635 3903 cunctis
657 3846 826 3902 mortalibus
849 3845 995 3918 proewnia
1050 3851 1215 3907 suetudinis
1228 3852 1484 3908 commutationem
1495 3858 1603 3908 mutuae
1618 3851 1761 3907 societatis
1779 3852 1901 3907 amisere

148 3938 243 3993 laudis
263 3938 434 3994 extollenda.
469 3942 530 3992 tum
562 3937 709 4009 praecipue
739 3936 768 3990 iu
801 3935 872 3990 sacri
898 3934 996 3989 altaris
1049 3941 1295 3996 commonionem.
1325 3941 1467 4006 Quoniam
1496 3942 1575 3996 alind
1599 3946 1641 3996 ost
1666 3942 1700 3996 do
1725 3941 1836 4007 habito,
1866 3941 1902 3996 de

149 4025 282 4092 miniatis,
298 4043 424 4098 quornm
444 4031 487 4080 est
515 4026 643 4080 officium
662 4025 693 4079 iu
713 4023 801 4078 sacris
817 4038 932 4094 semper
951 4039 995 4077 aa·
1050 4029 1265 4085 conversatione
1280 4029 1454 4098 discernere,
1468 4035 1497 4085 et
1506 4030 1587 4085 aliud
1602 4031 1636 4085 de
1656 4029 1845 4085 unitateddei
1863 4029 1901 4083 si-

150 4112 766 4184 1111111,91111111θῦὅθιιῑῑΰῖῑθθῧὸθίιῦὶῦῐῦ
786 4111 898 4182 ι’ῑιιιὶῑθ1
916 4109 996 4164 ethi·
1050 4117 1286 4173 militerseutira.
1303 4118 1356 4173 Sed
1385 4118 1420 4173 de
1443 4118 1488 4172 his
1501 4119 1651 4190 posterius.
1681 4118 1812 4173 Nnucad
1833 4133 1901 4190 pro-

149 4202 228 4270 bere,
251 4218 304 4273 pro
331 4201 489 4256 commissis
516 4201 631 4272 populis
657 4200 784 4255 divinam
818 4199 995 4271 majestatem
1050 4205 1143 4276 posita
1170 4206 1329 4273 veniamus,
1356 4211 1385 4261 et
1407 4206 1442 4262 de
1463 4206 1670 4278 singulisque
1695 4205 1787 4277 gralia
1810 4206 1903 4260 sancti

149 4289 249 4345 diebus
264 4288 399 4344 omnibus
410 4289 474 4361 jugi
486 4293 601 4360 precatu
613 4289 740 4360 placare.
759 4289 892 4360 llocquia
907 4288 997 4343 nostri
1017 4293 1173 4366 hSpiritus
1191 4294 1349 4364 donaverit,
1365 4295 1555 4367 disputemus,
1570 4311 1629 4350 nou
1642 4295 1774 4350 ordinem
1794 4310 1901 4366 propo·

149 4378 411 4449 sacerdotesagere
437 4378 471 4433 de
498 4394 578 4432 more
607 4379 746 4449 majorem
775 4393 832 4433 nnn
848 4377 995 4444 omittunt,
1051 4383 1170 4438 sitarum
1186 4385 1548 4455 sentientesquaestiounm.
1565 4385 1611 4438 Est
1627 4383 1704 4438 enim
1715 4383 1812 4438 minus
1832 4399 1902 4454 prn-

150 4467 328 4522 infamasstul'
345 4466 461 4537 nuptias
473 4467 621 4524 damnare·
637 4466 710 4531 Quid
726 4467 788 4522 111111
812 4466 996 4538 impugnant,
1051 4471 1153 4526 denter
1165 4471 1332 4543 dispositus,
1348 4473 1416 4544 quia
1434 4472 1546 4527 levitate
1561 4472 1674 4535 mentis,
1692 4488 1750 4527 non
1773 4473 1901 4543 pruden-

151 4555 209 4611 uisi
220 4554 506 4627 religionemi'ouid
533 4558 595 4612 haee
611 4557 757 4611 destruere
773 4555 915 4622 nituntur,
943 4555 998 4610 nisi
1051 4557 1099 4613 tim
1112 4558 1251 4630 gravitate
1265 4560 1394 4631 digestus
1409 4576 1470 4615 esse
1489 4560 1683 4631 cognoscitur.

151 4645 369 4700 sanctimoniam
392 4646 453 4700 sine
477 4661 533 4716 qua
562 4661 647 4700 nemo
669 4645 782 4716 placere
810 4647 905 4714 potest
921 4643 998 4698 licei
1087 4647 1123 4701 Et
1136 4646 1229 4719 primo
1242 4647 1276 4702 de
1292 4647 1398 4719 Spiritu
1411 4654 1509 4704 sancto
1525 4665 1591 4720 quae
1607 4648 1757 4703 donaverit
1773 4647 1836 4720 ipse
1853 4649 1902 4705 di—

151 4732 220 4799 Ouis
231 4750 298 4788 vero
315 4749 374 4788 nou
388 4733 483 4788 videat
500 4738 606 4805 quanto
626 4733 664 4787 sit
689 4732 846 4788 tenendum
866 4731 996 4798 ridiculo,
1052 4750 1167 4789 camus:
1182 4736 1237 4791 hoc
1260 4736 1338 4790 euim
1354 4741 1383 4791 et
1398 4737 1526 4807 primum
1542 4742 1583 4792 ιιι
1600 4741 1627 4790 et
1654 4736 1848 4807 precipuum,
1873 4742 1904 4792 et

152 4822 187 4877 da
203 4821 300 4877 barbae
323 4821 456 4875 tonsione
475 4822 703 4893 quodculpnnt:
725 4820 856 4892 velqnod
882 4820 999 4892 presby·
1053 4824 1089 4878 ad
1109 4823 1255 4878 catholicae
1278 4824 1346 4879 fidei
1371 4824 1520 4895 pertinens
1549 4824 1774 4880 firmamentum.
1797 4825 1905 4880 Osten-

151 4910 207 4966 teri
221 4926 310 4982 penes
323 4925 374 4964 uos
399 4908 614 4981 baptizatorum
629 4910 738 4965 frontes
764 4909 916 4964 chrismate
934 4925 999 4962 sau·
1053 4912 1120 4968 dere
1134 4927 1258 4983 namque
1274 4916 1318 4966 est
1331 4912 1429 4968 animo
1457 4913 1535 4984 quod
1557 4913 1596 4967 sic
1610 4912 1645 4967 de
1660 4929 1693 4967 eo
1718 4913 1860 4967 sentimus
1874 4917 1905 4967 et

152 5003 196 5055 cto
212 5015 270 5054 uon
292 4998 397 5066 linunt,
413 4998 462 5054 sed
481 4998 536 5054 bec
549 4997 735 5070 privilegium
751 4997 935 5069 pontificibus
954 5012 1001 5052 re·

152 5086 312 5160 linquunt?
327 5088 400 5143 Num
416 5086 447 5141 iu
462 5086 558 5143 barba
573 5088 617 5143 rel
632 5087 773 5153 tonsione,
790 5087 833 5142 rel
850 5101 999 5142 conserva·

152 5175 244 5246 tione,
262 5178 471 5248 praeceptorum
491 5175 654 5231 divinorum
679 5174 877 5246 praevaricatio
892 5190 1000 5246 cogno·

1053 4998 1235 5068 confitemur,
1250 4999 1324 5055 sicut
1338 5004 1366 5055 et
1380 5002 1478 5056 Patres
1501 5001 1593 5055 nostri
1617 5006 1771 5055 senserunt
1793 5004 1822 5055 et
1836 5017 1905 5054 con·

1054 5087 1118 5142 lessi
1134 5092 1215 5154 sunt3
1246 5091 1275 5142 et
1300 5088 1341 5143 sic
1365 5087 1420 5160 ipsi
1446 5093 1597 5143 senserunt
1624 5093 1652 5143 et
1678 5087 1800 5159 professi
1825 5093 1904 5158 suut,

1054 5175 1127 5230 sicut
1141 5175 1264 5246 apostoli
1279 5178 1430 5231 senserunt
1453 5181 1481 5230 el
1504 5177 1672 5232 docuerunt.
1697 5176 1907 5247 Apostolorum

154 5257 243 5318 scitur
257 5262 334 5318 nlla?
353 5263 434 5319 salsi
458 5264 617 5335 presbyteri
639 5279 712 5334 quos
735 5261 882 5333 baptizant
899 5279 1000 5319 eorum
1054 5267 1152 5318 autem
1172 5262 1332 5318 doctrinam
1353 5263 1376 5317 si
1398 5262 1463 5335 quis
1481 5279 1602 5336 arguere
1626 5263 1770 5332 maluerit,
1799 5264 1908 5320 Christi

152 5349 263 5406 troutes
291 5352 427 5407 unctione
457 5367 536 5407 sacra
562 5366 621 5405 nou
646 5349 755 5418 linunt3
789 5365 861 5405 num
893 5351 999 5409 idcirco
1054 5365 1171 5406 necesse
1187 5355 1230 5407 est
1243 5351 1442 5424 magisterium
1461 5352 1626 5425 redarguat,
1642 5357 1671 5407 et
1695 5352 1907 5424 prophetarum

153 5438 290 5511 baptismi
303 5440 426 5512 gratiam
441 5455 503 5496 nea
516 5438 678 5511 perficiunt,
700 5437 808 5495 trinam
825 5439 1000 5496 mersionem
1054 5441 1169 5495 oracula
1183 5440 1297 5496 refutet.
1375 5468 1388 5482 ·
