3930 6098
97 254 141 311 tet
628 246 940 307 nanrlnououlun.
966 277 1001 288 ·-·
1020 245 1215 318 invocfflo,
1234 249 1315 306 erce

129 391 208 448 ltlbis
221 391 332 463 fulgida
346 393 541 461 praetextaque
557 388 680 443 vestibus

129 484 245 552 Agnum
261 497 325 552 quae
340 479 483 551 sequitur;
501 478 615 549 lotaque
631 475 771 547 sanguine

133 570 171 622 lle
187 567 298 622 cunctis
313 567 405 640 placet
418 570 515 637 empta
530 569 560 619 et
575 564 640 618 data
655 562 798 634 gentibus.

131 658 210 712 lianc
224 655 310 712 terris
325 655 405 722 colit,
421 660 451 710 et
464 652 604 725 praedicat
617 652 754 707 omnibus

131 745 210 799 Votis
223 744 407 799 accumulans
421 742 532 808 optima
547 740 652 811 gaudia

133 833 258 889 Concors
272 831 407 899 Ecclesia,
424 836 452 885 et
466 847 533 885 mox
548 827 759 884 modulantium

134 921 246 976 Festive
263 921 354 976 sociat
367 918 495 974 carmina
510 917 605 973 coetui.

133 1011 199 1066 lloee
213 1025 291 1064 nnnc
305 1007 454 1063 curriculis
469 1012 535 1061 vota
549 1006 603 1061 sub
617 1004 731 1070 annuis,
837 1044 842 1051 .

132 1100 185 1154 Par
201 1114 275 1171 quos
291 1097 437 1152 emineant
450 1103 477 1151 et
492 1096 612 1151 redeant
625 1095 696 1160 dies,

133 1188 278 1258 Exponam
292 1186 418 1242 breviter
432 1185 538 1240 credita
551 1184 687 1249 carmine,

133 1275 351 1345 Comprendeus
366 1275 440 1329 acies
455 1274 589 1345 bellaque
604 1273 732 1337 tortium,

133 1364 272 1432 Quorum,
289 1363 399 1419 Christe
417 1364 501 1430 Deus,
518 1378 570 1434 pro
586 1361 696 1416 meritis
708 1360 780 1415 mihi

133 1455 305 1508 Cunctorum
322 1453 434 1507 veniam
447 1452 494 1506 hic
506 1467 601 1506 annue
612 1450 776 1505 criminum.

134 1541 217 1595 Serre
234 1541 334 1596 eouler
350 1557 445 1612 opem,
463 1541 605 1611 missaque
621 1539 745 1609 desuper

135 1630 248 1686 Cacum
262 1629 298 1684 de
312 1629 436 1685 tenebris
448 1629 508 1698 jam
522 1633 634 1683 revocet
652 1643 762 1694 manus,

134 1719 252 1785 Rector3
269 1734 373 1789 nempe
387 1723 436 1772 tuo
452 1718 531 1772 nulla
546 1717 692 1786 renititur,

136 1805 219 1859 Nulla
236 1809 280 1858 est
294 1804 419 1874 imperio
434 1805 505 1858 dura
519 1804 649 1875 potentia
664 1819 671 1858 τ

134 1893 228 1948 Armis
242 1899 274 1948 tn
289 1893 399 1963 poteris
414 1893 528 1948 vincere
543 1892 675 1959 fortibus,

135 1982 244 2037 Fallens
261 1997 296 2037 ne
311 1981 407 2037 Zahuli
421 1982 515 2037 vineat
529 1982 677 2053 iniquitas,

132 2069 259 2125 laudem
274 2070 315 2124 sic
328 2070 397 2125 satis
412 2070 446 2125 ad
467 2075 574 2124 tartara
588 2086 639 2142 per
653 2070 744 2124 scelus

134 2159 275 2213 Cunetum
290 2175 400 2230 perque
416 2159 504 2226 nelas,
520 2174 629 2229 perque
642 2157 747 2229 probra
763 2156 869 2213 omnia.

134 2248 202 2304 Casu
218 2247 353 2303 flebiliter
367 2247 484 2303 tendere
500 2247 646 2318 pessimo;

134 2334 319 2406 oblectetque
332 2335 389 2390 tuis
404 2335 498 2390 virere
513 2335 635 2407 legibus.

136 2423 210 2477 Felix
225 2424 360 2478 coelicolis
373 2429 525 2495 permanet
539 2425 569 2479 iu
585 2424 691 2494 quibus

134 2511 240 2583 Regem
256 2520 269 2545 ²
283 2511 426 2583 praesidiis
442 2513 499 2567 vita
512 2513 702 2584 perennibus,

135 2599 285 2655 Summum
301 2601 417 2672 quando
431 2601 487 2672 piis
502 2607 535 2656 tu
547 2601 657 2664 ‚residet
670 2601 790 2666 honum,

136 2689 236 2760 Expiet
249 2706 321 2762 quos
333 2689 442 2761 jugiter
456 2695 484 2745 te
498 2690 598 2744 sitiens
613 2705 703 2744 amur.

136 2777 200 2847 Spei
215 2777 256 2832 nil
267 2783 400 2849 superest
413 2781 436 2845 b,
453 2778 487 2834 ad
501 2777 612 2834 veniam
624 2778 708 2844 mihi,

134 2865 205 2921 vitae
221 2881 276 2922 nec
289 2866 385 2938 potior
399 2867 549 2938 suppetiis,
564 2867 621 2922 nisi

136 2955 271 3010 Pressum
285 2959 317 3010 tu
330 2955 450 3022 releves,
466 2971 543 3027 ager
555 2960 584 3010 et
598 2955 699 3010 auxius

134 3042 382 3115 Succumbensque
397 3059 479 3098 ruam
494 3043 594 3098 mortis
609 3043 645 3099 ad
658 3042 768 3098 intima.

134 3131 236 3187 llunus
249 3147 328 3186 nunc
343 3130 438 3203 operis
449 3132 608 3203 permodici
623 3137 720 3187 tamen

135 3221 302 3276 Sanctorum
319 3221 348 3275 in
363 3237 485 3277 numero
499 3222 533 3277 de
547 3223 656 3292 populo
670 3222 732 3289 tihi,

135 3309 248 3376 Rector,
264 3310 400 3382 quodque
413 3315 463 3366 tuo
477 3311 591 3383 profero
605 3310 727 3375 numini,

135 3399 253 3454 Gratum
268 3398 304 3454 de
319 3399 410 3454 sterili
423 3400 460 3454 sit
472 3416 542 3472 rogo
557 3400 694 3455 carmine.

135 3486 282 3560 Hymnnm
296 3493 435 3559 personet
449 3487 497 3543 hic
511 3504 592 3543 mens
606 3488 724 3543 humilis
739 3487 800 3556 tibi,

136 3575 318 3649 Devotusque
334 3582 417 3632 canat
433 3582 462 3632 te
476 3577 626 3632 modulans
641 3578 738 3646 homo,

85 3676 94 3682 ·
136 3664 231 3720 Unum
246 3665 294 3719 cui
307 3665 418 3737 jugiter
432 3681 496 3720 cum
511 3668 592 3720 Patre
608 3666 730 3737 gloriam

133 3755 246 3824 agmen
259 3754 399 3824 predicat
413 3755 560 3810 insaecula
576 3755 714 3810 lucidum.

424 3896 628 3953 ALLOCUTIO.

133 4029 144 4055 ί
162 4020 308 4076 Christum
324 4020 446 4093 quisque
461 4022 542 4093 cupis
558 4037 686 4088 cernere,
701 4026 729 4077 et
744 4022 801 4078 alto

133 4109 269 4166 [lacernis
283 4109 412 4164 animum
427 4109 516 4181 ligere
531 4111 613 4179 coelo,

132 4197 202 4269 Spei
214 4201 294 4253 certa
305 4197 404 4252 videns
420 4198 503 4270 sigua
517 4199 619 4268 beatae,

130 4286 303 4358 laguorum
318 4302 438 4358 sequere
454 4287 501 4341 hic
516 4290 596 4359 gesta
610 4291 774 4359 parentum.

130 4375 180 4431 Illi
195 4389 273 4447 saepe
290 4375 379 4430 Deum
393 4390 510 4431 cernere
525 4375 607 4444 sueti,

132 4463 308 4516 Praestantes
321 4461 437 4533 opibus,
452 4478 573 4533 corpore
588 4462 686 4525 lortes,

132 4550 296 4621 Condigure
310 4565 343 4605 ac
359 4549 466 4606 sobolis
481 4551 611 4623 germine
625 4550 701 4618 fulti,

130 4639 283 4694 illustrant
298 4638 408 4694 meritis
423 4641 527 4694 soeeula
541 4639 644 4695 sanctis
659 4657 665 4694 :

130 4728 180 4783 llli
197 4726 305 4782 divitiis
320 4732 423 4799 sponte
437 4728 555 4796 relictis,

132 4815 252 4873 Cunctis
267 4820 296 4871 et
310 4816 396 4871 viridi
411 4820 539 4889 tempore
551 4817 638 4872 rebus

132 4904 337 4976 Comtemptis,
352 4904 495 4976 Superum
510 4921 601 4977 regna
615 4903 753 4970 videntes,

133 4994 331 5049 Monstravere
343 4993 403 5048 suis
415 4993 513 5049 abdita
526 4994 626 5067 signis.

960 386 981 440 Α
1034 385 1076 440 11Ιί
1091 390 1121 441 et
1133 385 1246 440 vivilleo
1261 385 1369 440 lamine
1383 385 1472 457 pleni,

1034 474 1106 529 Visis
1121 491 1152 529 ae
1167 474 1285 529 monitis
1299 474 1409 529 eoelitus
1424 475 1489 542 aeti,
1674 537 1686 568 s

1034 563 1190 617 Venturum
1209 563 1364 618 Dominum
1380 563 1494 617 vocibus
1509 569 1596 636 atque

1034 652 1176 707 Portentis
1191 651 1276 706 variis
1293 650 1443 705 edocuere.

1032 740 1109 807 Illos,
1126 741 1216 795 lactus
1229 739 1317 795 homo
1331 744 1384 806 est,
1399 740 1570 812 perditoque
1585 746 1613 796 et
1625 741 1688 796 orbi

1033 829 1172 884 Salvando
1188 829 1352 896 adveniens,
1367 844 1416 883 ore
1430 845 1576 900 manuque

1035 919 1199 984 lustructos,
1216 919 1357 989 populum
1374 918 1453 972 misit
1466 918 1497 972 in
1511 933 1638 985 omnem,

1033 996 1131 1061 idundi
1146 1011 1177 1061 ut
1191 1006 1341 1077 perficeret
1356 1006 1412 1061 rite
1428 1007 1561 1063 salutem.

1033 1095 1100 1149 lllos
1113 1111 1197 1149 verus
1212 1110 1293 1149 amor
1307 1095 1395 1165 Regis
1410 1095 1445 1149 ad
1462 1099 1537 1149 astra

1036 1184 1114 1238 Venit
1128 1184 1258 1255 martyrii
1275 1188 1396 1238 stemate
1411 1184 1513 1252 cleros,

1035 1273 1223 1343 Insiguesque
1240 1272 1281 1344 pii
1296 1271 1368 1327 tlore
1383 1273 1503 1339 cruoris,

1035 1362 1162 1426 Quorum
1177 1377 1254 1416 nunc
1269 1362 1362 1417 radiat
1376 1365 1453 1416 terre
1470 1360 1633 1433 triumphis.

1035 1450 1102 1504 lllos
1115 1450 1185 1521 quin
1199 1449 1286 1504 etiam
1302 1450 1377 1505 celsa
1390 1454 1522 1505 venustat

1038 1540 1178 1593 [loetrlnae
1193 1546 1222 1594 et
1235 1539 1331 1593 meriti
1342 1538 1434 1609 gloria
1447 1539 1554 1610 magni,

1036 1627 1090 1692 Qui
1104 1629 1190 1682 verbo
1206 1627 1373 1697 Ecclesiam,
1389 1628 1439 1699 qui
1451 1644 1547 1698 prece,
1560 1627 1669 1700 quique

1035 1715 1140 1787 Signis,
1156 1716 1263 1788 quique
1279 1717 1360 1772 libris
1376 1717 1536 1772 instituere.

1037 1805 1095 1858 lllis
1109 1809 1152 1859 est
1167 1805 1302 1877 proprius
1316 1805 1453 1876 splendor
1467 1805 1631 1876 honorque,

1036 1892 1090 1958 Qui
1105 1893 1213 1948 Christi
1227 1895 1310 1949 niveo
1327 1894 1454 1965 tegmine
1472 1894 1538 1949 lulti

1038 1981 1171 2036 Vicernnt
1187 1981 1283 2037 stabili
1299 1987 1395 2037 mente
1411 1982 1581 2047 minantem,

1035 2070 1264 2142 Mulcentemque
1279 2071 1363 2125 simul
1379 2071 1472 2125 earnis
1488 2086 1625 2127 amorem.

1037 2160 1094 2214 lllis
1107 2164 1150 2213 est
1164 2159 1250 2214 etiem
1266 2160 1342 2215 lanae
1357 2160 1502 2231 perennis,

1036 2248 1106 2313 Oura
1121 2253 1271 2319 expertum
1285 2249 1383 2304 viridis
1396 2249 1524 2320 corporis
1539 2249 1637 2320 ignem

1037 2336 1188 2391 Calcerunt
1203 2336 1318 2408 penitus
1333 2337 1434 2393 coelibe
1449 2338 1516 2406 rita,

1038 2423 1261 2497 Pracincteque
1276 2425 1326 2481 Dei
1342 2426 1470 2497 tegmine
1486 2425 1609 2481 lnmhos.

1036 2513 1096 2569 illis
1111 2530 1163 2570 nee
1177 2514 1321 2570 modicum
1337 2518 1381 2570 est
1394 2516 1509 2570 eulmen
1524 2514 1657 2582 honoris,

1037 2600 1158 2656 Servulis
1173 2602 1318 2671 thalamis,
1335 2619 1400 2675 quae
1416 2603 1525 2674 pietate

1038 2690 1227 2762 Compserunt
1241 2690 1350 2746 socium
1366 2691 1421 2746 rite
1437 2691 1545 2758 cubile,

1037 2779 1124 2833 Natos
1140 2795 1263 2851 queque
1277 2780 1335 2834 Deo
1350 2784 1454 2851 sponte
1470 2780 1612 2835 dicarunt.

1038 2868 1157 2923 Illorum
1173 2872 1291 2939 superat
1304 2869 1381 2923 fama
1394 2885 1447 2942 per
1462 2884 1554 2924 aevum

1038 2956 1211 3026 Conspectus
1225 2955 1387 3024 hominum,
1402 2961 1562 3028 cunctaque
1579 2955 1680 3013 muudi

1037 3046 1219 3113 Temnautes,
1236 3061 1366 3100 eremum
1384 3045 1435 3117 qui
1449 3045 1576 3112 coluere,

1037 3133 1187 3189 Caelestem
1202 3133 1300 3188 meriti
1314 3149 1429 3188 sumere
1447 3150 1562 3205 panem.

1035 3222 1211 3293 illorumque
1227 3222 1299 3276 nitet
1313 3237 1429 3289 nornen,
1445 3222 1578 3277 inunum

1036 3311 1111 3376 Quos
1127 3308 1212 3383 egitd
1227 3310 1334 3381 pariter
1349 3311 1394 3366 lex
1408 3327 1487 3366 sacre
1502 3316 1641 3377 mentem,

1036 3401 1154 3455 Petrum
1168 3399 1218 3472 qui
1233 3399 1353 3455 monitis
1368 3400 1440 3456 colla
1454 3416 1616 3472 manusque

1038 3487 1223 3555 Summisere,
1241 3489 1292 3544 Dei
1306 3489 1369 3560 lege
1381 3489 1486 3561 jugati.

1037 3577 1154 3632 lllorum
1167 3577 1259 3647 pietas
1273 3594 1326 3633 nec
1341 3578 1437 3633 minus
1453 3578 1509 3633 alto

1038 3666 1194 3738 Proelnlget
1206 3667 1321 3734 merito,
1336 3668 1386 3738 qui
1401 3684 1453 3722 sua
1467 3667 1577 3722 Christo

1039 3755 1157 3826 Largiti,
1173 3755 1289 3827 egregia
1303 3755 1377 3810 lorte
1395 3771 1540 3826 perennes

1038 3842 1119 3897 Nunc
1133 3859 1217 3914 gazas
1231 3843 1365 3912 retinent,
1380 3859 1526 3915 regnaque
1540 3843 1615 3898 coeli.

1039 3931 1085 3986 Sic
1101 3947 1153 3985 nos
1169 3931 1322 4003 multiplici
1336 3932 1468 4003 preduce
1484 3948 1586 3987 norma

1038 4020 1165 4075 Christus
1180 4025 1276 4075 sancta
1291 4026 1392 4089 vocat,
1409 4020 1506 4092 sicque
1520 4021 1666 4076 minorum

1039 4108 1199 4162 Praelueent
1213 4107 1313 4178 oculis,
1329 4106 1439 4163 lumina
1456 4110 1573 4163 Petrum

1038 4195 1085 4250 Sic
1099 4197 1190 4251 multa
1205 4200 1247 4252 est
1260 4196 1355 4252 meriti
1370 4211 1456 4252 causa
1468 4196 1544 4251 beati
1562 4211 1569 4251 ε

1042 4284 1097 4339 Nec
1110 4301 1162 4340 nos
1177 4285 1249 4340 velle
1263 4285 1345 4356 sequi
1359 4301 1447 4356 prava
1461 4283 1599 4356 pudebit‘l

1039 4373 1109 4438 Quae
1122 4376 1192 4441 vult,
1209 4391 1330 4447 quaeque
1344 4379 1431 4444 vetat,
1444 4375 1529 4446 jubet
1544 4373 1613 4430 almi

1040 4464 1096 4519 Lex
1109 4465 1286 4535 verbumque
1301 4463 1392 4519 Patris
1407 4480 1491 4520 nosse
1506 4463 1626 4530 valebit;

1040 4552 1155 4607 Doctrix
1168 4568 1313 4624 quemque
1329 4551 1399 4607 lldes
1413 4568 1535 4625 veraque
1551 4555 1666 4623 purgat,

1040 4638 1116 4693 Finis
1131 4639 1180 4710 qui
1196 4638 1301 4705 fuerit;
1316 4654 1440 4710 querque
1455 4638 1531 4693 beati
1546 4638 1614 4693 hinc

1040 4728 1177 4782 Excessus
1192 4725 1321 4799 requies,
1335 4742 1434 4799 quaeve
1448 4743 1579 4782 recursus
1593 4727 1607 4769 <¹

1039 4816 1119 4874 Nunc
1132 4816 1201 4870 anni
1216 4819 1380 4871 memorent
1393 4815 1468 4871 halla
1482 4815 1609 4886 piorum,

1040 4903 1207 4960 lloustrabit
1222 4903 1334 4959 modico
1351 4903 1398 4959 hic
1412 4920 1532 4976 corpore
1549 4905 1636 4959 codex
1651 4918 1659 4957 ε

1040 4993 1120 5048 Hunc
1134 4992 1158 5046 si
1171 4993 1244 5047 velle
1258 4995 1350 5063 potes,
1364 4992 1454 5048 lector
1468 4992 1573 5064 opime,

86 5105 211 5173 dubito.
246 5118 324 5173 Vers.
355 5121 371 5172 7
404 5119 512 5188 totoque
534 5120 677 5188 sanquine,
712 5116 821 5187 optima
847 5118 951 5174 codicis
1039 5117 1191 5172 blachum
1203 5116 1388 5189 Dactylicum.
1404 5119 1624 5183 Tetrametrum,
1641 5114 1852 5179 Cataleeticum,

88 5174 162 5260 Εἰς.
177 5187 276 5257 leetio;
292 5188 417 5260 pessima
431 5194 531 5245 contra
544 5189 650 5261 prioris
671 5187 816 5256 editionis,
843 5194 952 5259 totoque

92 5260 244 5327 ’mantne

136 5338 149 5364 ⁸
167 5332 235 5401 Spei
264 5331 305 5386 nil
327 5334 458 5402 superest.
487 5330 533 5386 Sic
560 5330 648 5385 codex
676 5330 738 5402 aig.
775 5330 948 5385 emendate:

1040 5197 1050 5221 ⁰
1068 5189 1100 5243 ln
1114 5202 1197 5242 unum
1209 5203 1274 5256 quos
1295 5191 1359 5257 epit.
1380 5188 1522 5254 laeditis,
1546 5190 1576 5242 in
1598 5202 1692 5257 unum,
1709 5186 1805 5253 male;
1821 5186 1852 5241 in

1004 5258 1101 5313 codice
1115 5259 1188 5329 aig,
1203 5261 1336 5326 inunum,
1353 5259 1436 5314 bene.

1041 5330 1170 5397 douaeue
1192 5344 1327 5385 recursus.
1346 5329 1389 5385 Sic
1422 5329 1548 5401 prolecto
1584 5327 1755 5397 legendum3
1784 5343 1851 5382 nam

102 5399 381 5482 veteranionem
402 5405 446 5456 uis
465 5416 539 5472 sup,
566 5408 709 5478 corrupte.
739 5401 830 5484 Supra
854 5403 951 5483 lienem
1004 5400 1081 5471 quod
1098 5400 1205 5456 eratin
1229 5401 1321 5473 priori
1335 5400 1460 5456 editione
1476 5402 1556 5471 quiue
1577 5412 1712 5466 recursus,
1728 5399 1852 5470 intelligi

107 5472 524 5599 mppi'ffippstewlpsgsspdum
544 5486 639 5542 reqens
661 5487 694 5527 ac
716 5488 753 5527 ue
767 5488 808 5527 src
832 5474 951 5544 quidem
1004 5487 1063 5527 non
1076 5477 1181 5544 potest.
