3930 6098
110 233 177 287 ilat
691 230 846 288 vuirunt
867 232 1036 291 aelstano
1055 233 1275 290 PASTORALIS.
1789 239 1857 294 tlte

105 359 272 416 Sacerdotes
284 359 446 414 vocamini:
463 361 553 415 sancti
568 366 597 415 et
612 361 713 416 mundi
729 377 801 429 esse,
813 368 843 417 et
856 377 950 418 sacer-
968 366 992 420 A
1007 363 1082 433 qaod
1097 362 1298 434 peonitentiam
1310 366 1338 418 et
1352 363 1486 420 militiam
1497 366 1664 421 saecularem
1675 367 1784 438 pariter
1794 383 1855 424 uon

107 448 217 502 dotium
233 452 363 503 sanctum
374 448 460 519 digne
469 451 567 503 tenere
578 454 606 503 et
620 450 803 520 frequentare
820 450 953 518 studeto;
1006 456 1128 524 possunt
1141 467 1237 522 agere.

106 538 243 608 quoniam
255 536 290 591 de
301 537 496 592 sacerdotibus
508 537 647 592 llommus
657 538 743 593 dicit:
758 539 853 594 Sancti
863 544 952 601 estote,
1042 539 1064 594 0
1080 556 1129 594 vos
1153 556 1269 612 quoque
1287 540 1394 597 laicalis
1416 543 1524 598 ordinis
1547 544 1610 612 viri,
1636 560 1756 601 manere
1778 545 1854 601 desi·

106 628 172 694 quio
195 630 242 694 eqo
265 630 375 680 sanetus
396 640 456 679 sum
478 626 608 681 Dominus
625 628 804 682 worcester.
822 627 953 681 Pastores
1008 626 1086 694 dero,
1102 633 1130 682 et
1143 629 1315 682 annuntiare
1329 630 1408 683 vobis
1423 647 1457 685 ea
1472 648 1537 703 qum
1552 632 1719 687 adsalutem
1731 638 1855 689 vestram

73 779 76 783 ¹
105 713 291 786 appellamini
307 729 393 768 :oves
403 714 583 784 consignatas
595 714 716 769 sollicite
729 730 828 786 regere
843 720 871 769 et
886 731 951 786 pro·
1006 716 1152 786 pertinent
1166 717 1250 786 cupio
1262 734 1270 783 3
1282 718 1419 789 quoniam
1444 721 1604 791 periculum
1629 721 1792 776 animarum
1806 738 1853 777 re·

105 803 200 858 videre
221 802 396 857 contendito.
415 801 615 873 Speculatores
631 803 858 875 nuncupamini,
876 810 908 857 ut
922 803 953 857 in
1007 807 1130 858 strarum
1146 803 1227 859 valde
1249 804 1384 872 formido,
1408 811 1435 860 at
1448 823 1500 878 pro
1515 808 1595 863 vobis
1611 809 1746 865 omnihus
1764 809 1855 865 ratia-

105 892 201 947 altiori
214 893 351 946 virtutum
368 890 470 962 gradu,
492 891 640 946 sanctitate
665 897 694 946 et
717 892 863 946 intellectu
888 908 953 947 vos·

106 981 241 1053 metipsos
255 981 375 1051 erigere,
401 985 432 1034 ut
447 981 608 1035 carnalibus
629 980 778 1035 desideriis
801 982 951 1053 superatis,

104 1075 202 1123 contra
220 1068 380 1124 mundanas
401 1069 525 1138 impetus
547 1073 574 1122 et
597 1069 741 1139 nequitias
756 1068 899 1140 spiritales
914 1070 953 1122 vi·

105 1157 197 1212 riliter
208 1157 321 1229 possitis
335 1173 474 1228 pugnare.
493 1158 590 1212 Fidem
609 1173 724 1229 quoque
740 1161 845 1213 rectam
862 1157 950 1229 (qaod

104 1253 148 1302 ast
168 1247 388 1301 fundamentum
404 1246 535 1301 omnium
556 1247 708 1317 virtutum)
729 1247 815 1302 carde
831 1248 953 1302 tirmiter

104 1339 209 1402 teneto,
223 1341 250 1389 et
266 1351 316 1390 ore
335 1335 497 1406 praedicate,
512 1341 540 1390 et
563 1335 691 1402 lectioni,
714 1340 801 1406 prout
823 1336 950 1407 potestis,

1007 906 1073 945 nem
1090 892 1146 946 ileo
1157 891 1338 947 redditurum
1351 910 1396 948 me
1407 910 1466 948 essa
1479 911 1630 966 cognosco.
1641 897 1711 952 Sunt
1726 913 1854 971 namque

1005 978 1074 1032 vitia
1089 984 1117 1033 et
1131 987 1258 1050 peccata,
1275 996 1327 1049 par
1343 997 1407 1051 quas
1422 982 1552 1036 diabolus
1573 985 1707 1039 mortales
1721 984 1852 1052 seducit;

1006 1071 1035 1121 et
1049 1068 1084 1122 ad
1100 1068 1154 1122 hoa
1167 1070 1280 1123 assidue
1296 1070 1414 1136 laborat,
1432 1074 1464 1124 ut
1479 1087 1526 1125 eos
1547 1089 1641 1126 seeum
1658 1073 1692 1128 ad
1707 1073 1853 1128 internum

1006 1154 1148 1223 detrudat,
1166 1159 1196 1210 et
1205 1163 1297 1211 morte
1309 1164 1447 1229 perpetua
1461 1158 1578 1214 damnet
1591 1177 1597 1227 ;
1608 1161 1636 1214 id
1647 1165 1690 1215 est
1699 1160 1852 1232 cupiditas,

1006 1243 1149 1314 superbia,
1166 1244 1365 1312 homicidium,
1382 1247 1564 1311 adulterium,
1580 1247 1774 1319 sacrilegium,
1791 1249 1868 1315 ior-¹

1006 1330 1121 1394 nicetio,
1155 1333 1267 1403 rapina,
1301 1333 1473 1405 perjurium,
1511 1335 1615 1391 falsum
1644 1337 1851 1407 testimonium,

104 1423 252 1478 ardentius
275 1423 408 1490 insistite,
434 1439 465 1478 ac
485 1423 617 1479 meditari
640 1424 671 1478 in
695 1424 849 1496 Scripturis
865 1424 952 1479 sacris
1005 1419 1168 1475 invasiones
1192 1437 1289 1476 nortun
1316 1422 1580 1492 ecclesiasticarum,
1613 1424 1854 1481 dehonorationes

104 1511 604 1582 etdivinispraeceptiscontendite.
623 1512 751 1567 Orationi
775 1516 804 1567 et
822 1513 950 1583 psalmo·
1005 1510 1196 1578 sacerdotum,
1218 1512 1383 1579 juramenta
1416 1512 1524 1575 illicita,
1557 1513 1771 1569 maledictiones
1792 1530 1855 1586 pes·

104 1598 159 1654 dia
173 1598 328 1670 vigilanter
341 1599 516 1666 incumbite;
543 1600 681 1672 quoniam
697 1600 759 1656 heac
778 1606 845 1655 sunt
859 1615 948 1667 arura,
1005 1597 1095 1664 sima,
1112 1599 1338 1670 conspirationes
1354 1599 1470 1672 iniqua,
1496 1600 1697 1669 detractiones,
1722 1618 1853 1658 susurra·

104 1687 210 1759 quihus
225 1687 354 1742 diabolus
371 1688 503 1756 vincitur,
522 1694 550 1743 ot
574 1689 707 1744 minister
727 1689 832 1765 Christi
849 1689 950 1744 iulide
971 1661 992 1715 B
1006 1685 1108 1752 tiones,
1121 1685 1281 1754 discordiae,
1296 1687 1421 1755 invidiae,
1435 1687 1510 1754 odia,
1526 1688 1688 1755 ebrietates,
1700 1689 1854 1745 inhonesta

104 1780 133 1830 et
146 1776 228 1830 bonis
247 1776 384 1847 operibus
408 1777 558 1831 solidatur.
584 1777 798 1833 Praedioationis
824 1778 950 1832 alliciam
1005 1773 1094 1842 lucra,
1113 1775 1220 1846 judicia
1235 1776 1351 1846 injusta,
1377 1793 1518 1831 mensurae
1536 1776 1703 1848 inequales,
1718 1778 1853 1833 amicitie

103 1863 235 1935 plebibus
249 1864 329 1918 vobis
352 1865 510 1919 commissis
534 1870 726 1936 congruenter
741 1867 911 1937 impendite,
923 1872 952 1922 et
1005 1878 1058 1933 par
1069 1869 1280 1918 sacramentum
1300 1864 1449 1934 promissae
1469 1871 1499 1919 et
1511 1865 1636 1931 violata,
1659 1881 1705 1920 res
1719 1865 1852 1920 eeclesia-

102 1951 177 2007 bene
192 1957 310 2023 agentes
327 1953 361 2007 ad
378 1953 499 2007 meliora
521 1955 608 2009 verbo
624 1959 652 2009 et
667 1956 797 2028 exemplo
819 1954 949 2017 invitate,
1006 1951 1084 2006 slicae
1099 1950 1134 2005 ab
1150 1951 1274 2006 ecclesiis
1288 1951 1450 2018 subtracta,
1468 1956 1497 2005 et
1517 1951 1547 2004 io
1563 1951 1693 2023 proprias
1708 1951 1851 2018 redactae;

103 2039 209 2092 horos
224 2030 338 2110 quoque
360 2046 388 2094 et
403 2039 506 2109 impios
521 2041 634 2095 fortiter
649 2043 812 2114 redarguite
825 2050 853 2099 et
864 2059 949 2113 rapu·
1004 2037 1136 2108 pecuniae
1152 2044 1181 2092 et
1205 2054 1289 2093 nones
1312 2039 1347 2093 ab
1364 2038 1500 2106 ecclesiis,
1526 2038 1631 2109 quibus
1655 2037 1759 2094 debitae
1774 2042 1852 2104 sunt,

103 2132 200 2198 gnate,
226 2131 254 2181 et
273 2128 423 2183 saeculares
447 2145 570 2201 pugnas,
595 2130 701 2199 minas,
721 2139 807 2203 atqua
828 2137 951 2187 terrores
1005 2127 1169 2194 subtractae,
1181 2130 1211 2181 el
1226 2129 1315 2182 mulla
1327 2128 1392 2195 alia,
1406 2143 1470 2199 quae
1486 2127 1665 2183 [lominuset
1677 2128 1854 2198 Redemptor

103 2216 268 2271 nullatenus
282 2216 445 2287 formidate,
462 2224 490 2273 ot
505 2219 601 2290 potius
617 2221 674 2275 [leo
685 2237 772 2293 qaam
783 2221 949 2277 hominihus
1004 2219 1102 2270 noster
1115 2215 1257 2286 prohibet,
1279 2220 1308 2269 et
1321 2214 1453 2270 diabolus
1467 2215 1557 2269 hostis
1569 2221 1597 2269 et
1612 2215 1747 2270 inimicus
1757 2221 1854 2270 noster

102 2304 217 2374 placere
232 2305 414 2372 contendite;
430 2306 550 2377 etquod
565 2305 847 2377 aliisproedicatisin
870 2308 950 2362 vobis
1004 2305 1115 2360 suadet.
1143 2306 1207 2360 ilaec
1240 2321 1306 2360 vero
1336 2305 1402 2359 vitia
1426 2311 1455 2359 et
1475 2310 1591 2375 peecata
1611 2304 1641 2359 in
1660 2310 1771 2359 tantum
1787 2309 1854 2358 sunt

103 2393 198 2462 primo
213 2395 363 2449 ostendite.
383 2394 564 2464 Religionem
580 2400 609 2449 et
623 2396 812 2458 sanctitatem,
833 2396 948 2450 castita·
1005 2392 1112 2463 gravia,
1129 2399 1160 2447 ut
1178 2409 1244 2448 curn
1259 2394 1414 2465 instigante
1428 2393 1544 2449 diabolo
1568 2398 1778 2465 perpetiamur,
1802 2393 1853 2447 ho-

103 2485 161 2535 tem
178 2487 263 2553 atque
281 2482 453 2537 munditiam
468 2499 528 2554 prae
547 2483 680 2538 omnibus
699 2484 805 2538 hahere
821 2484 907 2539 corde
923 2488 951 2540 ot
1005 2482 1096 2536 mines
1109 2500 1127 2538 a
1141 2485 1198 2539 Deo
1223 2488 1365 2554 separent,
1390 2487 1418 2537 et
1438 2483 1634 2538 haereditatem
1658 2484 1803 2537 cmlostem
1819 2497 1852 2536 ac
1929 2553 1932 2559 ι

103 2583 221 2639 corpore
236 2571 368 2637 studete;
383 2575 414 2624 ut
426 2570 546 2625 idoneas
560 2571 665 2627 Christi
679 2571 824 2625 ministros
839 2589 887 2626 vos
902 2572 950 2644 ip·
1004 2572 1093 2626 vitam
1119 2576 1286 2643 perpetuam
1320 2572 1463 2638 auferant,
1489 2577 1517 2626 et
1549 2571 1719 2626 facientibus
1746 2569 1852 2624 interni

103 2673 148 2710 sos
163 2658 323 2721 ostendere,
346 2662 378 2712 ut
392 2659 522 2728 exemplo
538 2658 695 2712 sanctitatis
707 2664 735 2713 et
749 2658 898 2731 religionis
913 2660 949 2715 ad
1004 2659 1135 2715 flammas
1147 2661 1175 2715 et
1189 2660 1331 2715 cruciatus
1351 2660 1509 2732 acquirant.
1537 2661 1569 2713 Et
1582 2659 1657 2727 ideo,
1674 2656 1852 2713 dilectissimi

104 2745 269 2799 servitutem
296 2745 399 2802 Christi
426 2746 496 2800 alios
516 2747 630 2817 possitis
663 2746 823 2812 instruere;
852 2748 949 2818 sicque
1004 2749 1066 2816 lilii,
1084 2749 1202 2804 obsecro
1226 2753 1257 2803 ut
1282 2753 1410 2803 recurrat
1434 2747 1631 2818 unusquisque
1651 2746 1685 2801 ad
1701 2744 1851 2801 conscien-
1906 2790 1909 2795 .

103 2832 258 2899 munditia,
274 2838 302 2888 et
317 2834 393 2888 nitor
412 2839 516 2888 sancto
532 2835 764 2896 conversationis,
782 2840 869 2906 atque
883 2851 949 2891 om·
1004 2836 1074 2891 tiam
1090 2852 1182 2904 suam,
1197 2840 1225 2890 et
1243 2836 1397 2906 diligenter
1408 2835 1537 2905 requirat
1552 2833 1645 2905 qualis
1660 2833 1707 2900 sit,
1723 2833 1768 2887 vel
1783 2848 1848 2904 quaa

103 2936 155 2976 nes
170 2921 200 2974 in
219 2938 371 2977 commune
393 2923 510 2977 virtutes
532 2922 563 2976 in
588 2922 669 2978 vohis
679 2923 889 2993 resplendeant,
907 2928 947 2991 ut,
967 2925 1033 2991 cin
1048 2925 1183 2996 pueritia,
1208 2925 1237 2978 in
1262 2922 1463 2990 adolescentia,
1489 2923 1519 2976 in
1539 2922 1699 2992 juventute,
1723 2917 1851 2975 inomni

102 3009 125 3063 ei
142 3009 236 3064 minor
248 3010 284 3064 sit
298 3010 328 3063 in
343 3010 422 3065 vobis
446 3010 575 3065 doctrina
598 3027 685 3082 quam
709 3010 816 3079 deceat,
842 3012 950 3067 munda
1004 3016 1087 3068 orata
1101 3028 1152 3066 sua
1164 3013 1271 3083 gessit;
1286 3012 1348 3066 etsi
1359 3011 1462 3083 quisse
1473 3009 1657 3077 homicidam,
1674 3008 1849 3076 adulterum,

102 3103 131 3153 el
143 3104 240 3152 sancta
255 3099 432 3153 conversatio
448 3099 591 3170 subjectos
606 3104 714 3154 vestros
729 3101 764 3154 ad
779 3099 948 3173 beneagau·
1004 3099 1184 3171 sacrilegum,
1205 3099 1419 3166 fornicatorem,
1445 3098 1593 3169 perjurum
1615 3102 1666 3150 aut
1688 3096 1791 3151 lalsum
1806 3100 1848 3150 te-

103 3180 173 3235 dum
192 3183 344 3251 informet3
360 3189 389 3237 et
413 3184 490 3254 quod
512 3185 597 3239 aerbo
619 3191 647 3239 et
669 3185 871 3256 predicatione
890 3203 950 3242 non
1004 3193 1076 3243 stem
1090 3189 1202 3256 viderit,
1222 3188 1257 3242 ad
1280 3188 1370 3243 Delum
1387 3192 1415 3241 ct
1439 3191 1558 3241 matrem
1576 3185 1728 3240 Ecclesiam
1748 3182 1850 3240 confu-

101 3270 202 3325 valetis
217 3277 348 3342 exempto
371 3273 459 3326 totius
482 3273 617 3327 bonitatis
641 3274 784 3328 doceatis:
810 3275 949 3346 quoniam
1003 3277 1083 3348 gium
1108 3277 1200 3343 iaciat,
1230 3281 1259 3331 et
1281 3276 1490 3331 confessionem
1522 3290 1626 3346 param
1651 3273 1686 3328 do
1716 3271 1850 3327 omnibus

102 3360 253 3429 cujusvita
268 3360 434 3430 despicitur,
451 3366 539 3416 restat
552 3367 585 3416 ut
605 3363 667 3432 ejus
691 3363 855 3434 predicatio
877 3379 949 3418 con·
1002 3364 1202 3436 iniquitalibus
1218 3365 1277 3418 suis
1296 3363 1492 3418 sacerdotibus
1516 3362 1623 3430 douet;
1648 3367 1677 3416 et
1703 3359 1851 3431 poeniten·

101 3452 256 3502 temnatur,
271 3449 446 3505 Charitatem
463 3449 618 3504 fraternam
643 3457 747 3516 amate,
769 3455 798 3505 et
820 3451 949 3522 hospita·
1002 3451 1072 3506 uam
1084 3451 1229 3522 suscipiat,
1245 3456 1274 3506 et
1287 3451 1432 3506 verissime
1455 3466 1519 3505 eam
1534 3449 1710 3520 adimpleat;
1727 3452 1756 3504 et
1770 3447 1850 3520 quod

102 3536 211 3591 litatem
237 3537 356 3609 diligite,
384 3544 412 3593 et
434 3554 486 3607 per
517 3538 665 3593 saecularia
688 3538 805 3609 negotia
826 3540 950 3611 turpiter
1002 3539 1101 3611 inique
1128 3540 1216 3610 gessit
1255 3540 1453 3611 eleemosynis,
1489 3537 1617 3609 jejuniis,
1661 3535 1849 3602 orationibus,

102 3625 192 3679 nolite
206 3626 375 3692 discurrere,
392 3643 427 3681 ne
446 3627 578 3682 videatur
599 3627 628 3682 in
653 3626 733 3682 vobis
757 3629 949 3683 ministerium
1003 3627 1187 3694 abstinentia,
1203 3632 1232 3681 et
1246 3628 1355 3682 caeteris
1371 3628 1453 3682 bonis
1469 3627 1606 3698 operibus
1622 3625 1718 3680 delere
1730 3628 1759 3681 et
1772 3624 1849 3679 redi·

102 3729 215 3768 sacrum
231 3715 374 3770 vilescere.
388 3716 654 3786 lrreprehensibilas
675 3733 725 3770 vos
746 3716 776 3771 in
791 3716 869 3771 omni
884 3733 950 3772 eon·
1003 3731 1082 3771 mere
1098 3719 1209 3787 satagat
1222 3731 1229 3770 :
1241 3716 1379 3787 quoniam
1396 3715 1450 3770 nisi
1467 3715 1523 3782 hie,
1542 3716 1611 3770 dum
1625 3720 1739 3785 tempus
1762 3717 1793 3768 et
1807 3712 1850 3767 la·

103 3803 264 3858 versatione
292 3810 321 3858 et
345 3808 407 3859 acta
431 3805 572 3871 exbibete,
603 3821 640 3860 ne
666 3821 770 3860 nomon
789 3806 893 3862 Christi
918 3807 950 3861 in
1003 3819 1068 3858 cnm
1079 3803 1175 3871 habet,
1187 3804 1341 3859 emendare
1352 3804 1504 3868 studuerit,
1517 3818 1640 3873 regnum
1656 3802 1716 3869 liei,
1729 3805 1851 3857 usuale

102 3892 182 3947 vobis
195 3893 287 3963 possit
303 3892 505 3964 blasphemari.
522 3894 704 3965 Quocunque
728 3894 828 3965 iniqua
844 3895 886 3948 val
905 3894 951 3949 in·
1002 3892 1149 3963 Apostolo,
1163 3892 1268 3946 habere
1283 3908 1342 3947 uon
1359 3893 1472 3964 poterit.
1487 3894 1577 3950 Nolite
1592 3895 1697 3962 itaque,
1713 3890 1754 3945 eit
1771 3892 1849 3962 Apo·

103 3980 235 4047 honesta,
252 3986 301 4035 aut
315 3987 390 4036 corte
409 3982 570 4051 periculosa
584 3981 613 4036 in
630 3982 766 4054 gregibus
781 3982 885 4038 Christi
898 3999 949 4039 vo·
1004 3980 1105 4048 stolus,
1120 3997 1229 4035 errare:
1247 3996 1333 4049 neque
1347 3981 1496 4049 homicida,
1511 3995 1597 4050 neque
1615 3979 1746 4046 adulteri,
1764 3993 1851 4049 neque

103 4068 147 4124 bis
164 4069 332 4144 commissis,
354 4070 565 4141 inpotentibus
588 4076 618 4125 et
643 4072 844 4140 nobilioribus,
869 4077 899 4126 et
918 4073 950 4129 in
1003 4070 1243 4141 amnicolaeque
1264 4066 1381 4140 perjuri,
1403 4085 1489 4140 neque
1500 4083 1624 4139 rapaces,
1638 4083 1725 4138 neque
1743 4081 1849 4123 maseu-

103 4156 264 4211 miooribus
281 4161 309 4210 et
322 4157 509 4228 pauperibus,
524 4158 555 4212 in
571 4159 704 4214 masculis
718 4159 818 4215 sivein
834 4159 948 4215 leminis
1003 4157 1091 4211 loram
1109 4156 1301 4219 concubitores,
1320 4172 1406 4227 neque
1426 4157 1537 4225 edmari,
1560 4171 1645 4225 neque
1664 4154 1794 4210 mokdioi
1806 4169 1850 4210 re·

103 4245 268 4316 conspicere
304 4253 332 4300 et
355 4246 516 4317 intelligere
538 4248 667 4317 potestis,
697 4247 758 4304 sine
782 4249 878 4304 lavore
898 4255 949 4306 aot
969 4226 1086 4312 Daaron
1100 4245 1342 4315 Deiposaideduot.

102 4333 200 4405 aliqua
215 4349 402 4404 personarum
417 4334 582 4404 acceptione
607 4336 758 4391 ostendere
773 4336 814 4391 eis
829 4343 949 4393 couten—
1039 4333 1188 4388 Monemus
1211 4339 1239 4387 et
1263 4348 1312 4387 eos
1332 4347 1458 4403 qnorum
1472 4331 1650 4387 dissensione
1664 4334 1693 4386 et
1708 4329 1851 4386 discordia

103 4421 180 4489 dita;
195 4425 224 4476 et
239 4422 394 4494 uuicuique
408 4427 524 4493 peecata
537 4427 567 4477 at
580 4422 747 4494 iniquitates
762 4441 827 4480 suas
841 4426 949 4499 absque
1003 4421 1065 4476 hoc
1077 4421 1157 4492 regio
1173 4424 1290 4488 vastata,
1307 4426 1337 4476 et
1350 4421 1448 4476 multis
1460 4420 1582 4476 miseriis
1597 4419 1712 4485 altlicta,
1733 4423 1763 4474 et
1776 4434 1851 4490 pene

1004 4510 1151 4564 annullata
1165 4514 1217 4576 est,
1232 4515 1264 4564 ut
1277 4515 1425 4580 paccatum
1446 4513 1475 4564 et
1495 4507 1680 4580 iniquitatem
1699 4523 1781 4563 snam
1801 4522 1851 4562 ra·

1004 4601 1187 4668 cognoscant,
1208 4601 1236 4651 et
1251 4613 1316 4667 qoae
1342 4597 1430 4668 impie
1447 4599 1476 4651 et
1497 4597 1652 4652 crudeliter
1673 4599 1796 4669 egerunt
1814 4595 1849 4650 ad

103 4509 238 4564 tarditate
253 4514 283 4563 ot
294 4510 481 4580 negligentia,
497 4510 541 4566 vel
556 4515 631 4565 corte
649 4512 821 4568 verecundia
835 4530 948 4570 aunun-

102 4597 183 4664 tiate,
198 4605 227 4652 ot
241 4604 276 4653 de
294 4598 427 4653 omnibus
451 4599 606 4654 sceleribus
626 4599 684 4654 suis
708 4601 859 4657 consilium
883 4620 951 4659 con·

103 4701 207 4756 gruum
222 4686 263 4741 eis
278 4681 415 4758 prebete,
429 4691 458 4741 et
471 4686 619 4742 scientiam
633 4688 746 4743 Domini
762 4689 845 4745 nohis
859 4693 950 4748 omni-

103 4774 157 4827 bus
173 4774 397 4829 comminantem
418 4790 470 4846 per
488 4775 585 4831 omnia
598 4775 766 4832 formidate:
783 4779 815 4835 si
827 4794 881 4836 non
896 4798 950 4837 an-

102 4863 286 4928 nuntiaveris,
299 4861 404 4933 inquit,
419 4864 515 4931 iniquo
529 4864 704 4932 iniquitatem
721 4880 810 4932 suana,
830 4869 950 4923 animam

103 4950 162 5019 ejus
177 4949 211 5004 de
223 4966 307 5005 mono
322 4955 371 5005 tua
389 4953 538 5021 requiram.
557 4951 589 5006 Et
602 4950 672 5007 item
687 4969 694 5006 ι
721 4953 825 5022 Clamo,
851 4969 885 5008 ne
899 4970 952 5011 oes-

102 5051 154 5099 ses,
169 5040 251 5106 quasi
263 5038 330 5094 rada
341 5040 435 5095 enolto
447 5053 546 5105 uocem,
562 5043 615 5094 eto.
628 5041 837 5097 Paenitentibus
851 5042 950 5112 edam,

104 5124 155 5195 qui
175 5125 338 5196 vagabundi
364 5142 416 5199 per
455 5127 600 5181 saecularia
631 5129 748 5200 negotia
775 5130 950 5199 discurrunt,

1005 4690 1133 4742 mentem
1149 4701 1263 4757 semper
1276 4685 1425 4748 reducant,
1442 4692 1471 4740 et
1489 4685 1548 4740 sint
1569 4684 1610 4739 eis
1624 4684 1705 4739 omni
1720 4688 1850 4755 tempore

1004 4774 1036 4829 in
1050 4775 1211 4830 lamentum
1226 4780 1255 4829 et
1268 4774 1428 4845 singultum
1437 4778 1466 4828 et
1475 4775 1604 4829 velamen
1618 4773 1768 4829 oculorum
1784 4786 1849 4827 sua-

1006 4879 1081 4930 rum,
1107 4870 1136 4919 at
1163 4864 1303 4935 poenitere
1326 4879 1361 4919 aa
1376 4861 1584 4918 studiosissime
1607 4861 1793 4929 contendant,
1819 4877 1852 4916 ac
1921 4910 1933 4925 ,

1004 4951 1148 5008 redimere
1171 4968 1201 5007 se
1224 4951 1425 5023 eleemosynis,
1445 4950 1576 5023 jejuniis,
1610 4949 1798 5016 orationibus,
1822 4953 1852 5005 et

1005 5041 1069 5095 aliis
1100 5040 1235 5113 operibus
1271 5042 1328 5096 Deo
1353 5040 1473 5111 acceptia
1496 5042 1636 5110 satagant.
1662 5037 1803 5093 Similiter
1823 5040 1852 5091 et

1005 5129 1118 5201 eosqui
1140 5146 1186 5184 res
1207 5129 1413 5185 ecclesiasticas
1434 5128 1580 5200 quondam
1604 5127 1782 5195 invaserunt,
1802 5128 1852 5180 aut

103 5212 186 5283 quasi
198 5214 271 5268 nibil
293 5215 360 5268 mali
376 5213 525 5286 gesserint,
542 5219 655 5285 peccata
671 5232 723 5271 sua
745 5218 887 5274 ostendite
901 5236 908 5286 ;
923 5222 952 5274 et
1005 5218 1093 5273 modo
1105 5217 1320 5273 sinevoluatate
1334 5233 1434 5272 eorum
1455 5216 1561 5288 quibas
1585 5215 1688 5271 debitae
1712 5219 1790 5282 sunt,
1805 5230 1851 5270 re·

103 5306 136 5355 ut
149 5301 177 5355 in
195 5318 253 5356 uno
268 5302 331 5357 loco
347 5308 490 5358 morantes
512 5301 615 5373 dignos
639 5305 818 5374 paenitentiae
842 5307 951 5362 tructus
1005 5304 1108 5372 tinem,
1126 5311 1159 5360 ut
1177 5305 1345 5377 resipiscant
1362 5311 1390 5361 et
1410 5303 1608 5376 paenitentiam
1636 5319 1687 5374 pra
1702 5301 1852 5373 samiiegio

103 5388 211 5444 faciant
249 5397 441 5452 commonete,
478 5391 682 5446 annuntiantes
724 5393 766 5447 ais
802 5394 949 5450 verissima
1006 5399 1153 5466 agant;et
1175 5396 1243 5461 Deo,
1268 5401 1297 5449 et
1319 5394 1445 5449 eeclesiis
1466 5409 1538 5466 quas
1562 5393 1711 5458 laeserunt,
1737 5390 1852 5446 satista-

1005 5497 1070 5538 oere
1081 5481 1223 5538 studeant.
1241 5484 1419 5556 Easquoque
1430 5497 1593 5549 monemus,
1608 5480 1659 5553 qui
1672 5478 1774 5535 leviter
1787 5479 1851 5552 plu·
