3930 6098
63 5085 65 5094 ·
122 5051 205 5126 risque
220 5055 362 5127 epistolis.

104 240 156 293 389

803 238 941 295 NOTITIA
961 238 1156 297 lilSTORiGA.

1803 249 1856 303 390

102 372 174 428 bulo
206 373 409 444 compellatum
439 375 476 429 ab
504 373 624 443 Eulogio
640 373 775 429 eumdem
798 377 882 456 putat
897 373 958 444 (a),
970 375 993 428 A
1007 374 1088 444 plina
1101 375 1240 446 excultus]
1253 377 1401 448 proprium
1417 379 1517 449 ignoro
1530 380 1669 450 studium,
1683 384 1710 436 et
1725 383 1851 438 nescien-

103 445 169 509 Sed,
187 446 211 499 si
226 462 286 500 nou
306 448 376 499 alius
391 450 433 500 est
451 451 551 499 auctor
565 446 694 515 epistolae
710 446 859 515 cujusdam
874 451 951 500 inter

104 517 174 569 alias
198 517 294 570 Alvari
311 518 345 570 ad
368 518 533 571 Eleazarum
548 522 623 570 secta
637 516 770 570 iudaeum
781 532 814 569 es
831 516 951 571 idolola-

104 593 157 648 tra,
175 604 241 658 quae
263 589 382 657 incipit:
410 589 565 652 Confectum
591 587 741 653 mendacio,
773 592 838 651 ete,
868 587 951 641 fateri

105 674 177 728 opus
192 665 246 723 est,
261 659 296 713 de
312 673 417 730 genere
433 658 620 713 Hebraeorum
643 674 703 712 esse
725 673 791 711 eum
817 657 866 728 qui
890 659 951 712 haec

105 730 138 782 de
153 745 184 782 se
206 730 241 784 ad
266 730 448 783 Eleazarum:
466 749 480 777 u
500 729 572 793 Quia
593 745 627 782 ex
651 728 713 798 ipsa
725 729 776 782 stir
798 745 813 782 e
837 730 951 784 israeli-

105 798 159 852 tica
179 801 237 854 orti
250 805 384 870 parentes
398 799 467 853 olim
483 798 601 855 fuerunt
614 800 721 864 uostri;
737 745 796 854 seq>
811 798 860 854 ubi
876 799 951 853 desi-

106 870 221 924 deratus
246 872 355 925 eunetis
383 870 517 942 gentibus
542 870 630 937 veuit,
656 870 733 924 illico
754 872 815 941 jam
840 871 951 924 venisse

106 942 333 1010 eognovimus.»
358 943 388 995 Et
409 941 514 995 clarius
530 940 749 1012 expressiusque
768 941 861 995 inira:
890 963 900 990 a
921 943 952 995 Et

106 1013 164 1066 haec
179 1012 303 1066 dicimus
317 1016 350 1065 ut
362 1017 457 1066 vestra
471 1012 620 1083 frangatur
645 1011 790 1082 superbia,
807 1017 836 1066 et
856 1017 953 1067 retun-

107 1083 190 1137 datur
214 1083 380 1137 assertionis
402 1083 539 1137 versutia.
564 1082 706 1137 Caeterum
735 1082 854 1137 liberior
880 1082 952 1137 mibi

106 1154 253 1224 responsio
270 1159 299 1208 et
317 1153 438 1220 brevior,
455 1153 513 1208 imo
528 1153 632 1207 clarior
646 1157 744 1220 exstat,
770 1169 803 1208 eo
819 1154 896 1224 quod
920 1170 952 1207 ex

107 1225 219 1278 israelis
235 1225 324 1295 stirpe
345 1224 520 1279 descendens
533 1229 635 1279 cuncta
652 1223 724 1278 mihi
744 1224 852 1293 glorior
867 1224 951 1291 dicta,

107 1310 167 1366 quae
183 1295 240 1350 tibi
253 1300 284 1349 tu
308 1294 457 1366 applaudis
472 1300 613 1366 excerpta.
641 1297 799 1350 Prudenter
814 1295 951 1365 intellige,

107 1371 129 1420 et
143 1365 252 1436 collige
265 1366 419 1437 sapienter,
436 1370 464 1420 et
478 1381 579 1437 aequus
592 1366 701 1420 arbiter
714 1371 786 1420 esto.
807 1366 875 1430 Quis
890 1383 953 1420 ma-

107 1437 143 1507 gis
159 1436 277 1492 israelis
302 1436 421 1492 nomine
450 1438 560 1491 censeri
586 1445 629 1491 est
652 1437 767 1507 diguus,
790 1443 822 1491 tu
837 1436 887 1508 qui
902 1436 953 1490 diu

107 1523 133 1562 ex
157 1508 328 1563 idololatria
342 1508 378 1563 ad
393 1508 499 1562 summi
514 1508 564 1562 Dei
580 1507 688 1562 cultum
706 1524 834 1562 reversus
851 1523 891 1574 es,
917 1523 952 1560 an

107 1594 169 1648 ego,
185 1580 239 1650 qui
264 1584 295 1633 et
312 1579 369 1633 lida
385 1585 414 1633 et
438 1595 544 1649 genere
569 1578 705 1634 Hebraeus
721 1579 870 1634 sum‘tSed
890 1578 953 1632 ideo

106 1649 219 1704 iudaeus
235 1665 295 1703 nou
311 1665 404 1716 recor,
421 1650 489 1718 quia
507 1665 613 1703 nomen
631 1665 736 1703 novum
751 1650 822 1704 mihi
837 1649 954 1718 imposi-

1005 446 1075 500 tiam
1091 462 1184 500 meum
1199 447 1260 518 ipse
1279 464 1335 502 nou
1352 451 1461 516 nescio,
1480 457 1509 505 et
1522 453 1599 523 quod
1616 453 1780 523 magisterio
1795 455 1850 510 hu-

1005 533 1090 571 mano
1108 533 1165 571 uon
1185 518 1281 585 didici,
1297 520 1431 574 exhibere
1447 522 1518 587 eliis,
1535 527 1633 592 utpote
1648 524 1776 593 ignarus,
1792 542 1849 580 non

1004 587 1120 642 valui.»
1143 589 1196 643 Sed
1213 590 1278 643 licet
1301 591 1495 661 eloquentiam
1520 593 1714 650 desideremus
1736 596 1766 650 in
1788 597 1850 651 viro

1005 659 1101 713 densis
1122 661 1291 730 captivitatis
1313 663 1439 716 tenebris
1462 663 1608 732 immerso,
1632 665 1781 736 ingenium
1798 667 1849 723 do·

1005 730 1183 802 ctrinamque
1206 731 1387 802 suspicimus.
1415 732 1473 787 Sub
1496 734 1680 803 Speraiudeo,
1704 753 1761 791 arua
1784 754 1850 792 cum

1005 800 1123 870 Eulogio
1141 808 1276 873 martyre,
1294 803 1369 858 bona
1384 811 1480 857 mente
1497 808 1525 856 et
1538 805 1616 859 feriis
1630 807 1850 877 cogitationibus

1006 872 1161 927 admodum
1176 873 1318 943 proluisse
1332 890 1398 929 eum
1414 874 1484 927 alias
1502 875 1643 930 novimus.

1041 943 1224 998 calamitates
1249 944 1335 998 etiarn
1363 946 1399 999 ab
1424 945 1592 1000 adversariis
1623 963 1721 1017 passos
1736 948 1848 1017 dicitur,

1006 1013 1041 1068 de
1066 1014 1170 1083 quibus
1189 1015 1250 1085 ipse
1273 1015 1309 1069 ad
1335 1016 1496 1070 Romanum
1522 1016 1684 1071 medicum:
1710 1037 1724 1068 s
1746 1019 1851 1074 Omnes

1005 1084 1186 1138 adversantes
1215 1085 1285 1139 mihi
1311 1087 1500 1140 amicissimos
1532 1086 1597 1154 feci,
1625 1093 1653 1141 et
1681 1089 1851 1158 quibusdam

1006 1154 1133 1226 pacificis
1159 1156 1277 1211 nexibus
1303 1162 1388 1211 utens
1400 1158 1515 1211 solertia
1543 1158 1643 1224 animi,
1674 1174 1759 1213 uranu
1777 1161 1851 1214 dile-

1006 1226 1108 1280 ctiouis
1133 1227 1277 1280 contrario
1302 1229 1471 1299 amplexavi,
1496 1229 1657 1283 humilitate
1680 1230 1802 1299 leniens,
1825 1236 1852 1284 et

1007 1296 1156 1352 allectione
1173 1297 1346 1353 demulcens.
1370 1320 1384 1349 »
1402 1299 1428 1354 S.
1452 1300 1564 1371 Eulogii
1580 1301 1713 1371 martyris
1727 1301 1858 1367 amicitia,
1883 1347 1885 1351 .

1007 1368 1035 1421 in
1062 1368 1163 1438 primis
1177 1368 1288 1430 claruit,
1311 1370 1481 1442 scriptisque
1501 1373 1561 1441 ejus
1576 1372 1638 1427 Vite
1653 1377 1682 1424 et
1700 1372 1851 1444 Martyria:

1007 1438 1088 1509 eujus
1113 1439 1211 1508 scripti
1229 1439 1350 1494 frontem
1368 1443 1421 1496 hac
1443 1442 1588 1514 inscripsit
1610 1447 1688 1507 uota,
1711 1443 1851 1498 conditio·

1008 1525 1131 1580 nemque
1148 1515 1236 1563 status
1254 1510 1298 1564 sui
1314 1511 1421 1567 laicalis
1436 1517 1464 1566 et
1478 1514 1580 1567 saeculo
1599 1513 1736 1568 haerentis
1759 1514 1852 1569 omni-

1007 1580 1061 1634 bus
1083 1585 1182 1634 notum
1199 1581 1325 1651 reliquit,
1345 1603 1356 1630 ι
1376 1584 1525 1652 Proliieor,
1548 1585 1652 1654 iuquit,
1670 1600 1714 1638 me
1730 1601 1789 1640 nou
1802 1602 1852 1639 au·

1008 1651 1067 1705 dita
1090 1657 1117 1705 et
1132 1651 1229 1720 dubia,
1250 1653 1298 1707 sed
1316 1653 1376 1707 visa
1391 1660 1419 1708 et
1434 1670 1486 1724 per
1509 1671 1555 1709 me
1578 1655 1699 1724 probate
1725 1662 1853 1711 retexere

107 1726 161 1774 tum
184 1726 241 1786 est,
260 1728 338 1791 quod
362 1736 393 1773 os
416 1720 532 1774 Domini
555 1720 723 1774 nominavit.
748 1722 855 1802 Nempe
871 1724 953 1791 pater
972 1725 992 1779 B
1007 1724 1053 1788 (de
1071 1722 1221 1793 Eulogioi:
1246 1724 1382 1793 quoniam
1398 1726 1490 1794 gratia
1507 1726 1557 1779 Dei
1573 1732 1775 1795 cooperantes
1792 1726 1852 1798 pri·

108 1807 185 1844 neus
202 1792 348 1846 Abraham
373 1794 425 1854 est,
452 1791 520 1862 quia
544 1794 667 1860 majores
681 1791 738 1845 mei
764 1808 797 1846 ex
822 1808 884 1861 ipsa
903 1791 952 1845 de·

108 1862 281 1917 scenderunt
310 1862 439 1917 traduce.
480 1863 679 1933 Exspectautes
710 1861 788 1917 enim
822 1862 953 1917 blessiam

108 1939 269 1998 venturum,
292 1937 321 1987 et
344 1932 512 2003 recipientes
535 1933 709 1999 venientem,
730 1932 823 2003 magis
847 1934 889 1988 illi
913 1934 954 1987 ri·

109 2004 208 2059 deutur
239 2004 327 2058 lsrael
355 2020 415 2058 esse
438 2020 525 2077 quam
546 2005 596 2075 qui
622 2005 833 2074 exspectabant,
857 2010 885 2058 et
905 2021 953 2058 ve·

110 2078 233 2130 rientem
251 2079 433 2146 respuerunt,
450 2091 503 2130 nec
517 2079 614 2130 tamen
629 2091 695 2129 eum
710 2081 874 2147 exspectare
891 2091 954 2130 ces·

112 2151 214 2201 urunt.
231 2165 247 2198 a

138 2219 201 2271 ltu.
218 2215 266 2271 Ali
288 2233 325 2271 uo
349 2223 446 2270 autem
465 2216 552 2270 modo
573 2216 687 2271 videtur
699 2222 728 2271 et
745 2217 815 2272 mihi
830 2216 954 2272 Gothum

113 2303 133 2341 se
147 2303 211 2342 esse
235 2233 380 2342 aiflrmare
402 2286 438 2341 ad
453 2287 587 2341 eumdem
611 2288 775 2342 Eleazarum
795 2287 954 2342 rescribens

114 2358 235 2428 epistola,
253 2375 318 2429 quae
331 2358 435 2412 mutila
449 2363 491 2412 est
505 2358 535 2411 in
549 2363 693 2429 postremo
707 2360 779 2425 loco,
792 2364 820 2414 et
834 2359 952 2429 incipit:

114 2429 166 2494 Quas
196 2430 289 2501 stylus
316 2435 369 2484 sue
391 2431 599 2498 prosecutionis,
629 2445 734 2500 nempe
764 2430 810 2484 his
837 2429 952 2484 verbis:

116 2500 188 2556 «Sed
214 2507 249 2554 ut
268 2516 324 2564 me,
350 2499 400 2581 qui
425 2500 480 2553 sim
495 2501 557 2568 ipse
583 2515 747 2570 cognoscas,
776 2507 805 2556 et
831 2501 954 2573 amplius

115 2584 150 2625 ue
165 2572 290 2626 tacendo
305 2571 424 2637 devites,
443 2570 592 2640 Virgilium
608 2571 675 2625 audi
692 2573 748 2643 (b):

1006 1809 1098 1847 maero
1136 1793 1335 1848 adolescentiae
1367 1794 1438 1849 ilore
1471 1795 1617 1850 charitatis
1648 1796 1796 1851 dulcedine
1824 1803 1853 1852 et

1006 1865 1216 1935 Scriptorarum
1245 1881 1343 1920 amore
1370 1882 1428 1920 uno
1456 1866 1570 1921 vinculo
1599 1867 1732 1922 concordi
1755 1867 1853 1922 innexi

1005 1936 1091 2006 hujus
1107 1937 1183 1999 vita,
1201 1935 1265 1990 licet
1289 1953 1345 1990 nou
1361 1937 1422 2007 pari
1446 1938 1557 1999 ordine,
1577 1942 1675 1992 tamen
1696 1938 1760 2008 pari
1780 1938 1852 1993 aile-

1006 2012 1064 2073 ctu,
1089 2006 1120 2060 in
1143 2006 1252 2060 cunctis
1276 2007 1484 2078 questionibus
1507 2008 1640 2063 duximus
1660 2011 1774 2078 jugum.
1798 2009 1853 2064 Sed

1006 2078 1055 2131 ille
1076 2077 1226 2131 sacerdotii
1250 2082 1367 2132 ornatus
1385 2094 1516 2145 munere,
1532 2079 1636 2151 pennis
1660 2080 1799 2134 virtutum
1822 2080 1853 2133 in

1007 2147 1128 2202 sublime
1144 2154 1258 2202 evectus
1279 2148 1365 2203 altius
1387 2144 1526 2217 evolabat,
1547 2166 1600 2220 ego
1616 2149 1740 2205 luxurias
1754 2155 1782 2204 ei
1803 2167 1853 2203 vo·

1007 2219 1125 2288 luptatis
1137 2220 1199 2273 luto
1221 2219 1377 2286 coniectus,
1403 2224 1578 2275 terratenus
1597 2237 1701 2290 repens
1717 2222 1853 2275 hacteuus

1007 2290 1114 2344 trahor.
1137 2310 1148 2338 ι
1167 2290 1307 2359 conjugio
1324 2296 1419 2344 autem
1436 2291 1584 2347 astrictum
1603 2292 1690 2346 fuisse
1706 2293 1853 2357 Aliarum,

1006 2362 1130 2415 ioannes
1158 2360 1333 2429 Hispalensis
1346 2360 1373 2414 ei
1402 2361 1529 2416 scribens
1561 2362 1682 2418 inuuere
1712 2363 1755 2416 his
1773 2362 1854 2417 vide-

1008 2438 1073 2485 tur:
1104 2451 1118 2480 n
1142 2430 1270 2486 Salutare
1295 2446 1439 2501 praesumo
1464 2448 1517 2503 per
1537 2450 1568 2487 os
1591 2439 1717 2488 vestrum
1736 2449 1854 2488 omnem

1008 2502 1140 2626 deogrem
1160 2502 1265 2626 tdomus
1288 2508 1399 2558 vestrae.
1425 2503 1535 2559 Salutat
1559 2521 1608 2558 vos
1631 2504 1749 2559 domino
1773 2503 1853 2559 Eroi-

1008 2589 1051 2626 srn
1075 2588 1101 2638 a,
1116 2588 1157 2626 »e
1172 2590 1196 2627 c.

137 2694 245 2745 llortem
260 2696 436 2745 contemnunt
446 2692 553 2743 laudato
565 2692 674 2744 vulnere
690 2694 774 2744 Getes.

116 2773 212 2825 Amnon
227 2778 255 2824 et
266 2773 349 2825 illud:

166 2855 253 2916 Getes,
271 2854 367 2918 inquii,
385 2854 533 2919 quopergit
547 2866 630 2918 equo;

117 2931 179 2984 Unde
193 2939 221 2984 et
236 2931 304 2984 illud
320 2937 407 2983 exstat
416 2937 519 2997 poetae:

140 3014 204 3063 iiiuc
218 3014 305 3064 Dacus
319 3017 429 3077 premat,
441 3012 501 3062 inde
517 3012 592 3062 Getes
604 3015 734 3062 occurrat.

1043 2643 1129 2697 Plura
1143 2658 1177 2698 ex
1191 2643 1293 2698 eodem
1306 2643 1377 2698 Vitae
1392 2646 1461 2700 Eulo
1483 2644 1502 2698 ii
1518 2645 1635 2700 exordio
1651 2644 1686 2700 de
1706 2645 1854 2701 communi

1008 2714 1160 2784 utriusque
1175 2715 1229 2768 sub
1249 2715 1416 2786 Speraindei
1435 2662 1544 2771 abisam
1570 2717 1656 2772 ductu
1673 2717 1856 2772 cousuetudi-

1008 2801 1103 2854 neque
1119 2785 1269 2855 subjicere,
1285 2785 1400 2857 quiade
1414 2787 1516 2841 studiis
1531 2792 1668 2857 concepta
1682 2795 1758 2852 suut,
1772 2787 1853 2844 libet.

1011 2856 1213 2925 «Agehamus,
1237 2860 1270 2910 ut
1292 2857 1349 2911 alia
1369 2864 1540 2926 praeteream
1564 2858 1694 2912 ineditis
1719 2858 1852 2927 videnda,

1008 3002 1037 3050 et
1050 2999 1188 3051 scalmum
1204 2998 1234 3050 in
1256 2998 1320 3053 lacu
1339 3000 1498 3053 nescientes
1513 3014 1624 3067 regere,
1650 2999 1750 3053 Euxini
1766 3000 1854 3053 maris

975 3079 995 3134 c
1010 3067 1199 3123 credebamur
1214 3067 1331 3138 tragori.
1355 3069 1426 3122 iiam
1443 3069 1567 3139 pueriles
1588 3070 1786 3123 contentiones
1803 3085 1855 3140 pro

144 3149 200 3218 Ego
216 3163 291 3213 sum,
306 3162 360 3217 ego
374 3162 448 3212 sum,
461 3161 547 3217 quem
559 3145 720 3200 Alexander
731 3145 880 3200 vitandum
893 3161 959 3216 pro.
1011 3138 1158 3204 doctrinis,
1175 3138 1280 3208 quibus
1295 3138 1493 3218 dividebamur
1509 3139 1594 3206 (forte
1617 3139 1648 3219 iu
1667 3139 1855 3220 philosopho·

117 3218 259 3281 noritiavit,
285 3217 410 3288 Pyrrhus
434 3215 595 3287 pertimuit,
621 3218 714 3271 Caesar
739 3217 894 3270 exhorruit.
919 3218 957 3271 De
1010 3209 1217 3290 ruumupla'citi's)
1235 3224 1295 3263 non
1309 3209 1418 3290 001050.
1435 3211 1484 3264 sed
1498 3209 1704 3291 delectabiliter
1715 3212 1854 3291 00111010·

117 3290 189 3343 nobis
213 3304 332 3360 quoquae
356 3293 385 3342 et
407 3292 505 3342 noster
521 3289 712 3357 Hieronymus
728 3287 815 3341 dicit:
833 3305 846 3336 a
862 3288 958 3342 Cornu
1011 3286 1109 3333 11111111
1134 3295 1257 3335 1111100111
1273 3295 1395 3350 egimus,
1416 3286 1445 3334 01
1460 3280 1629 3351 rhylhffllcis
1650 3280 1778 3335 1011111113
1803 3296 1855 3334 11011

117 3359 243 3415 hebetia
266 3359 371 3424 ironia,
388 3359 473 3428 longe
498 3358 612 3429 iuge.»
638 3357 708 3421 Ouae
732 3358 787 3411 uisi
811 3358 845 3412 ad
866 3374 957 3428 genus
1009 3350 1144 3405 laudibus
1164 3351 1368 3406 mulcebamus.
1386 3352 1419 3406 Et
1441 3351 1568 3405 hocerat
1592 3351 1759 3405 exercitium
1773 3351 1864 3420 uobis

117 3430 259 3484 scribentis
282 3430 456 3498 referantur,
480 3430 561 3498 quasi
577 3429 680 3482 iudeus
692 3429 841 3499 jactaverit
856 3429 958 3483 Gothi·
1012 3420 1096 3476 melle
1117 3422 1241 3487 suavius,
1262 3422 1333 3477 favis
1349 3422 1568 3503 1001100100,οῑ
1587 3422 1617 3476 in
1633 3427 1699 3477 01110
1715 3438 1763 3503 eps
1779 3438 1856 3492 quo·

116 3515 166 3556 cum
186 3500 326 3556 ferociam
336 3501 504 3570 provocanti
513 3499 676 3554 adversario
688 3499 956 3570 pertimescendam,
1011 3493 1081 3547 tidie
1107 3493 1291 3548 extendentes
1307 3493 1397 3547 multa
1420 3493 1569 3548 inadibilia
1591 3498 1701 3548 tentare
1723 3510 1754 3548 1n
1778 3493 1854 3549 Scri·

117 3573 201 3626 nescio
214 3586 303 3642 quem
323 3571 410 3624 atium
426 3570 561 3624 idoneum
577 3586 693 3623 sensum
715 3571 849 3624 habeant,
868 3570 957 3625 ωε.
1032 3563 1102 3617 turis
1116 3564 1236 3634 puerilis
1258 3564 1414 3618 immatura
1431 3564 1591 3619 docibilitas
1607 3564 1673 3635 egit.
1692 3564 1734 3619 ita
1755 3569 1787 3619 ut
1803 3581 1856 3618 vo-

116 3656 169 3696 rum
182 3642 264 3714 quod
280 3642 315 3696 ds
330 3643 494 3698 serenitatis
510 3641 680 3694 salutatione
695 3641 799 3695 Alvaro
820 3640 958 3695 attributa
1011 3580 1122 3716 famina
1132 3635 1330 3696 conderemus,
1343 3651 1407 3706 quae
1421 3641 1520 3705 postea
1533 3641 1601 3716 aetas
1613 3636 1856 3703 mutaebolenda,

116 3715 185 3781 prius
202 3713 314 3768 dictum
333 3713 398 3779 fuit,
415 3713 488 3766 alius
504 3711 621 3765 omuino
637 3726 722 3781 quem
743 3709 901 3764 hodiernus
916 3717 958 3765 est
1010 3721 1091 3758 110111
1108 3710 1445 3775 00110101101111111010111.
1462 3707 1626 3786 0001011111

116 3785 195 3854 stylus
210 3788 275 3838 erat
292 3783 371 3837 illius
386 3782 534 3852 temporis,
559 3797 617 3851 quo
632 3786 690 3835 tam
705 3782 759 3835 isto
781 3797 869 3852 quam
892 3783 958 3836 Esn-
1047 3775 1139 3856 Opere
1153 3775 1239 3845 hujus
1261 3776 1358 3855 Alvari
1372 3777 1455 3829 nobis
1472 3776 1593 3830 feliciter
1607 3776 1784 3831 conservavit
1806 3792 1857 3831 co-

116 3856 237 3910 csitsntiae
262 3859 288 3907 et
312 3854 496 3908 Sublimitaiis
524 3853 633 3907 honore
658 3868 720 3906 sess
747 3853 869 3906 invicem
898 3869 957 3906 uon
1010 3845 1064 3899 dex
1080 3846 1197 3917 quidam
1213 3847 1349 3926 Ecclesrae·
1365 3845 1586 3926 Cordubensisa
1605 3847 1803 3918 septingentis,
1825 3852 1859 3902 ut

116 3926 262 3997 precipuae
291 3924 412 3995 alicujus
438 3923 585 3993 dignitatis
612 3923 744 3977 homiues
768 3923 956 3993 excipiebant.
1012 3916 1144 3986 colligere
1169 3916 1261 3983 datur,
1282 3932 1366 3970 annis
1389 3922 1521 3987 scriptus,
1538 3932 1623 3986 quem
1645 3917 1716 3971 vidit
1740 3918 1857 3972 liorales

146 3999 205 4051 tva.
238 3996 375 4066 Exempla
397 3994 537 4049 habemus
566 3993 595 4047 in
627 3994 672 4048 his
707 3993 776 4065 ipsis
799 3994 904 4059 Alvari,
931 3998 959 4047 et
1011 3986 1856 4058 laudatqoenonunoloco(c).Godicemaliumiotetanae

118 4065 231 4121 aliorum
248 4066 284 4120 ad
308 4081 385 4133 eum,
401 4065 540 4135 epistolis.
557 4064 712 4134 Cuiusdam
729 4064 877 4134 inscriptio
894 4064 958 4118 latis
1012 4059 1142 4112 Ecclesiae
1156 4058 1279 4112 Thomas
1305 4058 1438 4112 Tamaius
1458 4059 1557 4113 laudat
1576 4058 1624 4130 (d).
1652 4058 1788 4112 Nosinde
1813 4059 1856 4112 di-

120 4141 153 4191 est
182 4138 361 4193 serenissimo
391 4139 509 4191 omnium
537 4136 728 4190 catholicorum
762 4135 869 4189 domino
903 4150 958 4189 meo
1012 4145 1131 4184 manans
1155 4129 1285 4183 omnium
1312 4145 1374 4199 quse
1400 4129 1441 4184 ibi
1465 4135 1577 4185 exstant
1600 4129 1738 4183 habemus
1759 4145 1858 4183 exem-

119 4207 238 4270 Iiomono,
270 4223 356 4278 quem
390 4207 551 4261 homanum
584 4206 727 4260 medicum
751 4210 831 4260 vocat
853 4206 958 4260 lemma
1012 4201 1102 4270 plum,
1128 4200 1330 4270 transcriptum
1346 4217 1378 4255 ex
1394 4202 1483 4255 altero
1500 4200 1581 4254 nobis
1597 4200 1807 4254 communicato
1823 4216 1858 4254 ex

120 4279 248 4348 epistola.
274 4278 316 4332 Ad
331 4278 482 4333 eumdem:
507 4279 682 4332 Anteriorum
705 4291 833 4341 meorum,
855 4275 957 4346 inquit,
1013 4270 1187 4341 amplissima
1209 4271 1349 4326 Francisci
1374 4271 1402 4327 S.
1424 4273 1457 4327 u.
1486 4271 1516 4325 E.
1534 4271 1685 4327 cardinalis
1710 4271 1859 4326 barberini

121 4350 265 4411 mudum,
289 4351 458 4404 serenissime
481 4348 597 4413 domine,
626 4364 691 4419 erge
710 4362 768 4416 eos,
795 4351 847 4400 etc.
870 4347 957 4401 Paulo
1013 4341 1143 4395 Romana
1165 4341 1347 4409 bibliotheca,
1365 4343 1394 4396 iu
1414 4359 1469 4413 qua
1484 4347 1661 4397 asservatur:
1678 4343 1748 4396 olim
1765 4342 1858 4397 eidem

120 4417 183 4475 inira
197 4419 426 4476 sublimissimum
448 4420 526 4473 huuc
541 4418 638 4489 ipsum
655 4423 744 4472 vocat.
770 4419 810 4472 Ac
832 4416 954 4472 deinde:
977 4415 1238 4483 ppurpuratarum
1254 4429 1360 4483 magno
1376 4413 1481 4480 decori,
1499 4418 1527 4468 et
1541 4414 1732 4468 litteratorum
1755 4429 1787 4468 ac
1811 4414 1858 4468 lit·

121 4489 152 4543 lii
183 4491 380 4546 sublimissime
416 4490 531 4556 domins,
574 4489 743 4543 ditectionem
779 4504 864 4543 msam
892 4503 957 4556 erga
1011 4489 1139 4537 terarum
1172 4484 1327 4553 protectori
1350 4483 1619 4553 beneficentissimo,
1645 4483 1761 4550 Matriti‚
1789 4484 1858 4539 dum

121 4574 165 4628 sos,
185 4568 240 4616 etc.
258 4562 390 4630 Ejusdem
406 4561 519 4630 generis
538 4559 593 4614 luit
610 4560 787 4615 Eucellentiae
804 4560 958 4630 compella·
1014 4559 1167 4608 eosauctas
1195 4554 1340 4608 memorie
1367 4553 1472 4609 Urbani
1497 4556 1555 4609 Vlll
1583 4571 1601 4609 o
1627 4555 1710 4610 latere
1737 4555 1861 4610 venisset

121 4629 162 4686 tio.
181 4631 375 4702 Speraiudeus
398 4632 432 4686 ad
457 4632 614 4686 Aliarum:
630 4631 670 4684 Et
688 4631 771 4684 odeo
791 4646 850 4699 quae
868 4635 958 4685 uestra
1012 4624 1134 4695 legatus,
1149 4622 1185 4678 ab
1204 4625 1304 4679 eodem
1325 4625 1435 4679 'thoma
1449 4625 1566 4680 Tamais
1580 4628 1615 4680 de
1636 4627 1753 4698 vargas,
1778 4627 1858 4699 regio

122 4705 269 4757 macilentia
294 4704 394 4771 posuit,
421 4706 565 4757 revertam.
590 4701 884 4755 Animadvertendum
915 4708 958 4756 est
1012 4695 1245 4777 chronographo,
1260 4711 1317 4749 una
1334 4711 1398 4750 cum
1412 4695 1476 4749 aliis
1490 4697 1603 4778 antiqui
1617 4698 1669 4751 aevi
1683 4714 1860 4753 monumen-

123 4773 205 4827 tamen
229 4774 308 4844 quod
333 4773 392 4827 sive
417 4790 434 4828 a
457 4772 575 4828 Gothica
595 4772 716 4841 origine,
741 4771 800 4825 sive
819 4771 903 4825 aliam
921 4772 956 4826 ob
1012 4767 1048 4821 tis
1064 4766 1207 4838 Hispanis,
1221 4782 1256 4820 ex
1270 4764 1437 4836 apographo
1454 4782 1504 4821 suo
1521 4772 1658 4839 scriptum
1673 4773 1701 4822 et
1717 4769 1857 4823 oblatum.

123 4854 234 4911 causam,
259 4843 375 4897 videtur
397 4843 421 4897 is
445 4844 539 4898 Flauii
558 4847 587 4896 et
604 4845 714 4897 Aurelii
738 4842 958 4912 cognominibus
1049 4837 1138 4909 liujus
1166 4843 1351 4907 conspectum
1380 4837 1426 4891 hic
1445 4837 1586 4906 dabimus,
1613 4839 1858 4909 quemadmodum

124 4911 202 4968 abhis
217 4914 269 4986 qui
292 4913 402 4969 litteras
416 4914 443 4967 ei
462 4915 579 4980 dabant,
596 4914 798 4985 compellatus;
824 4913 872 4967 sed
887 4928 956 4984 pro·
1011 4925 1045 4962 ex
1071 4925 1116 4975 eo,
1143 4909 1220 4979 quod
1247 4907 1302 4961 iuit
1329 4908 1437 4962 laudati
1453 4909 1570 4963 Thomae
1585 4911 1704 4976 lemnii,
1728 4909 1858 4978 exemplo

123 4983 173 5048 prio
187 4985 307 5040 nomine
329 4985 464 5040 Atoarum
480 4986 595 5040 Paulum
614 5001 643 5038 se
667 4986 728 5055 ipse
751 4987 835 5038 vocat
849 4984 880 5037 in
894 4983 956 5053 ple·
1010 4979 1139 5051 prodiit:
1164 4979 1274 5034 Aurelii
1289 4980 1378 5034 Flauii
1401 4980 1500 5034 Aloori
1521 4982 1647 5047 illustris,
1661 4982 1777 5049 patricii
1792 4981 1859 5036 Gor-

1011 5050 1149 5116 dubeusis,
1172 5050 1201 5105 S.
1219 5051 1338 5118 Eutoqii,
1362 5051 1560 5120 arctiepiscopi
1576 5051 1699 5104 Toletani
1716 5052 1858 5118 martyris,

63 5129 65 5181 t
146 5127 196 5181 Sed
225 5127 368 5198 quidquid
388 5127 423 5182 de
447 5126 535 5197 stirpe
558 5125 594 5181 sit
617 5123 744 5191 Gothico,
767 5141 803 5179 au
826 5125 955 5192 Hebraea,
1011 5123 1134 5175 amiciet
1155 5121 1439 5190 studiorumcolleqae,
1462 5124 1658 5192 operuomnia,
1685 5137 1744 5189 qua
1762 5122 1793 5175 in
1821 5120 1860 5174 bi-

63 5199 65 5202 '
122 5198 236 5253 modeste
264 5198 327 5268 ipse
363 5196 394 5253 iu
428 5197 553 5252 indiculo
579 5198 720 5264 luminoso,
749 5196 830 5250 eo'us
859 5200 958 5250 auctor
1012 5192 1149 5246 btiotiecis
1180 5194 1319 5261 Hispania
1342 5197 1495 5259 sustenta
1522 5192 1616 5247 multis
1641 5193 1769 5246 hactenus
1787 5192 1859 5246 desi·

63 5293 67 5453 i

121 5263 195 5324 luisse
209 5271 347 5334 creditor,
359 5269 394 5324 de
405 5268 465 5323 suis
479 5268 581 5322 studiis
592 5269 738 5339 loquitur:
753 5288 763 5316 ι
778 5213 849 5330 &oia
864 5282 916 5321 nee
926 5266 957 5319 in
1011 5263 1118 5328 duale,
1150 5278 1289 5330 nunquam
1313 5263 1387 5317 editu
1408 5279 1425 5316 o
1449 5264 1538 5319 codice
1560 5267 1714 5332 peruetusta
1736 5264 1861 5318 Ecclesia

119 5334 269 5395 liberalium
284 5340 391 5395 artium
406 5339 560 5410 disciplina
575 5355 631 5393 uon
647 5339 792 5394 excultum
813 5338 845 5408 [s.
870 5337 956 5392 disci-
1012 5334 1190 5390 Cordubensis
1216 5336 1315 5388 titteris
1341 5335 1456 5402 politicis
1485 5338 1608 5400 sacruto,
1634 5334 1702 5388 bonu
1725 5334 1777 5394 ide
1799 5337 1859 5405 pri·

145 5522 184 5593 (o)
200 5523 307 5578 Eodem
322 5526 494 5593 argumento
512 5520 657 5593 iiiuguera
679 5520 770 5576 utitur
787 5519 817 5574 iu
831 5519 908 5575 notis
920 5519 957 5574 ad
1011 5513 1189 5640 epigraphe:
1215 5515 1269 5569 Las
1290 5511 1398 5584 epodos
1418 5528 1493 5583 pora
1512 5513 1537 5568 io
1548 5511 1581 5567 de
1596 5516 1662 5585 oqui
1677 5513 1812 5584 odetame,
1833 5521 1862 5572 et

116 5589 322 5666 luitprandum
336 5609 414 5649 anuo
428 5593 491 5649 846.
1012 5586 1248 5665 i1.xrv,eap33.
1340 5651 1346 5664 ι

144 5665 173 5735 (t
197 5664 280 5720 Falso
294 5663 462 5719 inbuuntur
474 5661 505 5720 hi
519 5677 617 5718 semus
632 5660 760 5745 virgilio.
1047 5655 1086 5726 (d)
1102 5655 1131 5709 lu
1148 5659 1224 5709 notis
1238 5653 1273 5708 ad
1297 5651 1516 5724 Lurtprendum,
1540 5670 1608 5711 auu.
1625 5656 1688 5727 869,
1712 5673 1777 5730 pag.
1796 5659 1858 5715 aba.

145 5736 171 5805 tc
204 5736 237 5791 lu
258 5733 429 5808 prefatione
451 5739 518 5789 ante
532 5733 583 5788 lib.
606 5748 633 5787 xx
656 5735 727 5788 tissi.
743 5731 879 5801 Hispan,
904 5729 956 5785 sub

1008 2927 1123 2997 uirique
1152 2926 1366 2997 Scripturarum
1390 2927 1599 2993 delectabilem,
1625 2928 1730 2998 inquit,
1747 2928 1853 2995 lusum,
1947 2933 1951 2953 ¹
