3930 6098
104 260 140 316 89
702 256 807 314 blasti
827 256 873 314 ul:
891 255 1097 313 ΝΔΤΙῊΤΑΤΕ
1117 254 1266 313 CHRISTI.
1826 263 1861 318 00

104 393 201 448 Aaron
222 390 345 465 protulit
371 390 483 448 telluris
501 388 608 462 absque
636 390 900 448 subministratione
927 393 993 448 etd
1011 390 1222 448 difficilioribus
1233 395 1262 447 et
1275 389 1403 464 mysticis
1415 390 1860 469 locisimmoramur‘ladaperta

104 482 239 538 humoris
282 479 462 553 irrigatione,
489 480 599 536 nativas
624 485 721 537 tasum
747 497 800 553 per
830 481 955 550 semitas,
1009 480 1169 549 veniamus,
1184 486 1213 537 et
1235 480 1271 536 de
1286 480 1440 536 domorum
1454 482 1595 551 claustris,
1612 483 1641 539 id
1666 489 1710 540 est
1738 490 1859 542 secreto·

104 583 237 640 germen,
252 568 338 625 liores
362 575 391 625 et
414 570 556 637 lructrrm3
572 569 612 625 sic
639 575 730 626 mater
753 571 906 643 virgonun
922 571 957 627 de
1010 562 1075 625 runi
1104 568 1205 640 liguris
1230 568 1264 625 ad
1294 573 1444 641 portarum
1471 570 1655 627 latitudinem
1687 573 1858 646 migremus,

105 658 261 728 voluptatis
290 658 363 726 rivo,
394 674 446 713 nec
474 658 510 714 de
538 657 663 713 maritali
692 659 875 728 commercio,
904 675 958 731 ge·
1010 662 1151 731 quatenus
1162 657 1281 729 vestigia
1295 656 1404 730 sponsi,
1421 663 1450 713 et
1472 658 1640 717 emissiones
1654 676 1778 734 sponsu,
1804 662 1858 719 sub

105 746 225 801 uitatem
240 750 339 802 tamen
361 762 413 819 per
426 747 558 802 semitam
580 746 682 820 genuit
696 762 812 804 carnem
832 748 957 805 Verbum
1010 746 1074 802 divo
1090 745 1329 818 contemplemur.

108 833 229 891 factum.
1046 835 1078 889 ln
1101 834 1164 906 lege
1189 850 1275 889 omne
1302 833 1531 905 primogenitum
1557 835 1765 893 sanctificatum
1795 843 1859 893 arat

451 942 563 1001 cgpup
582 944 614 999 γ,
1011 921 1146 990 Domino,
1171 923 1338 994 significans
1357 938 1423 978 eum
1439 923 1490 995 qui
1516 924 1594 979 solus
1616 929 1729 980 sanctus
1753 930 1782 983 et
1796 926 1859 982 sine
1943 983 1944 987 ,

1010 1016 1126 1083 peccato
1139 1017 1224 1066 natus
1242 1016 1294 1067 ast.
1310 1011 1356 1068 Sic
1378 1012 1457 1066 enim
1483 1028 1569 1084 super
1591 1013 1647 1068 hoc
1673 1013 1763 1069 habes
1789 1013 1859 1070 scri·

969 1166 973 1171 Δ
1009 1105 1092 1174 ptum
1107 1117 1114 1156 ε
1132 1119 1145 1155 a
1161 1101 1339 1157 Sanctificate
1355 1101 1426 1157 mihi
1442 1117 1527 1157 omne
1538 1102 1767 1175 primogenitum
1782 1104 1859 1175 quod

138 1186 290 1254 ieremias,
305 1204 420 1262 quoqne
447 1190 524 1245 bunc
551 1207 666 1246 sacrum
695 1189 820 1264 Virginis
841 1196 957 1263 partum
1010 1189 1102 1262 aperit
1115 1188 1230 1245 vulvam
1263 1190 1295 1246 iu
1327 1190 1412 1246 lsrael
1447 1190 1552 1262 (used.
1583 1207 1643 1260 xur,
1669 1190 1733 1263 l).»
1763 1193 1859 1247 item:

104 1275 294 1348 praesagiens,
310 1277 372 1333 ait:
399 1299 414 1328 u
432 1279 544 1335 Creabit
571 1278 712 1336 Dominus
738 1296 845 1335 novum
872 1296 958 1352 super
1012 1299 1027 1329 u
1039 1279 1168 1352 Cumque
1181 1279 1373 1335 introduxerit
1387 1283 1415 1335 te
1438 1280 1578 1336 Dominus
1599 1280 1630 1336 in
1655 1285 1764 1336 terram
1789 1281 1860 1336 Cha·

103 1369 213 1419 terram
235 1364 366 1420 :femina
382 1365 571 1422 circumdabit
585 1367 678 1423 virum
699 1369 764 1436 (Jer.
780 1385 857 1437 xxxi,
874 1367 956 1440 iila
1011 1368 1116 1438 naumi,
1130 1367 1203 1424 sicut
1214 1368 1324 1439 jurarit
1338 1368 1392 1424 tibi
1405 1372 1433 1424 et
1456 1368 1584 1440 patribus
1599 1369 1671 1438 tuis;
1693 1375 1723 1426 et
1750 1367 1862 1425 dederit

107 1453 246 1509 Discerne
275 1453 345 1524 quid
368 1470 476 1510 norum
499 1455 603 1512 dixerit
625 1460 752 1512 creatum
775 1457 823 1527 iri,
851 1457 958 1513 scilicet
1010 1471 1074 1511 eam
1109 1456 1172 1525 tibi,
1206 1457 1351 1528 separabis
1382 1474 1468 1513 omne
1501 1460 1579 1530 quod
1610 1459 1705 1530 aperit
1743 1458 1857 1514 vulvam

104 1540 183 1613 quod
201 1540 327 1595 lemiueo
340 1547 453 1598 tautum
469 1544 578 1599 semine
595 1544 687 1601 sancti
701 1545 823 1618 Spiritus
833 1562 885 1618 per
899 1545 957 1600 mi·
1010 1545 1134 1601 Domino
1157 1544 1252 1617 (leid,
1279 1548 1322 1613 ll,
1354 1546 1408 1618 lt).
1430 1547 1549 1618 nssltam:
1571 1568 1586 1598 u
1600 1548 1679 1616 Nam}
1694 1563 1759 1603 cum
1776 1547 1860 1603 indu·

103 1628 272 1698 nisterium,
295 1631 422 1686 matricis
438 1631 469 1688 in
484 1633 596 1705 gremio
623 1633 737 1689 babitus
761 1634 958 1708 configuretur
1010 1637 1172 1688 natusesset
1196 1634 1316 1700 Pharao,
1332 1639 1361 1689 et
1376 1635 1467 1690 nollet
1492 1651 1543 1690 uos
1569 1635 1726 1706 dimittere,
1758 1635 1862 1692 occidit

103 1716 207 1773 virilis.
224 1719 260 1774 Et
282 1720 420 1792 quoniam
445 1723 588 1778 nascendo
612 1723 677 1779 talis
702 1730 857 1795 conceptus
883 1724 955 1780 uteri
971 1702 992 1757 Β
1012 1722 1151 1778 Dominus
1166 1739 1253 1778 omne
1267 1723 1492 1795 primogenitum
1507 1723 1537 1779 in
1552 1725 1760 1796 terraAEgypli.
1771 1725 1860 1781 ldcir-

103 1807 224 1862 semitas
239 1822 300 1863 uon
318 1809 490 1880 preteriret,
517 1810 567 1882 qui
590 1826 690 1867 cursus
711 1811 869 1868 nativitatis
883 1828 955 1868 cun·
1000 1827 1044 1866 ·co
1059 1809 1322 1882 immolaDomino
1341 1828 1425 1868 omne
1451 1813 1530 1884 quod
1552 1814 1644 1884 aperit
1667 1815 1780 1869 vulvam
1796 1829 1861 1869 ma·

104 1895 159 1951 ctis
187 1897 273 1952 datus
301 1897 482 1966 mortalibus,
508 1900 611 1955 merito
638 1900 709 1955 illud
724 1900 813 1970 siluit,
839 1900 870 1956 in
899 1917 956 1974 quo
1011 1899 1216 1968 seuliuisexus,
1231 1900 1860 1973 etomniaprimogenitaliliorumlmeorum

104 1989 215 2056 prater
229 1985 403 2042 inviolatum
417 1987 560 2058 pudorem
582 1988 635 2043 sub
650 1989 789 2045 nascendi
802 1990 866 2062 lega
882 1989 955 2046 nihil
1011 1987 1122 2044 redime
1151 1989 1247 2058 (leid,
1279 1988 1379 2061 less).
1410 2011 1425 2041 »
1454 1991 1527 2045 Nota
1560 1990 1638 2062 quod
1671 1989 1860 2063 primogeniti

104 2073 223 2128 afferret
240 2073 316 2130 novi.
1012 2082 1079 2132 sunt
1090 2077 1140 2150 qui
1154 2080 1268 2135 vulvam
1283 2078 1425 2134 nascendo
1439 2078 1527 2150 primi
1542 2079 1686 2149 aperiunt,
1705 2084 1736 2134 ut
1759 2094 1858 2134 conse-

141 2163 276 2219 Ezechiel
290 2179 408 2237 quoque
423 2181 430 2221 :
448 2187 461 2216 u
477 2166 511 2221 Et
525 2165 651 2222 converti
665 2182 712 2221 me
726 2167 761 2223 ad
777 2168 851 2222 viam
866 2173 957 2240 portus
1011 2170 1134 2238 quenter
1146 2167 1269 2239 accipias
1288 2167 1342 2221 lroe
1355 2183 1417 2222 esse
1432 2167 1508 2222 nasei
1523 2167 1557 2222 de
1580 2167 1698 2234 femina,
1723 2166 1801 2238 quod
1814 2171 1859 2222 est

105 2252 264 2308 sanctuarii
279 2253 440 2324 exterioris,
465 2271 530 2326 quae
552 2255 724 2326 respiciebat
740 2256 774 2311 ad
797 2258 955 2325 orientem;
1010 2254 1129 2311 oriendo
1146 2257 1260 2311 vulvam
1289 2255 1377 2313 exire.
1401 2257 1433 2312 ln
1459 2257 1589 2328 catalogo
1623 2261 1858 2327 praceptorum:

106 2347 137 2398 et
150 2347 214 2398 erat
229 2342 391 2397 clausazet
404 2342 476 2399 dixit
490 2344 630 2400 Dominus
644 2345 680 2401 ad
701 2361 768 2401 me:
792 2348 877 2402 Porta
895 2347 958 2403 hae
1013 2343 1269 2415 «Primogenieum
1298 2345 1424 2400 liliorum
1454 2344 1536 2401 dabis
1559 2343 1631 2399 mihi
1658 2344 1760 2416 (Euod.
1791 2360 1859 2413 xxu,

105 2428 206 2485 clausa
220 2429 287 2497 erit,
304 2446 363 2485 nou
389 2432 544 2503 aperietur,
563 2437 592 2488 et
616 2432 659 2487 sir
673 2449 732 2488 non
760 2433 880 2490 transiet
906 2450 957 2507 per
1011 2431 1066 2503 29).
1088 2452 1103 2482 »
1118 2431 1221 2488 Alibi:
1247 2451 1261 2484 u
1288 2432 1379 2489 Omne
1405 2432 1483 2504 quod
1499 2431 1591 2504 aperit
1616 2432 1729 2486 vulvam
1744 2432 1860 2502 generis

105 2533 182 2586 eam,
198 2518 337 2590 quoniam
355 2520 493 2596 Dominus
509 2522 583 2576 Deus
596 2521 680 2576 lsrael
695 2521 840 2593 ingressus
851 2528 894 2578 est
907 2539 958 2594 per
1011 2525 1163 2579 masculini
1181 2541 1278 2580 meum
1291 2525 1356 2591 {erit
1372 2523 1471 2597 (Euod.
1487 2540 1546 2593 xus,
1562 2525 1600 2593 D).
1617 2544 1631 2572 n
1652 2525 1684 2580 ln
1711 2523 1834 2579 Levitico
1851 2540 1857 2579 :

105 2623 192 2676 eam;
210 2608 322 2681 eritque
353 2609 450 2664 clausa
475 2610 612 2682 principi.
642 2612 696 2666 Per
723 2611 799 2666 viam
825 2612 957 2667 vestibuli
1012 2635 1027 2664 u
1040 2614 1141 2671 llulier
1156 2615 1179 2670 si
1193 2621 1325 2688 suscepto
1340 2615 1450 2671 semine
1475 2614 1589 2687 peperit
1612 2613 1811 2677 masculum.»
1832 2618 1860 2669 et

104 2701 201 2770 portae
214 2697 405 2769 ingredietur,
420 2703 448 2754 et
456 2715 508 2770 per
517 2700 593 2754 siam
607 2699 955 2772 ejusegredieturlllzecb.
1011 2703 1273 2776 reliqualleu.r11,
1301 2703 1335 2774 l).
1362 2705 1458 2760 ilem:
1487 2726 1498 2754 a
1525 2703 1575 2759 Sin
1596 2706 1693 2758 aulem
1721 2701 1859 2757 feminam

105 2803 204 2853 xxxia,
219 2787 260 2858 3).
284 2807 299 2837 »
328 2786 447 2842 AEstimo
465 2788 542 2859 quod
566 2788 611 2843 hic
633 2789 712 2844 locus
727 2805 843 2846 omnem
869 2790 959 2845 solvat
1011 2792 1122 2865 peperit
1138 2792 1270 2863 (iciam.
1297 2792 1363 2864 5),»
1397 2797 1462 2860 etc,
1494 2797 1523 2847 et
1551 2807 1689 2863 generare
1716 2795 1744 2847 et
1758 2806 1860 2862 parere

104 2874 195 2945 hujus
221 2874 331 2931 nodum
347 2876 524 2948 quaestionis.
542 2877 652 2933 Etenim
669 2882 782 2950 portam
796 2895 883 2950 quam
904 2879 955 2935 de·
1012 2881 1241 2950 docotseminas,
1268 2898 1328 2937 non
1357 2881 1436 2937 aliud
1462 2898 1524 2936 esse
1550 2897 1638 2953 quam
1667 2896 1719 2952 per
1745 2881 1859 2935 vulvam

105 2963 208 3018 scribit
221 2965 364 3037 propbeta
379 2966 503 3036 majores
523 2967 725 3023 intellexeruut
739 2968 884 3040 Virginem
900 2969 992 3057 lla-C
1012 2972 1144 3027 emittere
1169 2975 1295 3043 partum.
1321 2971 1353 3025 ln
1381 2969 1509 3025 numeris
1525 2985 1532 3024 :
1546 2991 1561 3020 u
1587 2969 1680 3025 ileum
1697 2974 1741 3025 est
1767 2985 1853 3024 omne

104 3051 193 3123 riam,
210 3069 276 3124 quse
290 3053 364 3109 bene
379 3060 554 3111 monstratur
574 3057 680 3126 clausa,
693 3057 761 3129 quia
775 3057 856 3130 virgo
881 3073 955 3113 sem·
1010 3060 1236 3131 primogenitum
1252 3074 1285 3114 ex
1300 3074 1357 3131 quo
1371 3058 1500 3131 percussi
1510 3057 1719 3129 primogenitos
1740 3057 1772 3113 in
1784 3061 1861 3113 tarra

105 3158 159 3215 per
173 3147 274 3197 manet
301 3142 418 3214 intacta,
442 3148 471 3198 et
496 3145 539 3198 sir
567 3160 627 3200 nou
657 3146 777 3201 transiet
803 3161 856 3217 per
881 3160 955 3200 eam.
1010 3148 1134 3220 AEgypti.
1148 3147 1298 3204 Sanctilica
1322 3145 1553 3218 mihilquidquid
1577 3145 1704 3215 primum
1731 3145 1861 3200 nascitur

110 3232 233 3287 lutendc
249 3229 404 3304 diligenter
422 3232 469 3288 cui
482 3238 604 3305 negatur
619 3233 765 3301 transitus,
781 3239 810 3289 et
832 3250 890 3306 qua
909 3250 959 3290 ne·
1010 3236 1041 3292 in
1057 3237 1143 3293 lsrael
1158 3237 1251 3309 (Nem.
1275 3251 1316 3305 ru,
1335 3233 1386 3306 13).
1411 3254 1425 3284 a
1457 3235 1491 3289 Et
1518 3232 1650 3304 superius
1666 3249 1672 3288 :
1691 3254 1705 3283 α
1733 3234 1791 3304 Ego
1807 3232 1859 3287 tuli

106 3324 204 3389 gatar.
222 3320 350 3391 Negatur
364 3335 482 3392 prorsus
505 3322 576 3388 uiro,
592 3322 642 3394 qui
656 3327 769 3394 poterat
791 3321 908 3390 violare,
930 3327 959 3378 ct
1012 3325 1153 3381 Levitasa
1171 3325 1238 3381 liliis
1261 3325 1348 3380 lsrael
1376 3340 1428 3395 pro
1458 3321 1663 3395 primogenito,
1693 3320 1743 3393 qui
1768 3321 1861 3393 aperit

106 3408 192 3464 abeo
208 3414 383 3477 removetur,
400 3410 477 3481 quod
494 3415 605 3483 poterat
617 3426 670 3482 per
682 3411 956 3485 coitumcorrumpi.
1012 3414 1173 3471 vulvamin
1197 3414 1263 3470 liliis
1292 3412 1490 3483 lsraellldid,
1508 3415 1562 3482 12).
1594 3432 1609 3462 a
1630 3412 1665 3466 Et
1679 3409 1710 3465 in
1734 3425 1860 3483 sequen-

106 3497 198 3552 Nemo
214 3497 291 3553 enim
305 3504 435 3555 removet
460 3499 633 3572 ingressum,
660 3500 730 3572 quia
743 3500 815 3556 ratio
848 3505 958 3557 nature
1011 3504 1089 3560 tibus
1104 3521 1141 3558 :s
1163 3505 1288 3559 Numera
1310 3501 1522 3574 primogenitos
1536 3516 1620 3555 sexus
1647 3499 1800 3554 masculini
1824 3499 1861 3554 da

107 3601 159 3642 noc
174 3586 252 3643 viam
269 3588 405 3656 admittit,
421 3604 474 3644 nec
489 3590 654 3654 transitum,
669 3606 726 3663 qua
741 3591 777 3647 de
791 3607 823 3647 re
842 3590 958 3663 quando
1012 3592 1213 3649 liliislsraela
1234 3607 1332 3647 mensa
1361 3606 1419 3647 unu
1451 3590 1550 3662 (1ttd,
1579 3589 1637 3661 40).
1655 3610 1669 3639 a
1701 3589 1733 3643 Et
1748 3604 1859 3660 supra:

106 3675 234 3732 dicitur:
256 3698 268 3726 ι
283 3677 331 3731 Vir
344 3693 404 3732 uon
419 3679 538 3733 transiet
551 3694 603 3750 per
618 3695 693 3748 eam,
709 3699 721 3730 e
736 3696 795 3736 uon
808 3681 843 3736 du
858 3681 956 3748 latare,
1014 3682 1191 3752 «tollesque
1210 3680 1322 3737 Levitae
1337 3679 1410 3736 mihi
1429 3695 1481 3750 pro
1503 3677 1699 3751 primogenito
1735 3678 1860 3733 liliorum

108 3779 158 3819 uec
180 3764 219 3820 de
247 3765 377 3834 cerebro,
405 3782 458 3822 nec
480 3766 516 3821 de
545 3766 653 3822 temore
679 3767 795 3836 dieitur,
820 3768 957 3840 quoniam
1012 3769 1098 3824 lsrael
1126 3768 1226 3841 (Icta,
1248 3770 1323 3824 ll.»
1340 3769 1372 3823 Et
1402 3767 1500 3822 inira:
1533 3789 1544 3815 ι
1572 3768 1626 3822 Pro
1657 3766 1859 3837 primogenitis
1917 3829 1927 3844 ·

108 3851 248 3908 transitus
263 3855 421 3927 conjugalis
436 3856 471 3911 ad
487 3855 837 3927 aliasreierturcorporis
852 3863 957 3929 parles,
1013 3875 1078 3930 quse
1093 3858 1228 3930 aperiunt
1251 3871 1368 3912 omnem
1397 3856 1512 3909 vulvam
1527 3854 1558 3909 in
1587 3854 1673 3909 lsrael
1701 3854 1795 3925 accepi
1812 3870 1861 3908 eos

109 3942 215 4012 quibus
230 3948 335 3999 ustura
350 3943 386 3999 ad
398 3945 506 4000 coitum
520 3944 595 3999 viam
611 3944 737 4016 prebuit
752 3949 781 4000 et
795 3946 956 4002 transitum.
1013 3948 1102 4022 (Num.
1114 3962 1173 4014 vur,
1193 3945 1252 4016 ls);
1272 3965 1287 3995 s
1305 3944 1445 4000 nimirum
1461 3943 1581 3998 levitas.
1607 3942 1667 3997 blea
1682 3945 1750 3996 suut
1763 3940 1862 3996 omnia

109 4029 251 4096 Quoniam
271 4047 337 4087 vero
350 4048 406 4103 qua
430 4033 520 4089 virilis
543 4039 708 4089 removetur
728 4033 878 4104 transitus,
893 4035 959 4090 illac
1012 4034 1207 4108 primogenita
1221 4033 1349 4089 liliorum
1364 4032 1462 4087 lsrael.
1481 4030 1579 4086 Alibi:
1598 4051 1609 4079 ι
1636 4027 1782 4098 Quidquid
1796 4026 1860 4100 pri-

111 4119 250 4174 Dominus
267 4119 341 4174 Deus
357 4120 443 4175 lsrael
458 4126 502 4177 est
517 4121 675 4191 ingressus,
704 4120 884 4193 subsequens
896 4138 959 4177 ser·
1013 4138 1094 4177 mum
1109 4121 1266 4193 erumpite
1282 4120 1365 4176 vulva
1386 4123 1494 4174 cunctae
1509 4117 1603 4173 caruis
1624 4131 1711 4188 quam
1736 4114 1862 4170 offerunt

111 4222 154 4263 mo
169 4208 362 4277 demonstrat,
378 4208 499 4265 diceudo
516 4225 523 4265 ε
540 4210 707 4265 «Dominus
723 4211 797 4265 Deus
813 4212 899 4266 lsrael
911 4211 959 4265 in·
1014 4210 1147 4277 Domino,
1161 4209 1219 4265 siva
1238 4209 1273 4265 de
1301 4207 1477 4271 homiuibus,
1494 4206 1553 4260 sire
1567 4205 1602 4261 de
1631 4203 1785 4277 pecoribus
1798 4202 1860 4258 tue-

110 4312 223 4368 gressus
238 4300 346 4368 estper
361 4299 656 4370 eamsthuaomne
669 4298 954 4371 demetambiguum,
973 4305 993 4361 Ι)
1012 4300 1060 4367 rit,
1075 4300 1117 4355 tui
1137 4299 1212 4371 juris
1240 4297 1295 4353 erit
1321 4296 1420 4368 (Num.
1441 4312 1523 4364 xvur,
1547 4294 1599 4365 15).
1622 4313 1637 4347 s
1666 4294 1741 4365 Ergo
1766 4290 1862 4348 omnis

111 4385 248 4456 subjicit:
267 4404 283 4438 s
299 4387 353 4442 Por
369 4373 444 4442 viam
460 4387 592 4442 vestibuli
613 4393 705 4458 portae
726 4387 914 4461 ingredietur,
931 4394 960 4444 et
1013 4393 1120 4459 partus,
1132 4391 1192 4442 tam
1203 4385 1355 4441 hominum
1366 4400 1453 4456 quam
1462 4383 1674 4455 jumentorum,
1684 4397 1736 4453 par
1748 4380 1862 4435 vulvam

111 4489 159 4546 per
174 4474 253 4530 riam
269 4475 331 4546 ejus
346 4475 520 4547 egrediatur.
539 4498 550 4526 s
569 4476 633 4532 Noli
646 4478 707 4549 jam
719 4476 754 4532 de
774 4477 820 4531 via
835 4476 960 4534 Salvato-
1013 4476 1152 4548 erumpit.
1168 4475 1228 4541 Qua
1254 4474 1289 4530 de
1301 4489 1333 4528 re
1360 4473 1455 4528 omnis
1484 4472 1520 4528 de
1540 4471 1649 4527 femina
1677 4486 1797 4527 nascens
1809 4483 1862 4541 per

112 4563 158 4630 ris,
183 4579 275 4636 quam
300 4565 444 4621 nascendo
469 4569 582 4621 secutus
596 4571 648 4630 est,
671 4565 789 4622 hoerasis
803 4582 877 4622 nova
905 4568 959 4623 du·
1012 4565 1125 4621 vulvam
1135 4563 1298 4636 egreditur.
1311 4563 1373 4618 Non
1386 4576 1455 4633 ergo
1471 4558 1554 4615 nobis
1566 4558 1707 4613 incertam
1723 4561 1864 4627 generent

113 4652 213 4710 bitere.
231 4654 273 4709 En
289 4654 342 4710 tibi
370 4655 512 4726 propbeta
535 4661 673 4727 tanquam
700 4654 752 4710 sub
783 4656 882 4710 oculos
899 4672 959 4712 me·
1013 4654 1203 4727 quoestionem
1227 4650 1314 4707 verba
1342 4666 1407 4722 quae
1435 4646 1645 4705 consuetudine
1673 4663 1723 4703 sua
1749 4653 1779 4702 et
1807 4662 1862 4701 usu

113 4744 261 4815 tapboriee
281 4743 456 4800 mulieribris
470 4745 560 4801 vulvas
589 4748 618 4799 et
643 4743 815 4800 vestibulum
831 4748 859 4799 et
884 4744 960 4800 viam
1012 4741 1227 4812 scripturarum
1252 4741 1358 4794 certam
1385 4752 1445 4792 suaa
1469 4734 1690 4806 significationis
1718 4733 1860 4790 submini-

112 4834 200 4904 ponit
218 4855 233 4883 u
263 4833 410 4905 Ingressus
434 4837 477 4889 est
501 4852 516 4886 s
543 4833 698 4906 denique·
730 4833 868 4889 Dominus
885 4837 960 4891 Deus
1012 4835 1105 4886 strant
1117 4829 1281 4897 notionem;
1297 4830 1330 4881 ut
1343 4825 1421 4880 enixu
1437 4824 1586 4880 ambulare
1602 4823 1638 4878 de
1654 4822 1734 4894 pedis
1756 4821 1861 4887 officio,

114 4922 199 4978 lsrael
214 4922 357 4994 perviam
370 4921 501 4978 vestibuli
516 4921 606 4993 hujus
621 4927 723 4994 portu,
739 4944 753 4974 a
769 4922 837 4994 quia
851 4923 960 4996 perin-
1014 4917 1038 4973 si
1051 4933 1152 4989 parere
1167 4917 1203 4972 de
1218 4915 1309 4971 vulvae
1322 4914 1485 4970 ministerio
1499 4912 1699 4984 praedicamus.
1729 4912 1791 4967 Non
1806 4908 1862 5006 igi:

113 5009 288 5066 carnationis
303 5011 471 5083 mysterium
485 5011 626 5083 virginale
649 5011 778 5067 introivit
801 5013 960 5082 gremium
1015 5010 1062 5062 tur
1087 5006 1245 5062 confundat
1273 5004 1405 5060 dubietas
1432 5002 1510 5075 quod
1530 5001 1694 5057 intellectus
1717 4995 1862 5052 manifesti

114 5103 139 5154 et
149 5115 205 5171 per
220 5099 296 5154 viam
309 5099 395 5170 hujus
413 5103 504 5171 postte
526 5115 657 5171 egressus
672 5104 725 5164 est,
753 5100 891 5171 quoniam
909 5101 961 5156 hu·
1013 5095 1187 5168 significatio
1202 5095 1339 5150 declarat.
1359 5095 1394 5149 Ut
1418 5097 1515 5147 autem
1530 5091 1592 5146 sine
1620 5089 1673 5144 viae
1704 5084 1862 5142 directione

112 5186 251 5242 suauitate
267 5190 397 5259 suscepta
418 5187 449 5242 in
468 5187 588 5243 domum
604 5186 705 5242 mundi
723 5202 775 5259 per
790 5185 961 5242 incontami·
1014 5201 1072 5241 nun
1086 5183 1253 5257 pervenitur
1279 5182 1316 5238 ad
1332 5180 1456 5238 limitem
1473 5180 1658 5244 destinatum,
1673 5175 1714 5231 sic
1739 5172 1796 5230 nisi
1810 5188 1863 5245 per

112 5279 209 5329 natam
233 5275 304 5330 exiit
327 5276 452 5330 vulvam.
478 5277 540 5331 Non
562 5277 652 5347 igitur
673 5275 770 5331 neseio
794 5292 881 5347 quem
911 5273 961 5331 Dei
1014 5273 1168 5330 verborum
1185 5270 1409 5344 significantiam
1435 5283 1542 5335 veram,
1574 5263 1729 5321 locutionis
1756 5262 1862 5319 veritas

114 5361 181 5418 l'ilio
196 5363 234 5418 de
264 5366 345 5418 utero
366 5363 469 5419 mortis
492 5365 640 5437 contingas
659 5380 817 5437 egressum.
839 5364 962 5436 Spiritus
1015 5380 1074 5420 non
1087 5363 1223 5436 aperitur.
1244 5364 1363 5418 Partem
1378 5359 1467 5433 igitur
1492 5362 1543 5413 aut
1567 5359 1667 5411 natum
1696 5353 1740 5409 vel
1765 5353 1863 5426 siquo

114 5457 229 5507 unctus
248 5456 276 5507 te
295 5451 398 5508 docem
414 5453 573 5521 scutetum,
588 5453 682 5526 quiet
701 5453 861 5510 thalamum
882 5457 962 5509 tauto
1016 5452 1072 5509 alio
1088 5450 1207 5507 nomine
1222 5451 1288 5507 talis
1300 5450 1374 5506 actio
1387 5448 1561 5515 nominatur,
1585 5443 1771 5510 feminarum,
1788 5443 1865 5499 docti

114 5539 236 5613 dignum
250 5557 358 5613 sponso
372 5541 562 5604 sanctificavit
574 5547 603 5600 et
620 5547 742 5616 portam.
766 5542 822 5600 Sed
847 5542 918 5615 quid
931 5542 963 5598 iu
1016 5546 1046 5598 et
1062 5544 1174 5598 naturas
1200 5539 1331 5609 verium,
1360 5543 1390 5595 et
1418 5534 1626 5602 musnetudiuo
1655 5531 1806 5600 uescendi..
1819 5533 1866 5590 ‘et

409 1068 574 1122 Testimoutu
592 1068 660 1123 altu.
