3930 6098
104 192 157 245 lbi)
655 195 700 252 DE
720 195 884 253 CORPORE
911 198 1147 254 arsurumne
1168 199 1298 255 houtul.
1803 211 1852 264 tro

99 321 274 392 mysterium
306 321 435 378 continet
459 322 547 390 illius,
580 324 653 380 sicut
680 325 765 380 etiam
794 326 991 385 identidems
1044 329 1074 384 C.
1090 330 1264 384 Dooemara
1287 329 1444 397 Salvatore,
1468 348 1578 387 necnon
1602 350 1618 388 a
1642 341 1739 392 sancto
1764 341 1852 395 Paulo

100 411 273 480 mysterium
287 411 417 467 continet
430 413 558 482 corporis
572 414 672 484 populi
697 416 849 482 credentis,
870 420 951 487 Apo·
1006 418 1146 488 apostolo,
1165 417 1241 489 quod
1261 418 1313 473 iste
1329 421 1412 489 panis
1436 425 1464 475 et
1485 422 1538 476 iste
1557 425 1673 495 sanguis
1687 427 1737 497 qni
1765 445 1852 500 super

100 499 175 552 stolo
194 504 336 555 testante:
357 501 535 570 Unusponis,
550 517 634 556 sanum
649 518 746 572 eorpus
765 506 845 559 matti
858 520 952 560 sarnus
1005 507 1095 560 altare
1108 511 1265 577 ponuntur,
1282 506 1311 560 in
1335 506 1458 578 liguram
1480 510 1538 564 sive
1564 512 1733 567 memoriam
1751 517 1849 571 llomi·

100 587 134 642 in
149 588 273 643 Christo.
1005 597 1077 649 nicar
1094 595 1194 649 mortis
1209 600 1364 664 ponantur,
1382 602 1412 649 at
1426 598 1503 669 quod
1528 606 1640 669 gestum
1666 607 1708 656 est
1731 603 1760 657 in
1775 619 1852 674 pra.-

137 677 238 733 xct'll.
268 677 494 744 Animadvertut,
537 680 694 735 clarissime
724 682 867 753 princeps,
907 700 951 737 sa·
1006 683 1099 749 terito,
1116 684 1252 754 praesenti
1265 689 1377 738 reuocet
1392 687 1605 754 memorias3nt
1618 689 1696 744 illius
1709 693 1852 761 passionis

100 765 215 837 pientia
228 772 320 821 vestra
334 767 410 838 quod
435 766 533 839 positis
549 774 712 824 sanctarum
739 771 951 842 scripturarum
1006 787 1148 826 memoras
1163 773 1265 840 cllecli,
1282 787 1334 843 per
1351 788 1413 827 earn
1430 773 1589 829 ellicianmr
1613 778 1702 833 divini
1725 781 1852 834 muneris

101 854 276 909 testimoniis
289 861 318 909 et
334 861 499 910 sanctorum
525 858 642 912 Petrum
670 859 751 913 dictis
773 860 951 914 evidentissi·
1006 866 1163 930 consortes,
1180 876 1330 932 perquam
1347 864 1850 939 sumasamorteliberati:eogno-

100 958 149 998 me
165 950 356 999 monstratum
372 950 426 1014 est,
441 947 516 1017 quod
534 947 616 1016 panis
638 948 689 1018 qui
719 964 823 1020 corpus
839 949 952 1018 Christi,
1006 954 1115 1002 scentes
1130 949 1207 1021 quod
1225 949 1273 1003 uhi
1289 950 1504 1020 pervenerimus
1518 951 1555 1004 ad
1581 951 1719 1007 visionem
1736 956 1851 1024 Christi,

101 1032 285 1104 etcalixqui
308 1035 428 1104 sanguis
455 1034 560 1088 Christi
585 1037 755 1106 appellatur,
783 1036 877 1107 ligura
903 1038 952 1107 sit,
1005 1037 1111 1091 talibus
1137 1053 1195 1092 non
1223 1053 1296 1109 opus
1318 1038 1487 1093 habebimus
1512 1039 1720 1106 instrumentis,
1749 1045 1852 1114 quibus

101 1121 423 1193 quiamysteriumzet
441 1123 519 1194 quod
543 1139 599 1177 non
625 1141 712 1194 parva
736 1125 897 1179 dill'erentia
917 1125 953 1179 sit
1007 1125 1217 1180 admoneamur
1241 1126 1378 1197 qnidpro
1406 1128 1489 1182 nohis
1522 1128 1663 1184 immensa
1692 1129 1853 1201 benignitas

101 1211 459 1283 intercorpusquodper
480 1212 648 1282 mysterium
674 1213 779 1280 existit,
807 1219 953 1284 etcorpus
1007 1213 1190 1279 sustinuerit;
1211 1214 1349 1285 quoniam
1377 1215 1470 1286 ipsum
1495 1216 1565 1271 laoie
1594 1217 1628 1270 ad
1658 1218 1760 1273 faciem
1783 1235 1853 1274 con·

102 1298 381 1371 qnodpassomest‚
406 1306 436 1354 et
459 1301 661 1371 sepultum,et
690 1302 855 1357 resurrexit.
876 1302 952 1366 Quo·
1006 1304 1190 1373 templantes,
1203 1319 1261 1357 non
1278 1318 1328 1374 per
1342 1304 1511 1359 exteriorem
1538 1307 1853 1376 temporaliumrerum

101 1387 701 1461 niamhocpropriamSalvatoriscorpas
726 1390 831 1458 existit,
856 1389 953 1444 necin
1007 1390 1233 1445 admonitionem
1249 1392 1504 1461 commovebimur,
1536 1393 1653 1463 sedper
1681 1393 1854 1465 ipsiuscon-

102 1492 139 1532 eo
153 1477 197 1531 vel
215 1477 311 1548 aliqua
327 1477 429 1549 figura,
448 1478 490 1532 vel
512 1477 609 1550 aliqua
624 1477 805 1548 significatio,
827 1479 875 1533 sed
892 1478 954 1550 ipsa
1007 1479 1225 1550 temptationem
1253 1479 1380 1533 raritatis
1405 1480 1577 1551 aspiciemus
1609 1483 1853 1552 quemadmodum

103 1566 146 1621 rei
163 1565 357 1620 manifestatio
372 1566 563 1637 cognoscitur,
580 1572 609 1621 et
626 1566 717 1637 ipsius
735 1567 874 1621 visionem
892 1583 952 1621 cre·
1008 1573 1111 1622 nostrae
1123 1566 1222 1620 salotis
1239 1568 1348 1621 auctori
1364 1570 1471 1639 gratias
1485 1585 1572 1641 agere
1594 1571 1761 1627 debeamus.

102 1655 206 1709 dentes
225 1654 406 1722 desiderant,
431 1656 568 1726 quoniam
594 1655 690 1726 ipsum
716 1662 760 1711 est
783 1661 869 1727 caput
896 1634 992 1710 no·B
1044 1655 1157 1710 ClNec
1177 1656 1242 1709 ideo
1270 1656 1407 1725 quoniam
1435 1657 1490 1710 ista
1517 1657 1651 1725 dicimus,
1683 1665 1800 1730 putetur
1824 1661 1854 1714 in

103 1748 207 1810 strum,
224 1743 330 1813 etipsa
346 1745 404 1798 viso
429 1745 580 1798 satiabitur
612 1744 953 1812 desideriamnostrum3
1007 1743 1142 1814 mysterio
1158 1744 1328 1797 sacramenti
1350 1760 1455 1814 corpus
1478 1745 1590 1799 Domini
1612 1748 1655 1800 vel
1685 1750 1854 1818 sanguinem

102 1848 162 1904 quo
177 1832 240 1903 ipse
255 1838 284 1886 et
308 1833 389 1886 Pater
412 1848 502 1886 unum
522 1838 599 1899 stant,
617 1849 676 1887 non
704 1834 861 1888 secundam
878 1833 953 1904 quod
1007 1830 1097 1902 ipsius
1113 1846 1171 1884 non
1187 1848 1202 1883 a
1218 1830 1350 1885 lldelihus
1370 1832 1445 1884 sumi
1460 1831 1542 1891 (Vide
1565 1848 1638 1887 num.
1656 1834 1713 1901 96),
1739 1835 1855 1906 quando

102 1936 210 1991 corpas
224 1919 313 1975 habet
333 1919 474 1983 Salvator,
494 1921 542 1975 sed
569 1923 725 1976 secandum
741 1921 954 1992 plenitudinem
1007 1919 1077 1973 tides
1092 1935 1150 1973 non
1165 1918 1241 1989 quod
1257 1918 1356 1972 oculus
1376 1918 1462 1986 videt,
1485 1919 1533 1974 sed
1557 1920 1634 1991 qaod
1656 1921 1758 1991 credit,
1782 1922 1855 1976 acci·

102 2008 263 2064 divinitatis
275 2024 341 2079 quae
360 2008 471 2062 habitat
484 2010 513 2062 in
530 2009 649 2064 homine
666 2009 787 2065 Christo.
1007 2008 1050 2078 pit
1066 2023 1072 2061 :
1088 2007 1225 2077 quoniam
1247 2005 1404 2076 spiritualis
1419 2012 1461 2062 est
1476 2023 1550 2076 esca,
1577 2015 1605 2062 et
1631 2009 1787 2079 spiritualis
1801 2027 1855 2082 po·

138 2096 352 2151 scrutatio
378 2095 433 2150 isto
459 2097 537 2167 quod
566 2113 617 2169 per
647 2098 814 2169 mysterium
845 2097 955 2168 geritur
1009 2102 1066 2163 tus,
1081 2094 1271 2166 spiritualiter
1286 2095 1413 2150 animam
1432 2111 1562 2166 pascens,
1578 2102 1606 2149 et
1629 2105 1744 2151 aerernae
1772 2099 1856 2153 satie·

104 2185 199 2255 ligura
219 2188 263 2238 est
277 2199 336 2238 non
351 2183 444 2239 solum
459 2186 569 2256 proprii
584 2186 710 2257 corporis
725 2186 837 2252 Christi,
855 2202 954 2241 verurn
1008 2185 1075 2239 tatis
1091 2184 1178 2237 vitam
1195 2182 1339 2249 tribuens3
1356 2183 1430 2237 sicut
1448 2184 1509 2252 ipse
1531 2183 1661 2237 Salvator
1687 2185 1855 2255 mysterium

104 2272 192 2326 etiam
205 2272 350 2327 credentis
364 2273 395 2327 in
415 2273 558 2329 Christum
574 2275 673 2346 populi
688 2276 953 2343 (videnum.ll6):
1006 2272 1060 2327 hoc
1072 2271 1276 2327 commendans
1306 2271 1455 2342 loquitur:
1486 2271 1608 2340 Spiritus
1634 2278 1673 2326 est
1697 2271 1856 2340 quinioni-

106 2360 258 2432 otriosque
273 2377 399 2432 namque
419 2364 556 2434 corporis,
571 2364 600 2419 id
625 2370 669 2419 est
692 2370 721 2418 et
747 2364 861 2430 Christi,
878 2365 956 2435 quod
1008 2366 1067 2428 oot3
1080 2376 1145 2415 nom
1158 2376 1221 2415 earo
1237 2361 1308 2415 nibil
1318 2360 1431 2430 prodest
1442 2361 1530 2429 (toan.
1549 2375 1587 2424 vr,
1605 2360 1660 2429 bl).

106 2465 222 2520 passum
238 2453 281 2504 est
295 2455 323 2503 et
336 2451 505 2519 resurrexim
522 2457 551 2506 et
565 2453 666 2524 populi
680 2453 710 2507 in
733 2453 844 2509 Christo
857 2452 956 2524 ,renati
1045 2450 1100 2504 Cll.
1118 2450 1243 2519 Imperio
1258 2454 1359 2504 vestrae
1383 2448 1592 2519 magnitudinis
1618 2463 1720 2517 parere
1735 2448 1857 2518 cupien-

109 2544 193 2608 atqae
207 2539 244 2594 de
260 2539 382 2593 mortuis
394 2539 539 2607 vivificati,
554 2540 677 2612 liguram
692 2544 794 2609 gestat.
1009 2542 1062 2604 tes,
1082 2538 1254 2611 praesumpsi
1269 2553 1375 2608 parvus
1389 2538 1476 2611 rebus
1491 2537 1525 2592 de
1541 2551 1600 2591 noa
1617 2537 1745 2590 minimis
1758 2537 1857 2606 dispu-

140 2625 231 2682 xcix,
260 2627 408 2682 Addamus
429 2628 607 2701 etiamquod
638 2631 691 2684 ists
720 2629 802 2701 panis
826 2631 854 2683 et
884 2628 954 2682 calix
1011 2633 1081 2691 tare,
1099 2642 1156 2681 non
1176 2632 1331 2698 sequentes
1347 2625 1545 2680 aestimationis
1566 2631 1671 2680 nostrae
1695 2641 1858 2698 praesump-
1922 2684 1924 2689 A

110 2714 191 2782 (Vide
204 2731 280 2769 num.
297 2715 353 2784 96),
370 2714 421 2786 qui
435 2732 539 2787 eorpus
554 2721 580 2772 et
602 2717 718 2788 sanguis
742 2717 848 2773 Christi
861 2717 956 2771 nomi·
1011 2714 1130 2782 tionem,
1152 2714 1200 2768 sed
1226 2715 1368 2784 majorum
1395 2715 1540 2769 intuentes
1562 2714 1770 2769 auctoritatem.
1788 2711 1857 2777 Quor

111 2807 195 2858 astur
211 2807 241 2856 et
259 2803 367 2869 existit,
388 2805 556 2859 memoriam
586 2809 774 2876 repraesentat
800 2806 956 2861 Dominicre
1010 2803 1034 2856 si
1049 2802 1238 2873 probaveritis
1253 2802 1392 2858 catholice
1417 2802 1501 2870 dicta,
1527 2808 1630 2857 restra
1657 2802 1768 2857 meritis
1791 2801 1858 2856 tidei

111 2890 251 2961 passionis
265 2891 323 2945 sire
340 2892 449 2959 mortis,
463 2893 708 2964 quemadmodum
724 2895 784 2965 ipse
813 2895 843 2949 in
863 2895 956 2948 Evan-
976 2932 997 2987 C
1013 2893 1158 2963 deputate,
1172 2907 1248 2963 qua,
1261 2892 1392 2962 deposita
1405 2893 1508 2963 regatis
1524 2892 1742 2962 magnificentias
1755 2889 1855 2962 gloria,

112 2980 183 3049 gelio
216 2979 308 3034 dixit:
338 2980 401 3035 Hoc
428 2982 512 3049 sorite
536 2985 567 3037 in
597 2985 651 3037 mei
679 2986 954 3038 commemorationem
1012 2997 1071 3035 non
1086 2981 1202 3035 erubuit
1218 2979 1252 3034 ab
1268 2980 1372 3035 humili
1387 2996 1517 3052 quaerere
1531 2996 1698 3051 responsum
1720 2979 1856 3034 veritatis.

113 3069 182 3135 (tuo.
207 3083 275 3134 xxn,
307 3071 361 3135 rs).
390 3068 472 3134 Quod
501 3086 646 3141 exponens
675 3072 823 3142 apostolus
851 3070 956 3125 Paulus
1010 3069 1060 3123 Sin
1078 3074 1173 3123 autem
1194 3069 1289 3123 minus
1314 3069 1483 3139 placuerint,
1514 3068 1543 3122 id
1570 3073 1676 3122 nostran
1706 3067 1859 3138 deputetur

112 3157 146 3210 sit
165 3172 173 3210 ε
190 3160 405 3226 Quotiescunque
420 3158 622 3215 manducabitis
644 3173 743 3229 panem
765 3159 844 3222 buno,
862 3163 888 3212 et
910 3175 956 3214 co·
1010 3141 1195 3226 insipientiae,
1211 3172 1276 3228 quae
1292 3157 1369 3228 quod
1385 3156 1504 3227 optavit,
1522 3155 1618 3210 minus
1642 3155 1796 3209 efficaciter
1809 3170 1857 3208 va·

113 3244 185 3299 licem
218 3244 326 3310 hiberis,
355 3251 467 3301 mortem
499 3249 608 3302 homini
639 3247 840 3303 annuntiabitis
876 3247 957 3301 donee
1011 3245 1066 3300 luit
1081 3244 1232 3316 explicare.

113 3335 241 3400 amiciti
255 3334 314 3390 Cor.
332 3349 370 3402 xr,
385 3335 440 3406 26).

114 3503 203 3576 ligura
217 3505 352 3578 simplex,
368 3507 505 3579 atiniago
520 3524 664 3580 expressa,
682 3513 710 3564 et
730 3507 957 3579 repraesentatio,
1012 3508 1086 3579 typis
1104 3507 1206 3562 excudi
1236 3511 1407 3561 curaverunt
1425 3506 1495 3562 :sed
1520 3522 1625 3578 negare
1656 3522 1712 3561 aon
1741 3512 1860 3578 possunt

116 3592 167 3631 aon
181 3577 325 3641 Tulliana,
340 3582 372 3632 ut
384 3594 471 3649 supra
483 3579 707 3646 observavimus,
732 3579 786 3647 {aad
815 3584 959 3651 prolapsae
1013 3579 1134 3648 reperiri
1149 3579 1179 3632 in
1192 3578 1289 3632 codice
1307 3578 1427 3632 abbatias
1442 3576 1601 3645 bobiensis,
1616 3578 1660 3633 nti
1677 3579 1738 3649 jam
1758 3579 1860 3633 obser-

116 3646 275 3702 munitatis
289 3665 339 3702 usu
355 3656 478 3719 recepta.
496 3651 534 3705 Ea
558 3650 593 3704 de
617 3666 700 3704 causa
720 3651 877 3705 continenti
897 3667 959 3704 scr·
1012 3657 1110 3703 vatrrm
1128 3649 1182 3703 luit
1195 3664 1211 3701 a
1226 3648 1391 3702 doctissimo
1407 3649 1489 3702 Patre
1515 3648 1679 3703 ldabillonio
1701 3648 1732 3703 in
1757 3648 1860 3720 praela·

116 3717 276 3783 mone,sit,
297 3719 465 3790 impositum
493 3721 582 3775 luisse
608 3721 675 3791 pani
702 3737 808 3775 nomen
831 3721 960 3791 corporis
1013 3719 1344 3788 tionesecundreportis
1363 3719 1858 3790 ActorumBenedietinorum,pag.

116 3789 226 3855 Christi,
243 3790 391 3861 etliquori
419 3808 468 3847 seu
502 3792 569 3845 vino
592 3808 667 3863 aqua
695 3793 786 3846 mixto
803 3793 834 3845 in
862 3792 959 3858 calice,
1015 3790 1166 3855 (ΜΗΘ,
1182 3789 1269 3842 fronti
1285 3789 1412 3858 praelixa.
1427 3788 1543 3844 ldiritice
1558 3789 1729 3844 conlirmant
1752 3790 1859 3845 admit·

117 3860 394 3930 uomensanguinis,
413 3868 442 3917 et
469 3877 568 3917 revera
591 3865 735 3917 existere:
762 3868 793 3915 ut
817 3863 959 3932 intelliga—
1015 3861 1131 3914 tendam
1143 3875 1204 3912 esse
1221 3859 1369 3912 lectionem
1396 3859 1425 3912 in
1448 3858 1547 3912 codice
1572 3875 1626 3912 ms.
1644 3859 1775 3914 bobiensi
1794 3861 1861 3914 scri·

116 3931 273 3984 misinen
297 3932 428 3986 suasione
456 3932 733 4002 nonfaissecorpus
764 3933 830 3986 iesu
857 3931 962 3987 Christi
1015 3929 1326 4000 pram,qu0deansus
1354 3928 1558 3999 sitpraediotus
1582 3930 1754 3983 Batramnns
1778 3945 1858 3984 num.

117 4001 267 4055 subsistere
300 4001 331 4054 in
359 4003 533 4057 Eucharistia
561 4019 613 4074 per
638 4004 883 4075 nuncupationem
912 4018 960 4056 seu
1018 4003 1060 4068 lti,
1077 4002 1105 4054 in
1123 4017 1180 4072 quo
1206 4000 1292 4055 distin
1317 4015 1385 4053 urens
1414 3999 1618 4070 speciespanis
1637 4005 1665 4054 et
1685 3999 1745 4053 vini
1764 4014 1858 4053 acor·

117 4071 386 4137 denominationem,
401 4074 449 4128 sed
467 4088 565 4128 revera
580 4072 741 4142 ellicaoiter,
763 4091 823 4141 sen,
839 4080 869 4127 ut
894 4089 962 4127 con·
1016 4087 1087 4140 pore
1102 4078 1130 4125 et
1144 4071 1283 4140 sanguine
1295 4015 1362 4125 iesu
1379 4070 1493 4136 Christi,
1520 4086 1584 4141 quas
1608 4069 1694 4124 modo
1718 4069 1861 4140 spirituali

76 4187 80 4198 ,
117 4140 195 4195 bauo
211 4141 357 4202 dixerunt,
372 4143 493 4196 realiter.
517 4145 622 4199 videsis
646 4161 726 4198 num.
743 4147 787 4198 99.
818 4143 962 4199 Addamus
1017 4142 1258 4196 etsensibusaon
1281 4141 1409 4211 subjecto
1436 4141 1489 4195 sub
1517 4141 1586 4195 velis
1612 4140 1808 4195 reconduntur
1835 4144 1863 4194 et

117 4214 194 4266 etiam
207 4212 282 4281 quod
300 4215 351 4267 iste
364 4216 444 4281 ponis
470 4219 495 4267 et
509 4217 584 4269 cotia
603 4218 652 4284 qui
679 4229 776 4284 carpus
800 4220 825 4269 et
847 4217 962 4280 sanguis
983 4229 1004 4284 p
1018 4212 1156 4279 celantur,
1171 4213 1222 4280 ait,
1238 4228 1303 4266 cnm
1322 4212 1471 4266 Paschasio
1486 4211 1516 4266 in
1532 4212 1651 4282 epistola
1666 4211 1702 4265 ad
1718 4210 1862 4281 Frudgar·

118 4282 217 4338 Christi
227 4285 386 4337 nominatur
402 4289 427 4338 et
443 4286 548 4339 existit.
565 4286 631 4340 aas
648 4286 726 4340 enirn
750 4285 872 4354 repetita
895 4289 962 4338 suat
1018 4283 1087 4337 dum
1104 4299 1110 4336 :
1128 4285 1262 4348 Quoniam
1283 4282 1333 4335 suh
1352 4283 1499 4336 uelamento
1519 4285 1641 4351 corporei
1658 4285 1740 4350 panis
1766 4297 1863 4350 corpo·

119 4366 145 4405 ex
158 4367 282 4406 numero
295 4355 442 4423 superiore
458 4356 504 4409 ao.
522 4360 562 4409 At
574 4371 636 4410 uero
659 4354 806 4410 securrdum
831 4355 961 4410 inuisibi-
1017 4355 1110 4424 reique
1122 4355 1180 4407 uini
1192 4354 1337 4423 spirituale
1349 4367 1444 4422 corpus
1457 4355 1559 4409 Christi
1582 4353 1864 4477 qaintuulisquesan·

120 4422 165 4478 tem
178 4423 374 4490 substantiam,
388 4425 419 4478 id
439 4431 489 4490 est,
510 4426 600 4480 diuini
620 4429 770 4495 potentiam
785 4426 878 4492 Verbi,
901 4440 963 4479 uere
1016 4427 1078 4492 puis
1088 4426 1192 4504 enistit.
1210 4424 1330 4493 lnsuper
1349 4423 1446 4505 nullus
1465 4423 1586 4504 dubitan
1607 4424 1617 4476 i
1640 4424 1718 4504 locus
1745 4425 1863 4504 relictus

120 4496 823 4637 rurist{illustrantislittle
841 4495 965 4620 {llll}
1016 4493 1865 4630 silleti“stillulis:lllltltltllttlt:

121 4635 228 4689 realiter
242 4635 396 4706 significat.
423 4637 625 4691 Verumtamen
650 4637 745 4692 dicent
769 4639 964 4691 Protestantes
1018 4635 1137 4706 quitatis
1151 4640 1181 4688 et
1205 4635 1417 4700 concinnitatis,
1445 4640 1476 4688 ut
1499 4636 1529 4688 in
1551 4634 1718 4705 praefatione
1745 4634 1864 4691 adnota-

122 4701 167 4758 hss
186 4720 271 4760 voees
293 4711 318 4759 et
337 4709 432 4761 existit
459 4723 517 4761 non
533 4723 681 4762 occurrere
706 4709 736 4761 in
764 4707 965 4778 manuscriptis
1019 4707 1121 4760 vimus.

124 4775 264 4830 codicibus
278 4776 314 4831 ad
328 4792 453 4847 quorum
469 4778 555 4834 ildem
566 4779 644 4833 hanc
654 4782 805 4833 tractatum
816 4777 964 4832 Ratramni

306 5665 449 5734 Parnoi..
475 5662 581 5729 cxxi.
