3930 6098
173 173 219 230 131
751 153 930 218 ulrutltut
948 157 1175 217 cotuatensis
1190 157 1347 217 houlcurt
1867 165 1921 218 rar

171 307 240 358 sunt
252 303 317 370 ista,
332 298 467 354 uidelicet
486 310 589 368 corpus
603 297 632 349 ct
655 292 821 365 sanguinem
838 291 952 348 Christi.
963 299 976 327 ⁸
988 290 1016 347 si
1032 292 1052 346 ll
1075 289 1238 363 accipiatur,
1252 288 1265 328 ‘¹
1279 290 1326 346 sed
1350 294 1444 346 toturn
1464 289 1494 346 iu
1518 291 1638 346 veritate
1653 292 1856 364 conspiciatur,
1872 295 1920 350 ni-

172 391 249 447 rninr
267 389 345 445 nulla
367 387 420 442 surb
447 384 542 456 ligura
567 380 736 456 mysterium
760 380 831 437 illud
856 381 1014 452 peragitur,
1072 379 1114 433 hil
1129 379 1176 434 hie
1199 379 1429 450 lidesoperatur,
1449 377 1586 450 quioniam
1602 378 1674 433 nihil
1690 379 1819 450 sp'ritulc
1841 379 1918 452 gert-

168 481 229 552 jam
247 477 413 551 mysterium
427 491 485 530 non
501 477 576 529 recte
589 471 741 527 vocitator.
755 470 896 535 Quoniam
908 473 1016 540 myste-
1070 469 1134 533 tur3
1149 467 1197 521 scd
1215 466 1355 539 quidquid
1371 465 1441 520 illud
1458 471 1510 534 est,
1526 471 1618 521 totum
1634 467 1790 522 seecundum
1814 484 1918 542 corpus

171 566 510 636 riumdiciuonpotest,
528 562 557 616 in
574 557 927 632 quionihilestabditom,
945 557 1014 612 nihil
1071 555 1219 626 accipitur.
1237 556 1268 609 El
1297 571 1361 609 cum
1388 554 1471 623 tides,
1501 555 1658 610 secundum
1684 557 1865 627 Apostolum,
1881 560 1919 613 sit

171 653 398 727 acorporalibus
412 651 542 707 sensibus
557 653 713 717 remotum,
733 647 803 702 nihil
828 646 925 718 aliquo
939 646 1015 701 rela-
1068 659 1160 698 rerum
1184 648 1373 715 ornamentum
1401 658 1454 698 non
1478 646 1667 713 apparentium
1693 643 1785 714 (llebr.
1808 661 1847 713 xi,
1879 646 1915 717 ll,

171 745 433 800 minecoutectum.
464 742 500 794 at
528 738 577 793 ille
603 737 685 809 panis
710 737 760 808 qui
788 751 840 807 per
862 734 1015 790 sacerdotis
1068 731 1223 787 idestnon
1240 747 1418 803 earumque
1435 732 1577 798 videntur,
1594 732 1641 786 scd
1657 748 1796 804 quianon
1812 733 1916 788 riden-

170 830 361 888 ministerium
377 827 481 886 Christi
509 842 613 898 corpus
640 824 801 891 conficitur,
831 822 908 877 alirrd
937 827 1014 876 exlc-
1068 819 1367 883 torsubstantiarum‚
1392 819 1525 874 nihillric
1551 821 1708 875 secundum
1734 821 1821 876 fidem
1841 822 1917 876 acci·

170 921 230 975 rius
254 917 388 974 humanis
414 914 554 969 sensibus·
572 913 706 980 ostendit,
736 916 765 966 et
794 910 870 965 aliud
895 911 1015 965 interius
1068 908 1339 982 piemus,quoniam
1355 907 1497 980 quidquid
1512 908 1616 975 existit,
1627 909 1784 965 secundum
1814 926 1916 966 sensus

170 1007 299 1063 lidelium
316 1003 460 1060 tuentibus
474 1005 588 1058 clamat.
606 1000 735 1057 Exterius
754 998 897 1072 quidemn
919 997 1014 1070 panis,
1067 996 1195 1068 corporis
1210 996 1410 1069 dijudicamus.
1438 998 1470 1053 Et
1490 997 1561 1052 nihil
1586 997 1738 1053 absurdius
1758 1014 1845 1070 quarn
1864 1015 1915 1070 pa-

169 1094 326 1167 quodanle
347 1092 451 1157 luerat,
471 1090 564 1146 forma
593 1089 793 1162 pretenditur,
822 1089 901 1143 color
920 1091 1014 1142 osteu-
1068 1101 1134 1140 nem
1150 1101 1264 1140 caruem
1279 1085 1416 1157 accipere,
1433 1090 1461 1140 et
1478 1085 1577 1141 uinum
1600 1085 1769 1156 sanguinem
1794 1088 1914 1143 dicere:

169 1185 253 1244 ditur,
266 1199 352 1254 sapor
365 1181 502 1252 accipitur
517 1197 525 1235 :
541 1184 583 1234 ast
597 1179 718 1234 interius
732 1178 819 1247 longe
833 1177 909 1232 aliud
924 1177 1014 1232 multo
1067 1190 1120 1228 uec
1132 1174 1192 1244 jam
1206 1174 1377 1246 mysterium
1392 1173 1456 1242 erit,
1479 1174 1509 1230 in
1531 1190 1588 1247 quo
1612 1175 1683 1230 nihil
1710 1177 1822 1247 secreti,
1840 1176 1913 1232 nihil

168 1271 322 1343 pretiosius
355 1270 503 1342 multoque
535 1268 721 1324 excellentius
754 1267 916 1334 intimatur,
946 1265 1014 1337 quia
1068 1263 1158 1317 abditi
1173 1261 1376 1317 continebitur.

168 1362 293 1427 caeleste,
308 1357 376 1431 quia
389 1356 530 1424 divinum,
545 1356 574 1412 id
588 1359 632 1411 est
644 1354 750 1411 Christi
774 1370 889 1426 corpus,
913 1358 1013 1408 ostan-
1103 1351 1161 1406 xil.
1186 1352 1219 1406 Et
1242 1350 1385 1422 quomodo
1405 1351 1466 1421 jam
1485 1367 1590 1424 corpus
1611 1351 1716 1407 Christi
1742 1353 1848 1409 dicitur
1862 1355 1914 1426 [at.

168 1449 256 1514 ditur,
273 1447 348 1520 quod
369 1462 428 1501 non
452 1444 581 1501 sensibus
604 1444 708 1511 carnis,
733 1443 781 1498 scd
807 1442 896 1497 animi
921 1441 1014 1497 fidelis
1068 1437 1202 1512 dicetur],
1219 1439 1248 1494 in
1265 1456 1322 1512 quo
1337 1440 1418 1495 nulla
1432 1440 1606 1511 permutatio
1626 1441 1698 1496 lacta
1722 1457 1782 1497 esse
1806 1458 1917 1513 cogno-

168 1536 297 1591 contuitu
314 1536 356 1589 rel
372 1533 519 1604 aspicitur,
545 1531 588 1586 rel
613 1531 760 1600 accipitur,
782 1530 824 1583 rel
840 1528 1010 1584 comeditur.
1067 1526 1175 1583 scituri
1190 1528 1289 1584 Omnis
1305 1527 1381 1583 enim
1412 1529 1585 1600 permutatio
1602 1533 1652 1615 aut
1670 1546 1704 1585 ex
1722 1531 1845 1602 eoquod
1870 1536 1916 1586 est

203 1627 234 1681 X.
255 1625 358 1679 Vinum
373 1637 499 1694 quoque,
516 1620 592 1692 quod
608 1618 775 1673 sacerdotali
798 1616 1012 1672 consecratione
1028 1589 1047 1644 Β
1067 1617 1097 1671 in
1112 1617 1141 1672 id
1154 1617 1229 1688 qrrod
1245 1622 1288 1672 cst
1304 1617 1436 1685 allicitur,
1452 1623 1545 1673 auter
1559 1619 1680 1690 eoquod
1695 1624 1738 1673 est
1751 1618 1780 1673 iu
1795 1619 1822 1673 id
1835 1621 1913 1692 quod

168 1713 269 1769 Christi
286 1711 433 1781 sanguinis
448 1709 571 1763 allicitur
581 1710 802 1773 sacramentum,
819 1705 897 1761 aliud
912 1715 1125 1797 superannon
1142 1711 1193 1773 est,
1210 1710 1261 1759 aut
1282 1722 1316 1760 ex
1332 1721 1366 1760 eo
1380 1705 1514 1785 quodpst
1528 1706 1558 1761 in
1582 1706 1610 1761 id
1635 1708 1711 1778 quod
1733 1711 1784 1763 est.
1808 1708 1841 1762 ln
1856 1708 1913 1764 isto

168 1801 328 1856 licieteuus
357 1797 493 1865 ostendis,
528 1795 605 1850 aliud
633 1794 753 1850 interius
764 1793 910 1866 [continet.
939 1793 1046 1877 Ouidi)
1066 1798 1365 1859 autemsacramento,
1392 1794 1592 1849 silentumin
1621 1794 1749 1850 veritatis
1770 1795 1914 1868 simplici·

167 1890 244 1944 enim
261 1886 339 1942 aliud
355 1887 386 1941 in
411 1883 561 1955 superficie
577 1899 662 1954 quiam
686 1882 846 1939 substantia
869 1881 928 1937 vini
943 1898 1011 1936 eon·
1040 1888 1043 1900 ’
1066 1886 1124 1938 tate
1138 1882 1346 1949 consideretur,
1363 1886 1392 1939 et
1406 1899 1462 1937 uon
1483 1883 1560 1938 aliud
1576 1883 1709 1939 credatur
1722 1901 1808 1955 quarn
1833 1885 1912 1954 quud

746 1944 938 1959 w

167 1975 307 2050 spiritur?
320 1977 417 2041 Casta,
435 1972 532 2028 riuum
548 1973 638 2043 sapit3
660 1971 757 2037 odora,
775 1971 872 2026 cirrum
886 1971 1012 2039 redolct;
1066 1971 1213 2043 aspicitur,
1234 1971 1314 2026 nulla
1337 1970 1511 2042 permutatio
1536 1971 1608 2027 iacta
1633 1971 1822 2043 cognoscitur.
1839 1973 1913 2028 Nam

167 2065 288 2137 inspice,
304 2062 365 2117 riui
379 2062 458 2117 color
471 2060 609 2116 intuetur.
622 2064 659 2115 At
673 2059 824 2115 interiussi
838 2059 1011 2128 consideres,
1067 2059 1463 2131 neccxeoquodnoneral,
1492 2060 1624 2115 transisit
1650 2060 1679 2115 in
1709 2061 1911 2134 aliquidquod

164 2154 299 2224 jamnon
318 2151 413 2224 liquor
439 2149 508 2215 riui,
536 2149 585 2204 sed
615 2150 711 2221 liquor
740 2148 888 2220 sanguinis
909 2149 1012 2204 Christi
1066 2148 1113 2217 sil,
1130 2148 1470 2220 quomodosrttransitus
1498 2149 1527 2203 in
1554 2149 1640 2204 rebus
1667 2150 1858 2219 nascentibus,
1876 2153 1913 2206 si·

167 2239 345 2296 credentium
360 2237 1011 2310 mentibusetsapitdumgustatur,etagno·
1066 2237 1183 2308 quidem
1200 2241 1355 2293 nouerant
1383 2237 1473 2308 prius,
1498 2238 1546 2293 scd
1573 2238 1688 2305 hisloi,
1711 2255 1745 2294 er
1771 2255 1830 2294 non
1850 2255 1913 2294 essa

167 2330 256 2384 scitur
271 2330 340 2384 dum
355 2326 541 2398 conspicitur,
566 2325 746 2398 etprohatur
769 2326 838 2380 drrrn
862 2326 1010 2382 odoratur.
1066 2326 1101 2381 ad
1122 2326 1151 2381 id
1171 2327 1249 2398 qarod
1275 2330 1318 2381 est
1337 2342 1398 2380 essa
1424 2325 1576 2381 transitum
1606 2325 1745 2383 fecerunt.
1776 2328 1826 2382 llic
1844 2345 1913 2384 vero

169 2420 233 2474 lirae
247 2417 286 2472 ita
302 2432 362 2471 asse
376 2416 444 2470 dum
460 2430 546 2470 nemo
565 2420 658 2486 potest
669 2415 822 2485 abnegare,
836 2415 923 2471 claret
944 2415 1012 2487 quia
1065 2415 1149 2486 panis
1162 2420 1190 2469 et
1203 2413 1301 2469 sinum
1319 2414 1399 2486 prius
1424 2414 1504 2470 fuere
1523 2430 1609 2486 quiam
1638 2416 1792 2471 transitum
1817 2417 1848 2472 iu
1863 2434 1911 2472 sa·

167 2504 330 2577 ‘panisille
344 2504 501 2576 vinumque
521 2503 642 2575 figurate
662 2502 767 2559 Caristi
782 2518 883 2575 corpus
906 2507 935 2558 et
949 2519 1011 2559 san·
1065 2507 1243 2558 crumentum
1259 2503 1387 2574 corporis
1410 2508 1438 2558 et
1468 2503 1617 2575 sanguinis
1642 2504 1745 2559 Christi
1769 2504 1910 2561 iecerunt.

167 2595 231 2664 guis
243 2591 347 2649 existit.
370 2593 432 2647 Nou
447 2591 524 2646 enirn
549 2591 707 2646 secumdum
724 2590 800 2663 quod
826 2591 940 2646 ridetur
967 2591 1009 2646 rel
1065 2590 1119 2646 Sed
1137 2606 1188 2645 nec
1202 2591 1250 2646 illa
1264 2590 1402 2645 transitus
1415 2589 1464 2662 qui
1479 2590 1511 2646 tlt
1526 2607 1558 2645 er
1578 2607 1612 2645 eo
1635 2591 1710 2663 quod
1738 2596 1856 2647 estesse
1874 2594 1910 2648 ad

167 2681 382 2753 carnisspecies
400 2680 430 2735 in
453 2680 591 2752 illopane
619 2680 811 2751 cognoscitur,
835 2681 880 2735 rel
906 2679 937 2734 in
961 2679 1011 2734 illo
1064 2679 1187 2752 idqund
1207 2684 1249 2734 est
1272 2695 1330 2734 nou
1358 2694 1429 2749 esse,
1459 2680 1508 2750 qui
1534 2678 1669 2735 transitus
1697 2680 1725 2734 in
1754 2681 1839 2736 rebus
1859 2698 1912 2754 per

166 2772 233 2825 rino
260 2770 369 2826 cruoris
401 2770 479 2825 unda
508 2773 698 2836 monstratum
726 2784 789 2823 cum
818 2772 914 2823 tamen
946 2772 1012 2839 post
1064 2769 1207 2824 deiectum
1242 2783 1372 2823 occasum
1405 2767 1582 2839 patientibus
1611 2768 1723 2823 existit:
1767 2769 1909 2842 quidquid

167 2858 314 2930 mysticam
334 2856 578 2912 consecrationem
592 2871 645 2910 nac
658 2855 742 2927 panis
759 2855 817 2926 jam
838 2855 943 2911 dicitur
957 2872 1011 2912 nec
1026 2887 1047 2943 c
1065 2857 1140 2913 enim
1155 2856 1264 2924 interit,
1288 2856 1369 2927 prius
1396 2856 1576 2912 subsistendo
1605 2857 1669 2924 luit,
1697 2858 1909 2914 neclntcritum

165 2947 275 3012 riuum,
295 2944 343 3000 sed
359 2944 462 3000 Christi
478 2959 580 3015 corpus
595 2948 622 2998 el
636 2942 761 3014 sanguis.
1035 2964 1037 2969 ·
1065 2949 1123 3018 pati
1140 2948 1233 3017 potest
1247 2945 1324 3016 quod
1341 2961 1398 2999 non
1411 2944 1665 3016 iuit3hicqnoque
1681 2960 1737 2998 nou
1754 2944 1910 2999 istatrans·

201 3034 244 3089 Xl.
261 3034 330 3088 Nam
345 3033 368 3087 si
381 3031 538 3086 secundum
558 3030 697 3103 qrrosdam
721 3029 843 3101 figurate
866 3029 939 3086 nihil
963 3029 1011 3087 hic
1064 3034 1226 3090 ituslactus
1251 3049 1312 3087 esse
1344 3032 1560 3103 cognoscimus
1584 3032 1719 3104 quouinm
1748 3033 1906 3088 secundum

200 3194 256 3250 tsi
269 3195 340 3248 enirn
360 3193 437 3247 nulla
451 3191 501 3246 sub
514 3193 605 3263 paura
619 3191 779 3261 mysterium
803 3189 875 3244 illud
894 3192 1010 3260 perapi·
1063 3210 1124 3250 rant
1149 3197 1300 3248 corruerlcre
1325 3193 1416 3262 potuit
1449 3194 1478 3246 in
1504 3193 1648 3262 proprian
1671 3207 1777 3261 corpas,
1800 3197 1866 3257 etc..
1880 3198 1911 3249 at

166 3271 221 3320 tur.
248 3263 308 3318 lioc
322 3264 428 3318 iterum
448 3266 564 3333 repetit,
590 3266 622 3315 ut
636 3277 735 3315 ornnes
749 3258 877 3315 efflictim
902 3277 1009 3332 cogno·
1064 3280 1186 3319 numero
1198 3279 1248 3318 xxx
1263 3281 1271 3317 :
1289 3264 1336 3317 scd
1350 3278 1410 3316 uere
1421 3278 1472 3332 per
1485 3265 1643 3330 musterium
1654 3277 1753 3332 panem
1768 3268 1793 3317 et
1814 3265 1910 3319 uinum

165 3339 244 3391 scant
256 3334 391 3389 aduersus
405 3350 455 3388 eos
476 3331 658 3387 solummodo
682 3345 776 3401 agere,
802 3330 852 3401 qui
876 3330 929 3384 sihi
945 3346 1009 3402 per·
1062 3337 1093 3388 in
1106 3337 1227 3404 emporis
1243 3339 1268 3388 et
1282 3336 1425 3400 sanauinis
1437 3337 1489 3388 ruci
1503 3348 1631 3389 cananea
1653 3333 1843 3388 substantians.
1864 3335 1906 3391 Ad
1934 3346 1940 3356 ·

165 3405 324 3460 suadebant
341 3408 431 3459 totum
447 3402 521 3473 quod
538 3404 569 3456 in
592 3399 769 3466 Eucharistia
792 3399 900 3455 litasse
923 3401 1011 3455 sensi·
1064 3410 1191 3458 meatem
1223 3405 1312 3458 sancti
1341 3404 1440 3474 Cyritli
1466 3403 1727 3473 hierosolymitani,
1762 3404 1908 3462 &larbasi

165 3476 219 3530 hus
234 3474 405 3543 subjectum.
422 3473 461 3539 tEt
482 3471 595 3526 axioma
609 3472 719 3542 prolart
745 3469 827 3524 valde
852 3471 1010 3542 propitium
1063 3474 1251 3545 ilystagogica
1275 3490 1303 3529 rr
1328 3490 1335 3529 :
1356 3475 1544 3526 Tetrarchae
1564 3473 1820 3548 satci.apupaeairi;
1835 3476 1871 3537 ὣς
1894 3477 1907 3529 i

166 3544 326 3609 sententie,
343 3548 372 3596 et
393 3542 479 3597 rebus
503 3541 632 3596 Ecclesiae
654 3539 778 3596 maxime
801 3546 1008 3622 opportunum,
1082 3548 1212 3617 accipens
1234 3545 1311 3618 ἄρτος
1335 3544 1381 3596 aba
1404 3526 1482 3619 ἅρτὸς
1503 3543 1583 3612 iaris,
1610 3545 1632 3596 si
1655 3548 1698 3596 καὶ
1718 3530 1805 3615 pstea
1830 3553 1908 3599 reiro

164 3614 272 3668 scilicet
293 3614 404 3668 nullum
429 3611 583 3667 consistere
612 3627 694 3683 posse
708 3615 886 3681 mysterium,
907 3610 936 3666 in
952 3627 1009 3684 quo
1064 3565 1193 3684 iniisset,
1210 3613 1276 3667 ἀλλὰ
1296 3615 1326 3666 τὸ
1341 3623 1417 3686 σῶμα
1435 3621 1561 3689 Χριστοῦ·
1578 3619 1621 3666 καὶ
1636 3616 1649 3666 ὁ
1666 3617 1813 3688 φαινόμενος
1827 3612 1906 3680 οἶνος,

165 3684 237 3739 nihil
253 3684 290 3738 sit
304 3682 482 3738 reconditum
501 3687 529 3737 et
549 3684 702 3737 occultum.
733 3683 841 3737 Revera
862 3697 920 3737 non
939 3682 1010 3738 dicit
1063 3687 1110 3738 oia
1133 3682 1209 3754 οἶνος,
1235 3685 1256 3738 εἰ
1280 3689 1324 3736 καὶ
1350 3687 1365 3743 ἡ
1390 3692 1478 3756 γνῶσις
1498 3693 1574 3738 τοῦτο
1596 3683 1729 3759 βούλεται,
1752 3684 1819 3737 ἀλλὰ
1839 3689 1906 3760 αἱμα

165 3761 258 3810 totum
278 3771 338 3809 esse
360 3754 463 3810 debere
483 3753 661 3808 reconditum
682 3757 710 3809 st
725 3756 877 3819 secretum,
894 3752 935 3808 uti
954 3752 1008 3807 sibi
1063 3762 1193 3811 Χοιστσῡ.
1212 3757 1302 3812 Sciens
1327 3760 1352 3810 et
1373 3759 1455 3825 plane
1480 3771 1637 3825 copnoseeus
1659 3757 1732 3825 quod
1756 3758 1839 3827 panis
1857 3761 1907 3828 qui

165 3825 279 3897 lingunt
311 3825 469 3882 Calviniani
497 3829 702 3907 protestantes,
733 3823 782 3894 qui
808 3822 862 3878 sibi
890 3839 1007 3894 persua-
1062 3815 1187 3898 apparet,
1202 3842 1254 3882 non
1269 3831 1310 3881 est
1344 3828 1415 3891 anis,
1435 3829 1566 3895 quamuis
1590 3828 1779 3895 pastoraliter
1792 3826 1904 3895 indicet,

164 3897 234 3952 dent
247 3895 320 3952 nihil
343 3895 374 3951 in
389 3894 561 3952 eucharistie
588 3911 649 3951 esse
676 3900 782 3967 praeter
806 3893 961 3966 figuratum
981 3899 1009 3950 et
1062 3898 1110 3953 sart
1123 3912 1220 3968 corpas
1234 3901 1297 3953 iesu
1333 3898 1428 3961 tristi3
1445 3901 1470 3951 et
1480 3899 1574 3951 uinum
1584 3897 1791 3967 quotiapparet,
1801 3904 1905 3955 nonest

163 3972 290 4040 tropum.
1061 3971 1164 4035 uinum,
1181 3967 1253 4037 quoi
1265 3968 1483 4036 pustcuiadicat,
1503 3967 1551 4022 sed
1573 3970 1685 4037 sanquis
1703 3970 1766 4023 lesu
1789 3968 1903 4025 Christi.

199 4039 305 4094 Sensus
333 4036 423 4109 igitur
449 4034 597 4092 Ratramni
627 4036 662 4089 ab
691 4034 821 4090 Ecclesia
850 4051 933 4090 sensu
949 4052 1006 4092 non
1098 4041 1206 4094 ⁰Panis
1231 4038 1302 4092 illud
1323 4039 1469 4108 utrumque
1491 4040 1608 4107 Murato
1630 4039 1738 4093 Christi
1760 4054 1858 4109 corpus
1881 4045 1907 4094 el

163 4108 269 4175 ditiert,
284 4123 349 4179 quae
365 4109 541 4179 aliquantam
555 4107 736 4177 recognoscit
750 4105 883 4178 liguram,
900 4110 932 4160 ut
946 4107 1007 4178 ipse
1062 4110 1364 4177 anapauomenen.
1382 4108 1443 4162 Non
1461 4109 1500 4162 ait
1511 4108 1675 4163 solummodo
1696 4125 1751 4164 esse
1771 4112 1799 4163 in
1814 4113 1907 4180 paura

164 4178 331 4234 Paschasius
344 4178 384 4232 ait
402 4178 463 4232 luco
487 4177 572 4231 citato
600 4182 629 4230 et
649 4176 680 4230 in
707 4176 834 4248 Epistola
862 4177 896 4232 ad
920 4179 1043 4239 irad-1)
1062 4195 1165 4251 corpus
1180 4186 1209 4234 et
1223 4178 1393 4250 sauguinem
1405 4194 1475 4246 essa,
1499 4179 1546 4234 sed
1558 4179 1688 4251 fipurate,
1705 4184 1733 4233 et
1761 4180 1817 4235 hoc
1831 4180 1905 4236 nihil

163 4249 295 4320 gardam,
317 4249 355 4303 Er
376 4247 422 4303 his
448 4263 532 4301 conse
556 4245 634 4301 uitur
661 4263 719 4301 non
746 4247 927 4319 depraeliatos
946 4264 1007 4304 esse
1062 4249 1141 4305 aliud
1156 4248 1298 4320 significat
1312 4248 1368 4303 nisi
1384 4265 1444 4303 esse
1466 4250 1528 4304 reia
1550 4249 1678 4320 corporis
1703 4249 1819 4305 Christi.
1834 4251 1906 4306 Nam

163 4321 238 4374 inter
251 4336 280 4374 se
296 4318 478 4373 Pasclmsium
494 4321 522 4371 et
535 4262 734 4385 intramnum,
751 4318 811 4373 imo
830 4325 928 4374 contra
943 4336 1005 4375 om·
1060 4320 1218 4376 secundum
1232 4321 1420 4376 llatramunm
1441 4322 1532 4389 tipura
1550 4325 1578 4373 et
1592 4321 1678 4374 uatum
1691 4319 1768 4375 idern
1785 4321 1906 4377 omuino

163 4391 233 4445 nino
248 4389 375 4445 diuersos
393 4388 572 4444 adversarios
597 4388 752 4460 scripsisse.
773 4387 923 4444 Enimvero
947 4389 1006 4445 Ra·
1058 4394 1171 4457 sonant,
1187 4395 1220 4445 ut
1238 4394 1317 4462 patet
1336 4405 1498 4456 numerari,
1525 4389 1598 4460 quod
1615 4389 1696 4447 nullu
1724 4391 1774 4445 sub
1802 4393 1906 4462 Maru,

163 4465 293 4515 tramnus
308 4475 355 4514 eos
371 4458 664 4531 vellicatquinullam
686 4459 716 4513 in
738 4460 909 4515 eucharistia
932 4462 1007 4532 ligu-
1059 4464 1137 4515 nulla
1149 4461 1199 4516 sub
1212 4461 1377 4516 obvelatione
1398 4463 1458 4529 pat.
1475 4461 1508 4516 ht
1530 4476 1651 4515 numero
1669 4463 1694 4528 5,
1718 4476 1754 4515 an
1780 4464 1839 4517 sine
1862 4479 1906 4518 cu-

165 4547 226 4586 ram
247 4530 447 4596 admittebant,
464 4535 492 4584 et
505 4528 674 4585 Paschasius
692 4545 741 4584 eos
757 4530 807 4601 qui
830 4534 924 4585 totum
943 4547 1005 4586 esse
1056 4532 1350 4602 juscuuqueoetatione
1370 4533 1503 4598 mysterii.
1526 4531 1705 4586 Numeroti:
1735 4533 1807 4587 nibil
1835 4535 1908 4588 cuim

164 4603 320 4672 liguratum
336 4600 529 4656 vindicabant.
546 4602 573 4654 ld
589 4605 669 4672 patet
684 4617 717 4655 ex
741 4602 803 4671 ejus
827 4600 1005 4671 expositione
1060 4605 1103 4657 liic
1113 4602 1216 4674 liparis
1243 4602 1428 4657 obvelantibus
1456 4600 1646 4656 adttmbratur.
1669 4602 1827 4658 Numerob
1850 4604 1907 4660 :st

164 4672 195 4726 iu
241 4672 404 4726 Matthoeum
446 4672 495 4727 lib.
536 4687 584 4738 xri,
628 4671 702 4726 Unde
740 4674 825 4726 miror
864 4670 932 4740 quid
960 4688 1005 4726 oe·
1059 4673 1380 4742 animatultasubttaura
1395 4674 1552 4741 musterium
1566 4671 1642 4726 istud
1672 4675 1907 4743 personantem

164 4744 216 4797 lint
247 4758 318 4796 natica
355 4741 468 4812 quidam
505 4741 604 4808 dicere,
637 4757 690 4796 non
724 4744 753 4796 in
784 4757 813 4797 re
855 4757 911 4796 csse
936 4744 1008 4797 ueri·
1059 4746 1217 4812 mysterium
1238 4758 1292 4798 non
1316 4749 1386 4797 recte
1410 4745 1555 4797 vocitatur.
1590 4744 1724 4806 Quonam
1747 4747 1909 4813 musterium

164 4814 347 4868 tatamcurnis
365 4814 469 4869 Christi
494 4814 535 4867 uel
549 4815 700 4881 sanauinis,
723 4811 770 4867 sed
790 4815 819 4866 ia
839 4818 1006 4867 sucranicnto
1060 4815 1117 4868 dici
1147 4829 1200 4868 non
1227 4818 1324 4883 potest,
1354 4815 1383 4867 t'n
1407 4828 1459 4881 quo
1490 4813 1563 4867 nibil
1585 4820 1624 4868 est
1647 4813 1782 4879 abditum,
1802 4815 1907 4869 nibilu

162 4885 291 4938 riirtutem
313 4886 416 4950 carnis,
432 4888 458 4937 et
479 4898 532 4937 non
547 4899 668 4950 cantem;
701 4885 829 4936 uirtutem
851 4885 1005 4952 sanpuinis,
1060 4885 1245 4952 corporalibus
1262 4883 1384 4939 sensibus
1407 4889 1547 4950 remotum,
1565 4884 1636 4939 nibil
1658 4885 1792 4939 uelamine
1820 4891 1909 4940 conte-

163 4957 682 5023 etnonsunputnem3pausantium
696 4955 847 5007 ueritatem.
1061 4960 1142 5010 ctum.

199 5037 212 5078 t
237 5024 322 5078 Panis
343 5024 415 5094 quod
436 5031 498 5079 ante
511 5026 605 5091 suant
629 5026 721 5091 forma
743 5022 931 5093 protenditur.
950 5023 1032 5081 lloc.
1095 5024 1176 5081 dSed
1204 5028 1288 5080 totum
1312 5025 1341 5077 in
1365 5024 1481 5077 raritate
1502 5024 1694 5092 conspiciatur.
1723 5024 1752 5079 Id
1783 5028 1836 5090 est,
1858 5025 1909 5080 sed

163 5094 265 5165 prohat
296 5104 361 5165 post
387 5095 630 5148 consecrationem
658 5109 762 5163 paoem
793 5108 939 5159 nonesse,
957 5093 1006 5149 sed
1060 5099 1153 5149 tolum
1170 5095 1244 5167 quod
1261 5093 1436 5164 conspicitur
1450 5093 1487 5146 sit
1500 5093 1561 5163 ipsa
1590 5093 1770 5150 veritas:ad
1796 5095 1908 5164 signiti-

163 5165 256 5218 solum
273 5164 405 5232 sormam,
423 5167 546 5219 colorem
563 5170 589 5217 et
605 5171 719 5234 gustum
732 5163 815 5234 panis
835 5164 884 5234 qui
897 5163 1005 5219 iuerat:
1060 5167 1182 5220 candum
1198 5171 1226 5219 et
1241 5170 1332 5218 toturn
1344 5164 1420 5234 quod
1440 5162 1482 5217 ibi
1496 5164 1608 5219 ridetur
1631 5169 1660 5219 et
1679 5165 1769 5219 oculis
1792 5165 1910 5237 subjici·

164 5233 291 5306 adeoque
308 5235 368 5305 jam
396 5251 454 5290 non
484 5239 622 5304 superest,
651 5234 700 5288 sed
730 5232 791 5358 pius
813 5234 877 5288 loco
903 5250 1007 5307 corpus
1060 5234 1475 5305 tur,sitrereratotuurquod
1503 5234 1543 5288 ihi
1570 5241 1622 5290 est.
1650 5234 1823 5300 Qtraliserat
1847 5253 1911 5292 ssu·

165 5303 278 5359 Christi.
294 5306 334 5360 At
361 5307 407 5360 itte
425 5308 508 5375 panis
533 5307 582 5374 qui
595 5318 731 5374 persaaer
751 5307 802 5359 otia
824 5307 1007 5360 ministerium
1060 5307 1150 5360 tentia
1164 5320 1263 5360 eorum
1281 5320 1352 5375 quos
1375 5305 1549 5359 liatrarnnus
1563 5305 1702 5373 confutat,
1719 5305 1770 5377 qui
1794 5307 1908 5362 nnllam

165 5375 274 5430 Gliristi
288 5390 384 5446 corpus
412 5376 561 5444 conpatitur,
584 5374 677 5446 inquit
698 5375 751 5429 ists
777 5380 877 5429 arictor
903 5377 1006 5430 eodem
1060 5391 1110 5430 ceu
1124 5376 1154 5430 in
1171 5376 1224 5430 hoc
1239 5373 1442 5446 mysteriosibi
1456 5376 1667 5446 persuadebant
1696 5391 1758 5432 esse
1779 5377 1908 5448 liguram

164 5459 298 5512 nurnero,
319 5453 347 5500 et
370 5444 491 5500 interius
515 5446 708 5502 numerati:
735 5445 812 5501 Sicut
834 5460 897 5513 erno
923 5448 1006 5516 paulo
1061 5461 1111 5500 seu
1126 5447 1335 5500 uelamentum.

164 5522 309 5586 aurearum
325 5520 474 5586 putantur,
498 5518 580 5586 panis
607 5515 760 5570 nrbstnntia
774 5521 800 5570 et
821 5519 881 5570 rint
903 5522 1006 5572 nentu-
1095 5541 1107 5569 ο
1134 5517 1265 5585 (termium
1298 5514 1444 5570 secundun
1469 5518 1610 5572 rentatrnt
1642 5519 1741 5586 specics
1773 5525 1910 5577 neutrae
