3930 6098
164 274 198 328 tr
739 257 917 317 RATRbbssll
936 256 1165 317 coenaturists
1185 254 1339 312 uoutclll
1366 262 1369 267 '
1550 274 1553 280 ·
1880 251 1916 306 48

166 401 300 476 tionem].
315 423 329 453 a
347 402 380 456 lit
392 398 438 453 laic
454 396 552 452 dicens
570 392 712 449 mendam
735 387 913 446 damnationi
937 393 1048 458 pre-A
1067 393 1153 458 atque
1166 383 1332 460 hujusmodi
1347 398 1456 438 venena
1479 381 1559 451 fidei,
1573 381 1631 437 nisi
1653 382 1746 437 dicere
1768 382 1914 449 timerem,

165 493 350 556 destinatum,
380 485 527 559 geminam
557 481 682 537 ostendit
716 477 1011 551 praedestinationem.
1066 479 1187 532 fortasse
1217 475 1251 530 de
1281 475 1334 529 bec
1356 489 1387 528 re
1410 472 1531 528 delinire
1554 471 1663 542 aliquid
1689 487 1748 525 non
1772 470 1915 526 timerem.

167 582 238 637 ltem
252 578 391 634 insudem
403 574 494 646 (tract.
507 571 546 643 x1)
562 587 568 625 :
581 568 743 642 [Quomodo
755 583 822 638 erge
836 581 895 620 non
905 565 1013 620 erimus
1067 566 1180 630 Quanto
1192 563 1295 618 melius
1317 561 1407 632 igitur
1420 577 1479 616 non
1503 560 1658 631 separatim
1681 561 1716 616 de
1739 559 1837 614 anima
1858 560 1915 615 dis-

166 686 231 726 cum
260 665 373 723 Christo
400 662 450 718 ubi
476 666 528 725 est,
560 658 676 731 quando
704 656 734 711 in
759 658 843 710 Patre
868 671 933 709 curn
962 653 1012 708 illo
1067 659 1147 725 puto,
1165 653 1320 708 etaitirmo
1336 651 1411 722 quod
1436 650 1541 717 nescio,
1566 650 1615 705 sed
1637 649 1713 719 qrrod
1738 649 1916 719 apertissime

166 759 284 823 erimus,
314 754 346 808 in
371 768 428 824 qno
455 755 507 805 est.
539 749 636 818 Neque
665 746 733 801 hine
756 744 909 815 Apostolus
932 740 1014 796 nobis
1066 742 1235 812 Apostolum
1257 740 1338 795 video
1362 739 1490 794 docuisse
1507 738 1597 808 (Rom.
1618 755 1644 807 v,
1661 737 1722 808 ι18),
1747 736 1917 807 simpliciter

166 844 296 918 quamvis
311 841 441 898 nondum
455 854 517 893 rem
533 835 706 900 tenentibus,
732 833 782 888 sed
808 837 905 886 tamen
926 829 1012 900 {spem
1068 838 1152 885 teneo
1165 847 1171 885 :
1185 852 1198 881 a
1211 832 1248 885 Ex
1266 846 1322 883 ano
1345 829 1463 883 nomine
1478 844 1579 882 omnes
1593 827 1726 881 homines
1750 825 1791 881 ire
1804 827 1834 880 in
1847 843 1916 881 con·

165 932 332 1007 gerentibus
350 926 521 985 tacuit:ait
536 926 614 980 enim
632 940 667 978 z«
681 922 710 977 Si
733 919 927 976 resurrexistis
948 934 1013 972 curn
1067 920 1320 974 demnationem·
1351 918 1401 988 qui
1429 923 1586 971 nascuntur
1605 932 1638 970 ex
1676 916 1776 980 Adam,
1796 915 1853 969 nisi
1876 915 1917 970 ita

166 1021 286 1087 Christo,
303 1035 367 1091 quac
383 1032 496 1072 sursum
520 1018 586 1069 sant
601 1011 732 1084 quaerite,
759 1007 949 1065 ubiCliristus
973 1010 1015 1061 est
1068 1007 1298 1063 renascanturin
1321 1005 1444 1074 Christo,
1469 1005 1543 1060 sicut
1566 1005 1690 1059 instituit
1713 1011 1744 1058 at
1763 1020 1917 1058 renascen-

165 1111 195 1165 in
211 1109 311 1164 dextra
327 1106 377 1160 Dei
397 1105 518 1171 sedens3
541 1117 608 1174 quae
622 1115 736 1154 sursum
751 1103 818 1152 sunt
837 1095 939 1166 sapite,
955 1110 1014 1148 non
1068 1102 1124 1164 tur,
1145 1102 1300 1167 antequem
1326 1110 1446 1166 corpore
1475 1094 1647 1161 morientur,
1671 1109 1743 1164 quos
1769 1092 1917 1163 praedesti-

166 1213 231 1270 quae
246 1200 451 1267 superterram
468 1209 474 1246 :
492 1189 599 1245 mortui
617 1188 693 1243 enim
710 1186 786 1251 estis,
802 1191 831 1240 et
845 1186 901 1240 vita
916 1188 1014 1254 ¹vestra
1069 1185 1147 1238 navit
1163 1185 1197 1239 ed
1218 1191 1356 1238 aeteruam
1380 1182 1469 1238 vitam
1495 1181 1785 1250 ,misericordissimos
1818 1181 1917 1252 gretiae

166 1283 390 1340 absconditaest
413 1297 479 1335 cum
498 1278 611 1334 Christo
631 1276 732 1331 inlice
761 1275 827 1346 (Col.
845 1289 886 1341 ru,
913 1272 1014 1343 t·3).»
1070 1271 1532 1344 largitor:quiestetiltisquos
1555 1270 1769 1341 predestinavit
1790 1271 1917 1327 admor-

168 1375 236 1428 Ecce
263 1371 380 1427 interim
409 1367 571 1438 perfidem
596 1381 628 1419 ac
651 1380 729 1435 spem
759 1365 815 1417 vita
845 1368 942 1416 nostra
965 1360 1014 1414 ubi
1068 1366 1127 1417 tem
1149 1367 1288 1415 aeternam
1308 1359 1486 1431 justissimus
1512 1359 1645 1430 supplicii
1670 1358 1853 1432 retributor]
1884 1362 1918 1416 ln

167 1462 296 1518 Christus
315 1463 367 1527 est,
383 1472 448 1512 eum
464 1457 514 1510 illo
534 1459 587 1520 est,
604 1452 752 1524 quiscum
774 1450 886 1506 Christo
910 1450 940 1503 in
957 1450 1015 1504 lleo
1068 1451 1114 1506 his
1147 1451 1259 1505 duobus
1292 1449 1464 1504 testimoniis
1499 1448 1730 1503 manifestissime
1776 1453 1919 1503 monstrat

167 1556 218 1606 est.
231 1552 299 1605 Ecce
312 1549 390 1602 velut
401 1546 462 1617 jorn
483 1545 647 1598 factumest
671 1541 747 1612 quod
775 1539 867 1593 oravit
881 1543 913 1592 ut
934 1537 1016 1592 lieret
1069 1539 1217 1610 geminem
1232 1537 1403 1592 venerabilis
1426 1537 1605 1608 Augustinus
1625 1537 1917 1608 predestinationem.

166 1639 263 1693 dicens
279 1654 285 1692 :
303 1659 314 1686 ‹
333 1635 403 1689 Volo
421 1639 453 1688 ut
479 1633 527 1687 ubi
543 1648 596 1702 ego
621 1646 696 1695 sum,
720 1633 748 1682 et
766 1627 808 1681 illi
829 1627 888 1681 sint
902 1641 1015 1680 mecum
1106 1629 1177 1682 ltem
1193 1628 1224 1682 in
1239 1627 1313 1682 libro
1339 1627 1463 1681 secundo
1478 1627 1513 1681 de
1538 1626 1683 1697 baptismo
1707 1626 1917 1698 parvulorum:

169 1728 257 1792 (lourz.
273 1741 338 1778 rvrr.
359 1722 414 1793 rt).
432 1744 445 1770 a
457 1721 512 1776 Sed
540 1735 617 1774 nervo
639 1717 803 1788 perfidem,
833 1714 948 1786 quando
969 1688 1052 1766 vsu·B
1071 1713 1118 1788 [Ut
1145 1720 1241 1770 autem
1271 1716 1433 1771 innotescat
1462 1714 1539 1786 quod
1557 1715 1674 1784 latebat,
1697 1719 1726 1770 et
1753 1731 1839 1769 suave
1863 1713 1922 1785 ¹liat

168 1820 226 1869 tem
242 1815 292 1867 liet
305 1827 357 1882 per
369 1810 512 1881 speeiem?
531 1828 545 1857 a
562 1808 631 1863 Cum
649 1806 786 1873 Christus,
803 1804 906 1874 inquit,
928 1818 1017 1872 appe·
1072 1805 1148 1875 qaod
1164 1820 1224 1859 non
1235 1805 1402 1872 delectabat,
1419 1803 1513 1874 gratia
1529 1803 1580 1858 Dei
1595 1808 1645 1867 est,
1667 1819 1724 1874 qua
1737 1803 1853 1874 adjurat
1866 1805 1920 1858 ho·

167 1901 258 1957 ruerit
273 1901 331 1954 vita
348 1905 450 1964 vestra,
464 1901 533 1951 tunc
548 1901 576 1950 et
591 1911 639 1948 vos
654 1894 828 1965 apparebitis
842 1908 906 1946 euni
923 1891 972 1946 illo
988 1891 1018 1944 in
1073 1893 1185 1948 minum
1201 1893 1362 1948 voluntates
1380 1909 1387 1946 :
1409 1909 1467 1963 qua
1490 1897 1522 1947 ut
1538 1907 1597 1946 non
1620 1891 1792 1962 adjuventur
1804 1892 1834 1946 in
1849 1892 1921 1963 ipsis

167 1990 260 2062 gloria
275 1989 347 2057 (Col.
366 1987 457 2055 nul).
475 1985 575 2038 »Tunc
586 1982 789 2053 apparebimus
802 1980 955 2051 quodtunc
966 1977 1019 2032 eri·
1072 1981 1172 2037 itidem
1188 1997 1273 2036 causa
1297 1987 1350 2049 est,
1379 1981 1485 2035 nonin
1499 1981 1642 2047 Deo,sive
1664 1981 1822 2035 damnandi
1846 1996 1920 2051 prae-

169 2094 242 2143 mus,
263 2075 331 2147 quia
345 2082 414 2130 tuac
430 2072 581 2144 apparebit
594 2086 652 2124 non
667 2069 794 2123 inaniter
811 2085 862 2122 uos
877 2067 906 2123 id
923 2066 1019 2122 credi·
1072 2070 1206 2125 destinati
1232 2075 1299 2124 sunt
1326 2073 1445 2140 propter
1468 2068 1650 2139 iniquitatem
1674 2068 1830 2139 superbiam
1861 2069 1921 2123 sive

169 2167 243 2221 disse
258 2180 291 2218 ac
307 2177 436 2234 sperasse
447 2165 603 2230 antequam
615 2173 743 2212 essemus
752 2157 819 2211 loeti
829 2162 857 2211 et
866 2157 913 2210 cui
932 2156 1019 2211 Filius
1072 2161 1172 2212 eontra
1187 2157 1278 2228 ipsam
1295 2157 1460 2228 snperbiam
1470 2156 1621 2228 judicandi
1633 2162 1662 2210 et
1676 2157 1780 2211 eruditi
1799 2155 1853 2211 lilii
1863 2157 1921 2213 sint

169 2269 234 2308 cum
244 2251 361 2308 dixisset
375 2267 382 2305 ε
395 2268 409 2301 e
422 2248 581 2304 Utvideant
591 2247 750 2303 cleritatem
762 2261 868 2312 meam,
880 2245 1020 2315 quamde·
1049 2286 1051 2290 Α
1072 2247 1286 2302 misericordiae.
1304 2246 1382 2302 Unde
1405 2246 1542 2301 ieremias
1566 2262 1632 2300 eum
1647 2247 1784 2302 dixisset:
1810 2245 1919 2318 alseio,

169 2340 329 2408 dissimili,
347 2361 361 2389 o
385 2338 523 2394 continuo
548 2336 696 2407 subjunxit
710 2356 725 2386 a
742 2334 811 2406 quia
835 2333 960 2389 dilexisti
973 2349 1019 2388 me
1072 2335 1203 2402 Domine,
1220 2336 1288 2406 quia
1307 2341 1424 2390 nonest
1442 2336 1472 2389 in
1489 2334 1607 2389 bomine
1629 2336 1687 2389 vita
1711 2336 1782 2406 ejus,
1799 2351 1852 2390 nec
1864 2335 1920 2389 viri

169 2435 235 2484 ente
260 2427 363 2483 muudi
386 2425 675 2481 constitutionem»
691 2424 720 2478 in
744 2425 794 2478 illo
820 2422 899 2477 caim
921 2422 1021 2477 dilexit
1072 2429 1117 2478 est
1132 2429 1164 2478 nt
1177 2423 1313 2491 ambulet,
1335 2429 1364 2478 ct
1388 2423 1494 2494 dirigat
1507 2440 1621 2495 gressus
1648 2440 1725 2491 suos,
1741 2445 1756 2473 o
1783 2424 1923 2478 continuo

169 2532 222 2572 nos
237 2522 303 2572 aute
319 2515 420 2570 mundi
439 2513 685 2580 constitutionem,
701 2517 729 2567 et
744 2519 812 2567 tunc
834 2510 1019 2582 praedestina·
1072 2512 1240 2582 subjungit:
1256 2531 1270 2564 a
1286 2510 1403 2583 Corripe
1427 2529 1483 2579 me,
1510 2513 1650 2580 Domiae;
1674 2516 1876 2567 verumtamen
1889 2513 1922 2567 in

169 2606 221 2671 vit,
237 2605 314 2676 qnod
325 2603 356 2657 in
378 2602 435 2657 tine
462 2603 592 2657 latarum
608 2607 650 2656 est
673 2600 783 2655 mundi.
802 2601 923 2667 «Peter,
939 2619 953 2648 u
974 2598 1019 2653 in·
1071 2601 1188 2673 judicio,
1206 2605 1235 2655 et
1248 2617 1307 2655 non
1318 2601 1348 2655 in
1367 2600 1465 2655 lurore
1478 2605 1529 2655 tuo
1541 2601 1605 2671 (Jer-
1625 2617 1654 2667 x,
1669 2603 1714 2668 23,
1729 2600 1785 2669 24.)
1809 2621 1824 2649 a
1849 2602 1923 2656 'lan-

170 2694 243 2766 quit,
260 2694 371 2763 «juste,
389 2691 514 2746 mundus
537 2695 565 2744 te
581 2706 640 2745 uon
657 2688 820 2759 cognovit»
836 2686 905 2759 quia
925 2687 1020 2758 justus
1073 2706 1161 2762 quam
1184 2690 1314 2744 diceret:
1339 2689 1401 2744 Scio
1431 2690 1468 2744 ad
1487 2689 1697 2760 correptionem
1714 2706 1808 2744 meam
1831 2690 1921 2761 perti·

170 2798 211 2850 cs,
231 2780 296 2836 ideo
310 2785 337 2834 te
351 2795 411 2834 non
432 2779 569 2849 cognovit
586 2795 592 2832 :
610 2777 735 2832 mundus
751 2776 860 2847 qnippe
876 2776 924 2829 ille
936 2774 1019 2829 dam·
1073 2795 1151 2846 uere,
1168 2778 1247 2849 quod
1261 2778 1357 2832 miuus
1370 2778 1420 2832 abs
1439 2783 1467 2832 te
1496 2779 1623 2849 adjuvor,
1645 2783 1676 2833 at
1698 2778 1822 2849 perfecte
1850 2778 1923 2833 diri-

169 2870 282 2926 nationi
294 2868 514 2940 predestinatus
531 2866 635 2921 merito
650 2883 709 2922 non
730 2865 879 2936 cognovit3
895 2866 1020 2918 mundas
1073 2872 1179 2938 gantur
1193 2882 1306 2936 gressus
1319 2865 1376 2920 mei
1392 2882 1399 2920 :
1416 2872 1616 2922 verumtamen
1631 2867 1684 2921 bec
1696 2866 1793 2938 ipsum
1807 2867 1867 2922 noli
1881 2867 1924 2922 sie

141 2987 144 2993 ·
170 2975 248 3027 vero,
265 2974 351 3030 quem
366 2973 420 3028 per
443 2956 587 3012 Christum
603 2953 807 3020 reconciliavit,
824 2970 884 3008 non
904 2953 1018 3020 merito,
1034 2986 1054 3042 C
1073 2969 1185 3008 mecum
1200 2970 1296 3024 agere,
1312 2959 1451 3025 tanquam
1468 2954 1498 3008 ia
1514 2955 1612 3009 lurore
1636 2971 1694 3025 quo
1709 2953 1824 3026 iniquos
1838 2955 1922 3010 dam-

170 3048 220 3104 sed
234 3046 326 3119 grstia
343 3044 485 3117 cognovit.
508 3044 582 3109 Quid
598 3047 641 3099 est
656 3042 733 3098 enim
752 3058 818 3097 eum
837 3057 1018 3113 cognoscere,
1073 3057 1143 3097 nere
1159 3041 1300 3108 statuisti3
1327 3042 1376 3097 sed
1405 3047 1543 3114 tanquam
1564 3043 1595 3097 in
1617 3043 1736 3114 judicie,
1765 3059 1822 3115 quo
1837 3043 1922 3097 doces

171 3135 226 3191 nisi
239 3137 296 3190 vita
310 3135 438 3189 aeterna‘?
452 3149 541 3205 quum
557 3133 666 3188 munde
688 3132 825 3187 damnato
848 3131 945 3201 utique
961 3146 1020 3184 nou
1073 3137 1136 3186 teos
1153 3148 1209 3185 nen
1225 3131 1384 3200 superbire.
1402 3132 1480 3186 Unde
1503 3131 1572 3187 alibi
1592 3131 1718 3187 dicitur:
1738 3154 1749 3182 ι
1767 3133 1799 3186 Et
1809 3132 1923 3203 judicia

170 3222 259 3292 dedit,
274 3221 559 3279 reconciliatodedit.
580 3223 734 3291 Propterea
754 3218 1019 3289 utique«mundus
1073 3225 1122 3274 toa
1158 3219 1333 3291 adjuvabunt
1365 3235 1412 3274 ure
1443 3220 1526 3290 (Psoi.
1561 3237 1628 3290 xxu,
1659 3221 1731 3290 175).
1767 3242 1781 3271 o
1808 3221 1922 3275 Nullius

170 3329 230 3367 nen
246 3311 390 3383 cognovit,
409 3311 476 3380 quia
502 3310 596 3380 justus
623 3325 663 3374 es,
683 3307 794 3360 meritis
809 3308 882 3376 ejus,
905 3310 939 3359 ut
963 3321 1020 3359 non
1072 3306 1341 3377 proindehumsnae
1360 3308 1497 3378 culpoein
1525 3309 1615 3363 Deum
1647 3309 1753 3363 reieras
1780 3326 1920 3379 causam;

170 3403 365 3469 cognosceret,
391 3396 529 3460 tribuisti,
546 3401 575 3450 et
594 3399 745 3466 propterea
767 3392 892 3448 mundus
920 3409 1019 3447 recon-
1073 3395 1208 3449 vilierum
1224 3395 1492 3467 namqueomnium
1508 3395 1801 3453 hornenoramcausa
1819 3414 1921 3469 super·

170 3485 283 3540 cilietus
299 3484 441 3555 cognovit,
458 3483 528 3554 quia
543 3481 704 3536 misericors
719 3498 760 3549 es,
773 3487 803 3536 et
814 3486 846 3536 ut
864 3497 1018 3552 coguosce-
1072 3483 1119 3538 bia
1135 3481 1199 3556 est]
1217 3484 1274 3539 llac
1289 3485 1431 3540 sententie
1454 3486 1579 3541 ostendit
1592 3487 1761 3542 venerabilis
1783 3487 1922 3557 Angusti-

171 3577 214 3627 ret
226 3588 284 3627 uon
296 3571 322 3626 ei
337 3571 452 3639 merito,
469 3570 620 3641 sedgratia
635 3567 816 3641 subvenisti]
833 3569 922 3625 Etbic
934 3585 1019 3625 mnn-
1073 3588 1128 3627 nus
1142 3572 1231 3626 malos
1246 3578 1365 3643 propter
1378 3573 1562 3645 iniquitatem
1581 3575 1726 3645 superbire
1741 3574 1922 3629 damnationi

170 3660 240 3715 darm
264 3659 442 3715 damnationi
466 3659 707 3731 praedestinatum
736 3659 846 3725 diesne,
873 3659 1019 3730 geminam
1073 3661 1298 3732 predestinatos,
1320 3677 1379 3716 non
1402 3667 1498 3717 autem
1515 3663 1551 3718 ad
1579 3668 1750 3734 peccatum:
1781 3663 1923 3734 quoniam

170 3749 458 3821 predestinationem
476 3747 611 3815 ostendit,
627 3747 765 3819 quoniam
789 3748 1018 3818 praedestinatio·
1072 3754 1221 3822 peccatum
1236 3766 1296 3804 nen
1314 3755 1356 3804 est
1373 3766 1407 3805 ex
1422 3752 1488 3806 lieo.
1513 3752 1610 3823 Neque
1633 3752 1712 3808 enim
1734 3757 1832 3807 auctor
1850 3752 1922 3807 mali

169 3854 238 3893 nem
257 3853 357 3894 eorum
375 3836 425 3908 qui
448 3838 596 3892 salvantur
611 3837 742 3907 superius
771 3837 864 3906 posita
889 3839 1020 3909 exempla
1072 3843 1112 3893 est
1128 3838 1212 3905 Deus,
1234 3854 1327 3909 poenae
1354 3856 1421 3894 vero
1442 3840 1566 3895 redditio
1592 3857 1626 3896 ex
1643 3842 1699 3896 lleo
1720 3845 1771 3896 est.
1787 3841 1861 3905 Quia
1872 3841 1922 3912 ju-

169 3925 614 3998 satissuperquedemonstrant.
646 3926 718 3981 ltem
749 3925 779 3979 in
801 3925 873 3980 libro
890 3926 1017 3980 Euchiri-
1072 3932 1147 3981 stum
1163 3930 1206 3982 est
1225 3932 1256 3982 ut
1269 3927 1321 3999 qui
1346 3929 1403 3982 ueo
1417 3944 1470 3999 per
1494 3929 1685 3984 bumilitatem
1708 3929 1793 3985 subdi
1813 3929 1921 3997 noluit,

170 4016 238 4070 dion
253 4014 323 4085 (cop.
342 4014 735 4085 t00):[llaecsuatemagna
745 4029 834 4084 opera
847 4013 963 4069 Domini
973 4031 1020 4070 ex·
1071 4019 1189 4084 propter
1217 4015 1383 4085 superbiam
1410 4017 1517 4071 coelesti
1544 4018 1655 4073 ultione
1683 4017 1812 4073 feriatur.
1840 4019 1921 4074 Unde

170 4103 276 4174 quisita
290 4102 320 4156 in
335 4118 436 4157 omnes
460 4101 620 4156 voluntates
642 4101 704 4173 ejus
726 4102 814 4169 (Psul.
835 4118 879 4170 cr,
907 4103 945 4173 i),
963 4108 1019 4160 aet
1070 4101 1286 4172 predestinatio
1317 4103 1368 4158 Dei
1394 4104 1429 4158 ad
1458 4121 1572 4174 poenam
1606 4110 1658 4174 est,
1681 4123 1767 4178 quam
1795 4107 1921 4162 subituri

170 4196 229 4246 tam
244 4190 390 4261 sapienter
404 4189 555 4262 exquisita,
572 4196 603 4245 ut
616 4206 682 4245 cum
697 4191 827 4261 angelica
843 4196 872 4245 et
891 4191 1019 4247 bumana
1072 4197 1139 4245 suat
1155 4191 1234 4253 mali,
1250 4191 1301 4263 qui
1311 4195 1537 4262 perseverabunt
1551 4195 1580 4249 ia
1595 4195 1749 4267 iniquitate
1765 4211 1772 4252 :
1788 4212 1849 4250 nen
1864 4212 1920 4249 aa·

170 4284 301 4334 creatura
313 4283 465 4350 peccasset,
482 4279 509 4334 id
537 4284 650 4334 estnon
676 4280 752 4351 quod
778 4279 837 4347 ille,
864 4279 913 4334 scd
941 4284 1052 4351 quedl)
1071 4284 1130 4334 tem
1145 4280 1178 4334 ad
1199 4285 1362 4351 peccatum3
1379 4281 1446 4352 qnia
1457 4283 1716 4340 Densauctormali
1729 4302 1788 4341 non
1803 4289 1857 4351 est,
1870 4301 1921 4340 ne·

170 4366 260 4421 voluit
285 4366 349 4438 ipsa
372 4365 493 4435 lecisset,
524 4366 609 4421 etiam
639 4383 690 4438 per
718 4367 848 4422 eamdem
876 4373 1015 4422 creatores
1068 4368 1596 4441 queplacetDeoiniquitas,eteorum
1612 4380 1826 4446 quoeoperatar
1844 4375 1920 4430 Deae

170 4456 358 4520 voluntatem,
388 4471 445 4526 qua
466 4456 573 4510 tactum
596 4460 639 4510 est
662 4456 740 4528 qaod
768 4457 884 4512 Creator
912 4456 1013 4520 noluit,
1069 4456 1356 4526 praedestinatorem,
1372 4459 1515 4529 videlicet,
1536 4462 1580 4516 vel
1599 4459 1742 4517 bonorum
1767 4478 1832 4534 quae
1848 4464 1918 4518 red-

171 4545 305 4615 impleret
317 4543 379 4615 ipse
392 4544 470 4616 quod
485 4544 585 4615 voluit,
599 4543 673 4599 bene
698 4549 780 4601 utens
803 4551 832 4600 et
845 4545 936 4608 malis,
953 4549 1015 4599 tan-
1069 4543 1182 4599 diturus
1196 4549 1238 4599 est
1254 4547 1368 4614 sanctis,
1393 4546 1437 4601 vel
1452 4564 1613 4619 paenarum,
1640 4566 1711 4621 qaas
1737 4549 1845 4620 iniquis
1861 4567 1918 4621 pu·

171 4649 258 4705 qaram
273 4649 385 4688 summe
411 4632 514 4702 bonus,
535 4635 568 4688 ad
597 4650 698 4689 eorum
719 4634 933 4689 damnationem
944 4650 1017 4704 quos
1070 4631 1182 4687 niendis
1197 4633 1329 4688 illaturus
1344 4640 1395 4690 est.
1407 4636 1444 4692 At
1462 4652 1530 4691 vere
1544 4638 1687 4692 malorum
1701 4638 1775 4692 sieut
1792 4653 1852 4692 non
1874 4643 1921 4692 est

168 4722 246 4794 juste
261 4720 476 4793 predestinavit
492 4721 527 4776 ad
542 4736 669 4792 paenam,
680 4726 709 4776 et
724 4721 759 4776 ad
774 4736 875 4776 eoram
893 4722 1016 4777 salutem
1070 4727 1180 4790 unctor,
1198 4722 1237 4777 ita
1251 4739 1304 4777 nec
1322 4725 1554 4795 predestinator.
1581 4727 1643 4782 Non
1664 4726 1742 4781 enim
1766 4730 1920 4797 peccatum

172 4826 246 4882 quos
259 4809 382 4881 benigne
397 4808 612 4879 predestinavit
627 4809 661 4864 ad
678 4806 826 4880 gratiam]
1070 4826 1103 4865 er
1121 4811 1178 4865 lieo
1198 4815 1250 4877 est,
1265 4812 1314 4867 sed
1331 4829 1365 4868 cx
1380 4813 1504 4869 diabolo.
1521 4818 1613 4886 Atque
1629 4820 1782 4887 propterea
1797 4831 1920 4872 suorum

207 4900 277 4955 ltem
292 4898 324 4953 in
340 4898 414 4953 libro
434 4902 536 4970 quarto
554 4897 588 4953 de
605 4897 711 4952 Natura
734 4900 762 4951 et
781 4896 897 4968 Origine
913 4896 1017 4951 anime
1071 4914 1191 4971 operum
1221 4916 1286 4971 quoe
1310 4902 1355 4957 vel
1377 4902 1602 4959 misericorditer
1624 4903 1752 4975 respicit,
1781 4904 1828 4959 vel
1840 4906 1921 4975 jaste

170 4985 401 5044 advinee‘ntium
432 4987 575 5041 Victorem
590 4985 650 5057 (lib.
678 5001 716 5051 u,
743 5001 803 5054 cup.
831 4984 893 5056 lt):
924 4984 1019 5058 [ausit
1070 4987 1163 5058 punit,
1180 4984 1398 5058 praedestinator
1426 4995 1491 5045 est:
1518 5008 1620 5047 eorum
1649 4997 1746 5046 autern
1763 5000 1839 5063 ,quse
1859 5009 1922 5047 non

171 5071 250 5127 enim
266 5071 320 5126 hoc
330 5070 429 5124 volens
443 5070 563 5137 diluere,
580 5068 724 5137 utdicam,
741 5084 805 5139 qaas
819 5068 881 5139 ipse
897 5069 1016 5125 dixisti:
1072 5076 1230 5147 egit,sicut
1260 5077 1363 5133 vindex
1387 5085 1439 5146 est,
1473 5080 1513 5134 ite
1538 5081 1759 5151 predestinator
1778 5096 1838 5135 non
1864 5086 1922 5136 est.

171 5160 253 5224 Quod
269 5159 364 5214 anima
376 5175 428 5229 per
441 5173 556 5214 carnem
574 5156 722 5224 meruerit,
738 5156 894 5229 inquinari,
915 5163 942 5213 et
957 5175 1019 5213 esse
1072 5164 1185 5220 ltenrin
1201 5165 1275 5220 libro
1291 5165 1403 5221 decimo
1417 5167 1517 5238 quinto
1534 5170 1569 5224 de
1592 5168 1711 5225 civitate
1735 5168 1806 5224 Dei:
1825 5168 1925 5242 [Arbi-

171 5248 322 5318 peccatrix,
338 5247 451 5302 nnllam
473 5246 581 5300 babens
597 5249 663 5300 onte
686 5252 845 5316 peccatum,
867 5262 925 5317 quo
943 5252 1018 5302 recte
1071 5259 1134 5308 trer
1148 5269 1201 5308 nos
1214 5254 1282 5309 satis
1292 5255 1354 5325 jam
1366 5256 1466 5311 iecisse
1477 5257 1590 5329 magnis
1604 5263 1633 5313 et
1647 5257 1825 5313 difficillimis
1843 5275 1926 5330 qaee-

171 5335 202 5390 id
214 5335 352 5390 meruisse
368 5334 479 5390 dicator
496 5350 502 5389 :
517 5337 555 5399 et,
579 5333 656 5404 quod
681 5333 769 5389 etiam
793 5334 856 5388 sine
876 5335 1018 5406 baptismo
1073 5341 1214 5397 stioaibus
1228 5342 1262 5397 de
1276 5343 1363 5398 initio
1377 5345 1420 5398 vel
1435 5345 1471 5401 de
1482 5347 1540 5402 flac
1556 5346 1667 5417 mandi,
1682 5347 1726 5401 vel
1742 5346 1859 5413 animae,
1876 5350 1925 5405 vel

173 5423 326 5496 originalia
339 5426 455 5494 peccata
468 5420 614 5476 solvantur
631 5438 637 5476 :
655 5425 693 5489 et,
712 5422 795 5487 Quod
811 5438 932 5495 regnum
947 5441 1019 5497 quo·
1062 5429 1162 5500 ipsius
1177 5430 1291 5501 generis
1305 5430 1425 5488 hnmani
1441 5449 1448 5490 :
1473 5435 1551 5506 qaod
1564 5435 1595 5489 in
1610 5435 1667 5490 duo
1690 5450 1798 5506 genera
1821 5435 1925 5492 distri·

170 5513 383 5584 queeoelorum
407 5525 464 5564 non
493 5508 642 5581 baptizatis
658 5510 688 5565 iu
704 5512 760 5567 line
782 5512 933 5569 tribuatur.
956 5515 1020 5570 llaec
1073 5515 1203 5586 buimus;
1223 5522 1473 5595 nnuseorumqai
1493 5525 1652 5580 secundum
1670 5523 1831 5592 bominem,
1848 5525 1927 5581 alte-
