3930 6098
646 250 904 309 wsunslnnlsll
926 251 1133 310 padulensis
1152 248 1309 309 uuuscffl

880 530 1085 618 INCIPIT

561 753 655 862 nn
701 753 1110 865 ennnnoun
1161 757 1396 899 uuum

741 996 805 1039 PER
825 995 976 1040 ORDINBM
995 996 1125 1043 DIERUM
1147 997 1219 1042 SEX.

372 1266 409 1307 DE
429 1268 484 1308 UNO
504 1270 534 1308 Π
550 1270 631 1310 TRINO
649 1270 702 1310 nno

289 1365 302 1390 ²
317 1356 454 1428 SImplex,
468 1375 558 1429 pnrns
572 1363 600 1414 et
617 1376 690 1414 nnus

288 1446 397 1500 AEterni
414 1449 496 1501 Pater
511 1452 596 1518 atque

290 1533 416 1588 Summae
432 1532 495 1589 lons
509 1535 655 1590 bonitatis.

290 1622 417 1677 Existens
431 1623 492 1677 sine
506 1623 565 1678 fine

289 1711 349 1765 AEvi
364 1711 576 1784 principioque,

290 1799 441 1855 Concrevit
455 1802 531 1856 Dens
545 1801 643 1857 orbem
657 1818 664 1857 ε

290 1888 382 1943 Verbo
398 1894 634 1958 cunctacresnle,

290 1977 396 2032 Rerum
409 1978 542 2033 machina
554 1985 674 2046 constat,

291 2064 413 2121 Volvens
428 2082 514 2137 quam
531 2071 605 2122 rotat
618 2068 688 2122 aris.

290 2154 345 2207 Par
357 2154 433 2209 Patri
449 2154 621 2227 denuoque,

291 2241 426 2296 Lustrans
437 2242 546 2297 lumine
558 2249 671 2310 cuneta,

291 2329 426 2385 Mundum
443 2330 565 2402 Spiritus
576 2332 679 2404 implet
691 2348 698 2387 t

294 2419 355 2474 Una
365 2424 394 2474 et
407 2419 484 2474 trina
497 2426 623 2491 potestas

292 2506 431 2562 Distinclo
447 2509 622 2577 moderatur,

291 2595 444 2667 Complexa
460 2597 567 2665 omnic,
586 2601 668 2652 nutu.

433 2733 471 2786 De
484 2730 528 2785 die
541 2734 640 2801 primo.

291 2836 386 2890 Prima
402 2836 470 2891 hine
484 2843 574 2893 exstat
588 2839 679 2910 origo,

291 2925 391 2981 Carnis
404 2925 495 2981 libera
510 2942 596 2995 nexu,

291 3013 360 3071 Coeli
377 3017 645 3086 quaeteneteulam‚

291 3104 399 3175 Regem
414 3119 538 3176 queque
550 3104 685 3174 ridendo,

293 3194 398 3264 Legem
410 3208 476 3248 vere
490 3193 605 3248 beatam

291 3281 400 3348 Servat,
413 3281 614 3353 militiamque.

291 3370 362 3423 Vero
376 3369 438 3424 haee
451 3369 561 3424 lumine
571 3370 654 3424 nobis

292 3458 351 3512 Lux
365 3473 380 3511 e
396 3458 474 3512 lente
485 3458 606 3528 perenni

292 3545 434 3599 illustrate
445 3545 565 3615 patescit
580 3561 587 3599 :

292 3634 369 3688 llane
388 3649 451 3705 ques
468 3639 570 3705 sponte
585 3634 701 3707 reliquit

291 3724 369 3790 Pars,
384 3723 454 3778 dum
467 3739 540 3778 crees
550 3724 689 3795 superbit,

976 1260 1000 1312 Α

293 3812 379 3866 Nocte
394 3812 457 3867 brec
471 3812 570 3868 horret
583 3817 613 3868 et
628 3813 755 3869 umbris:

294 3900 433 3954 Discernit
447 3900 495 3956 sed
511 3906 663 3973 utramque

293 3989 439 4060 Regnator
452 3991 536 4058 Deus,
552 3990 641 4062 inque

292 4077 399 4148 Dignos
413 4077 541 4148 dispurst
550 4083 639 4133 ortus.

294 4166 358 4219 llaec
368 4165 531 4235 spernenda
545 4166 651 4221 luroris

293 4254 376 4306 Virus
392 4253 586 4326 nequitiaeqne

293 4341 380 4396 Caecis
396 4342 566 4397 mortalibus
580 4342 675 4399 addit:
740 4363 749 4382 ⁴

294 4430 364 4485 Vitre
379 4434 422 4484 est
436 4431 486 4486 illa
499 4430 603 4500 beuter,

293 4519 469 4591 virtutisque
479 4520 612 4591 benignae

293 4607 404 4662 Sensim
417 4608 526 4680 spargit
539 4624 678 4667 amorem.

293 4697 353 4751 Idox
368 4697 472 4752 ooelum
488 4699 560 4753 Deus
575 4699 676 4760 altum.

295 4785 472 4858 Informique
484 4787 589 4841 creavit

295 4875 414 4930 biersam
430 4875 556 4946 pondere
567 4880 684 4942 terram,

293 4963 363 5028 Quae
378 4979 516 5035 magnum
532 4964 684 5035 perinane

295 5051 377 5107 Lucis
391 5067 509 5105 munere
524 5051 662 5122 primum,

296 5138 384 5194 Undis
401 5144 485 5205 tecta,
498 5143 617 5192 careret.

295 5227 344 5281 His
358 5232 489 5282 concreta
500 5225 619 5281 luerunt.

294 5315 371 5386 lgnis
384 5315 495 5370 semiue
510 5314 585 5386 puri,

295 5403 447 5476 Siccusque
460 5403 532 5458 acris
546 5403 660 5459 humor.

153 5555 166 5580 ¹
184 5547 306 5602 bletrum
321 5547 518 5604 ierecraticnm
531 5547 705 5603 trimetrum.

1192 1259 1300 1328 Nempe
1315 1256 1360 1311 liis
1375 1260 1476 1311 cuncta
1491 1255 1594 1310 coactis

1188 1346 1278 1400 Sensu
1295 1361 1415 1416 corpora
1429 1344 1508 1398 nullo

1188 1434 1322 1489 Alllelore
1336 1437 1497 1488 moventur.

1319 1562 1357 1615 De
1369 1560 1413 1614 dic
1426 1559 1552 1614 amande.

1190 1665 1258 1721 coeli
1273 1666 1340 1720 hine
1354 1665 1487 1737 proxima
1500 1665 1584 1720 terris

1190 1756 1259 1810 Pars
1273 1760 1316 1810 est
1326 1754 1450 1821 condita,
1465 1754 1548 1808 tetris

1189 1844 1271 1915 Saepe
1285 1843 1407 1898 obnoxia
1421 1843 1526 1899 furnis.

1190 1934 1279 1989 Undae
1295 1948 1420 2004 namque
1435 1947 1570 2003 supernus

1190 2022 1391 2092 Telluremque
1406 2025 1546 2091 legentes,

1189 2112 1291 2166 Juncta
1306 2110 1381 2164 mole
1396 2109 1527 2163 ruebant.

1191 2201 1247 2256 Hes
1261 2200 1337 2253 iuter
1350 2201 1424 2254 Deus
1438 2202 1538 2252 auctor

1191 2288 1328 2344 Firmavit
1341 2286 1508 2342 nebulosam

1189 2377 1336 2449 Sphaernm
1351 2376 1581 2446 nubiferamque.

1191 2468 1255 2520 llaec
1268 2466 1310 2521 vis
1326 2480 1429 2536 nempe
1445 2462 1583 2534 liquentis

1190 2555 1384 2624 Undsntisque
1394 2552 1539 2619 elementi,

1190 2643 1259 2698 Coeli
1274 2646 1415 2713 temperat
1428 2642 1519 2713 ignes.

1345 2771 1380 2823 De
1392 2767 1436 2822 die
1449 2769 1539 2823 tertio.

1192 2877 1248 2930 ileo
1262 2890 1297 2929 ex
1312 2873 1413 2928 ordine
1423 2873 1540 2928 demum

1192 2962 1322 3018 Formosi
1336 2966 1414 3016 sator
1428 2960 1506 3015 orbis

1191 3052 1278 3108 Undis
1289 3068 1356 3106 erre
1366 3050 1469 3106 retexit
1480 3065 1487 3116 ;

1190 3142 1307 3212 Magnos
1319 3140 1408 3211 inque
1424 3143 1536 3193 meatus

1192 3230 1276 3285 bloles
1291 3245 1388 3296 sparsa
1400 3227 1526 3283 fluentis.

1191 3320 1304 3384 Fontes,
1320 3316 1451 3382 llnmina,
1468 3315 1533 3375 rivi,

1191 3407 1296 3477 Stagna
1309 3411 1338 3460 et
1351 3404 1478 3459 maxima
1493 3404 1564 3475 ripis

1189 3495 1251 3549 llox
1266 3494 1399 3550 distincte
1414 3497 1557 3547 mearunt.

1191 3585 1286 3639 Tellus
1304 3583 1381 3638 nuda
1395 3587 1513 3653 repente

1191 3674 1323 3728 Formam
1338 3673 1402 3726 laeta
1418 3671 1559 3725 virentem

1191 3761 1311 3816 Frondis
1328 3761 1431 3815 comsit
1447 3760 1576 3814 bonore:

1191 3850 1282 3905 Arbor
1300 3850 1409 3904 semina
1428 3863 1563 3920 quaeque,

1192 3940 1286 3994 Foetus
1301 3938 1391 3992 herbe
1407 3937 1523 4002 sativos,

1191 4027 1283 4082 Verbo
1298 4030 1419 4098 urgente
1433 4028 1576 4079 crearunt.

1342 4152 1378 4205 lle
1391 4149 1435 4204 die
1451 4152 1559 4218 quareo.

1192 4258 1266 4313 Neve
1282 4258 1343 4313 haec
1355 4262 1457 4311 cuncta
1470 4260 1601 4311 carerent

1191 4346 1262 4401 (lero
1275 4346 1346 4401 lucis
1361 4346 1481 4412 honore,

1191 4434 1376 4506 SpirantIque
1388 4433 1492 4500 calore,

1191 4523 1264 4579 Solis
1278 4523 1411 4578 conditor
1425 4522 1533 4589 ignem,

1194 4613 1280 4667 Lunae
1291 4617 1320 4665 et
1333 4610 1466 4681 lampada
1482 4609 1575 4676 linxit,

1193 4699 1405 4770 stellarumque
1418 4699 1534 4753 nitores.

1193 4788 1317 4860 Sphoeris
1332 4794 1406 4843 astra
1419 4787 1472 4842 sub
1485 4786 1590 4858 amplis

1194 4878 1259 4931 llaee
1273 4877 1362 4931 inlira
1377 4892 1503 4942 manere,

1195 4967 1261 5021 Huc
1276 4971 1343 5019 sunt
1356 4967 1435 5035 jussa
1451 4963 1571 5030 moveri,

1196 5055 1263 5120 Quae
1280 5054 1362 5108 ennis
1376 5058 1463 5124 atque
1478 5052 1589 5116 diebus,

1194 5145 1295 5215 Signis,
1311 5142 1508 5215 prodigiisque

1194 5230 1363 5292 Praeessent,
1378 5226 1625 5297 temporibusque.

1194 5317 1301 5374 Phoebo
1317 5316 1412 5371 sidera
1427 5317 1462 5371 ab
1478 5331 1536 5369 uno

1197 5408 1305 5464 Lumen
1320 5411 1420 5460 cuncta
1431 5408 1594 5476 capessunt.
