3930 6098
371 227 565 328 annianus
583 268 708 326 ronan.
730 268 892 325 errentur.
910 299 944 307 -
956 266 1097 324 uorrrn
1117 266 1315 324 msromas.
1665 269 1718 323 ree

85 404 172 458 eroes
192 402 376 471 presbyteros,
392 404 462 456 sicut
478 416 525 468 eqo
541 401 591 455 titt
606 400 730 471 disposui
748 399 814 471 (Tit.
834 403 985 466 avocans,
1008 403 1106 471 posteo
1135 391 1251 454 eosdem
1284 399 1432 471 episcopos
1457 398 1568 454 dixerit.
1595 400 1625 456 si
1654 400 1718 471 quis

85 488 114 545 ui
135 490 228 560 quatis
254 489 404 560 presbyter
427 488 530 545 debeat
545 488 683 556 ordinari,
700 489 815 551 ileon
871 489 932 543 ruit
951 487 1078 559 recipere
1102 487 1264 558 epistotam,
1288 503 1353 559 ques
1375 488 1428 541 sub
1449 488 1567 542 nomine
1587 487 1670 543 Penii
1684 487 1719 543 ad

85 578 156 634 utus
174 566 328 643 disserens,
355 578 407 632 hoc
422 583 464 631 est
480 593 487 632 :
503 578 533 633 Si
549 581 611 644 quis
636 582 751 633 estsine
765 584 817 633 arn·-
872 576 1006 631 Hebraeos
1030 577 1135 648 scripta
1162 583 1213 643 est,
1230 584 1258 630 at
1286 576 1326 630 itii
1349 576 1499 648 aqualiter
1521 577 1598 631 inter
1620 578 1718 648 piures

85 670 154 722 artus
173 671 268 720 naara
296 671 348 728 vir,
367 672 419 721 etc.
445 665 677 720 Posteaintuiit:
705 666 817 735 Oportet
870 665 1003 720 Ecclesiae
1018 663 1243 719 cursdividitur.
1255 665 1404 736 Siquidem
1420 665 1454 720 nd
1471 665 1584 736 plebem
1599 666 1716 720 scribit:

85 758 206 823 mum
219 759 277 809 stne
292 758 403 810 erantne
418 770 484 821 esse,
495 759 627 822 tanquam
640 758 690 810 Dei
704 755 816 825 disprn·
870 756 965 808 Parete
980 754 1154 824 principibus
1177 756 1275 808 vestris
1288 757 1313 807 et
1327 753 1443 822 subjecti
1457 758 1538 809 estote
1555 769 1561 809 :
1578 756 1635 824 ipsi
1647 756 1719 808 enim

85 882 87 891 »
113 841 208 914 (Item,
235 847 271 913 6).
296 844 372 898 idem
397 848 440 898 ast
469 860 538 913 ergo
581 843 729 915 presbyter
766 841 816 914 qni
870 846 934 897 sinit
959 844 1009 912 qui
1036 842 1155 910 cipitant
1182 857 1233 912 pro
1268 841 1412 896 animabus
1440 844 1549 908 uestris,
1586 844 1719 896 rationem

85 946 128 999 us,
149 937 177 985 et
195 936 348 1002 antequam
371 931 478 986 diaboti
507 931 643 986 instinctu
670 932 764 987 studia
787 932 816 986 in
870 931 1022 997 reddentes,
1046 937 1072 986 et
1085 947 1118 985 ne
1126 933 1295 1001 suspirantes
1309 932 1356 984 too
1377 932 1485 996 sociarit
1502 945 1509 984 :
1525 930 1719 999 siquidemtioe

85 1036 108 1075 te
123 1019 234 1087 tierent,
260 1023 289 1074 st
314 1020 458 1074 diceretur
481 1020 511 1073 in
532 1021 646 1090 populis
663 1022 815 1089 :tipasam
870 1019 936 1072 utile
957 1019 1034 1073 uotis
1053 1024 1092 1074 est
1114 1019 1204 1091 (Hebe.
1217 1035 1277 1089 uin,
1299 1017 1352 1088 Π).
1370 1018 1405 1072 Et
1420 1019 1521 1072 Petrus
1536 1015 1586 1088 qui
1601 1033 1637 1072 ex
1650 1016 1718 1072 fidei

93 1124 142 1176 epo
160 1109 271 1179 Apollo,
301 1125 348 1177 rao
373 1112 463 1162 autem
490 1109 586 1179 Cupite
616 1109 641 1177 (i
668 1111 727 1164 Cor.
753 1109 815 1174 ιιι),
871 1105 1006 1161 firmitate
1032 1109 1141 1179 aceepit
1164 1123 1282 1174 nomen,
1306 1106 1334 1161 in
1362 1105 1482 1177 epistola
1507 1120 1559 1158 sire
1584 1104 1718 1175 ttoqnitnr

88 1195 119 1250 ni
142 1196 375 1268 presbyterorum
391 1197 511 1252 consitio
529 1197 657 1251 Ecclesia
671 1197 816 1267 guberna·
872 1195 968 1249 dicens
984 1214 992 1251 c
1010 1197 1258 1264 nocturnorum
1273 1196 1389 1250 innotis
1408 1195 1524 1260 obsecro,
1550 1193 1717 1263 campreste·

102 1284 255 1355 Postquam
276 1301 343 1339 roro
358 1286 557 1357 unrisqnisque
573 1302 706 1357 eosquos
722 1286 817 1356 bapti·
871 1288 920 1348 ter,
937 1290 963 1338 et
983 1286 1057 1338 testis
1070 1285 1173 1340 Christi
1181 1287 1349 1354 passionum,
1366 1287 1414 1352 qui
1428 1282 1526 1352 atejus
1541 1284 1645 1351 pieria,
1661 1297 1721 1351 qua

95 1373 214 1442 pietatm
238 1388 315 1437 scios,
332 1389 389 1426 ncin
417 1374 531 1435 Christi,
548 1375 576 1426 in
606 1379 666 1428 tato
683 1374 816 1428 nrbede·
870 1373 900 1425 in
921 1374 1047 1439 futurum
1069 1371 1215 1426 reicienda
1234 1376 1283 1437 est,
1308 1374 1396 1427 socius
1424 1387 1504 1427 sum:
1529 1373 1634 1440 pascite
1658 1385 1719 1425 eum

95 1465 149 1522 est,
167 1466 198 1512 nt
214 1476 288 1514 tirius
303 1461 338 1513 de
360 1461 533 1531 presbyteris
550 1461 658 1516 eiectus
674 1478 814 1532 superpo·
872 1463 921 1530 qui
938 1463 967 1514 ia
987 1462 1059 1515 uotis
1075 1465 1114 1516 est
1131 1476 1239 1527 proaem
1258 1462 1371 1525 Domini,
1385 1477 1438 1515 nori
1460 1462 1541 1529 qnasi
1555 1475 1615 1513 cum
1629 1474 1720 1514 rieees·

85 1547 221 1616 ceneris,
244 1548 280 1602 ad
302 1564 388 1619 quem
404 1550 499 1603 omnis
520 1565 588 1604 cora
605 1550 734 1605 Ecclesia
750 1567 817 1621 per·
871 1551 961 1614 ritate,
979 1548 1027 1602 sed
1038 1550 1225 1619 uolaritarieti
1235 1551 1306 1604 Petr.
1333 1565 1359 1616 v,
1377 1547 1413 1618 t).
1430 1550 1673 1618 animosiores,
1690 1553 1720 1601 nt

109 1641 138 1689 et
166 1636 351 1692 schismatum
384 1639 496 1692 semina
527 1639 705 1693 tollerentur.
735 1640 817 1693 Putat
873 1637 1091 1693 ostenderemus
1108 1638 1184 1707 apud
1206 1643 1314 1692 veteres
1335 1637 1449 1691 eosdem
1467 1636 1554 1689 tuisse
1573 1636 1719 1706 preshyte-

92 1740 150 1778 non
171 1725 393 1796 scripturarum,
412 1727 462 1782 sed
477 1733 605 1782 nostram
621 1743 681 1782 esse
702 1734 817 1782 senten·
838 1700 920 1780 Bros
936 1742 1008 1797 quos
1025 1726 1192 1798 episcopos;
1215 1726 1355 1796 pentatim
1370 1742 1435 1779 vero
1450 1731 1482 1778 ut
1507 1724 1720 1779 dissensionum

87 1814 236 1885 piscopnm
248 1819 277 1868 et
292 1816 490 1886 presbyterum
510 1832 598 1870 unnim
610 1832 684 1884 esse,
699 1822 727 1870 et
740 1816 819 1871 eliud
874 1815 1016 1885 plantaria
1031 1807 1232 1881 evetterentur⁹
1253 1815 1286 1869 ed
1304 1831 1393 1868 unioni
1408 1829 1524 1867 omnem
1551 1812 1719 1866 solticitudi-

91 1901 169 1955 otiud
186 1917 247 1955 esse
263 1916 368 1955 nomen
386 1904 492 1957 oflicii?
508 1903 627 1974 Relegat
641 1904 769 1973 Apostoli
783 1904 817 1958 ad
874 1919 940 1957 nem
951 1918 1012 1959 esse
1027 1903 1160 1958 delatam.
1178 1904 1256 1960 Sicut
1271 1920 1340 1974 ergo
1357 1901 1516 1974 presbyteri
1532 1901 1627 1954 sciunt
1647 1916 1721 1954 sees

86 2004 170 2042 enses
196 1991 283 2044 verba
300 1992 445 2046 dicentis:
476 1995 580 2048 Pontus
603 1997 629 2048 et
656 1993 818 2049 Timotheus
873 1992 1004 2047 Ecclesiae
1031 1992 1238 2047 consuetudine
1261 1991 1288 2046 ei
1302 1991 1352 2061 qni
1367 1990 1421 2044 sibi
1446 1989 1614 2061 prepositus
1635 1988 1722 2042 fuerit

85 2078 156 2131 tristi
169 2078 248 2143 Jesu,
264 2079 387 2133 omnious
403 2083 506 2135 sanetis
521 2083 551 2134 in
564 2081 675 2135 Christo
688 2083 758 2135 Jesu
770 2084 819 2152 qui
871 2096 932 2135 esse
948 2080 1104 2153 subjectos;
1123 2081 1161 2133 ita
1185 2079 1311 2150 episcopi
1335 2078 1467 2132 noverint
1483 2095 1512 2130 se
1536 2076 1627 2147 niegis
1651 2091 1720 2130 con·

85 2164 819 2237 ttippiscnmepiscopisetdiaconisetqratinaobiset
872 2169 1024 2223 suetudine
1054 2185 1141 2238 quern
1170 2167 1368 2238 dispositionis
1410 2165 1566 2220 Dominicis
1602 2165 1721 2218 veritate

85 2252 329 2323 retiquatPtiiiip.
347 2272 365 2318 ι,
385 2257 420 2322 t).
445 2257 571 2328 Philippi
594 2274 651 2312 rina
675 2264 719 2312 est
748 2259 818 2313 urbs
872 2257 1046 2329 presbyteris
1064 2275 1125 2312 esse
1155 2259 1289 2325 maiores,
1315 2263 1344 2310 et
1376 2257 1405 2309 in
1433 2269 1585 2310 commune
1615 2253 1720 2307 debere

85 2340 149 2405 nise,
165 2346 277 2396 etcerts
292 2342 324 2395 in
339 2358 395 2396 une
407 2343 520 2399 civitate
537 2346 642 2416 plnres,
661 2352 691 2400 nt
705 2362 815 2400 nuncu·
872 2347 1025 2401 Ecclesiam
1038 2363 1147 2418 regere,
1164 2347 1311 2402 imitantes
1333 2346 1457 2416 iiioysen,
1477 2343 1616 2415 quicum
1633 2341 1721 2396 truhe-

88 2429 215 2500 episcopi
231 2446 291 2484 esse
307 2446 366 2484 non
382 2437 527 2502 poterant.
543 2434 598 2489 Sed
614 2434 684 2505 qnia
700 2435 815 2489 eosdem
870 2439 914 2488 ret
925 2435 954 2488 in
968 2440 1109 2505 potestate
1119 2435 1197 2488 sotus
1210 2449 1332 2504 preesse
1349 2432 1454 2504 populo
1479 2431 1576 2498 lsrael,
1602 2436 1720 2501 septua-

85 2533 116 2571 os
130 2518 179 2571 itto
207 2518 237 2572 in
254 2525 380 2589 tempore
396 2536 469 2591 qnos
484 2523 665 2593 presbyteros
684 2524 813 2593 appella·
868 2524 950 2596 ginta
964 2524 1051 2595 etegit
1064 2539 1129 2578 oum
1139 2524 1245 2594 quibus
1256 2521 1555 2595 populumjudicaret.
1565 2519 1720 2576 Videamus

85 2614 224 2678 iropterea
250 2609 447 2664 indifferenter
475 2611 510 2665 de
547 2612 688 2684 episcopis
734 2614 814 2684 quasi
869 2613 958 2683 igitur
973 2614 1066 2685 quetis
1080 2614 1227 2684 presbyter
1249 2613 1308 2667 sire
1321 2613 1471 2682 episcopus
1483 2609 1659 2664 ordinandus
1672 2609 1719 2663 sit.

85 2696 141 2749 sris
155 2703 197 2750 est
222 2698 343 2753 loeutus.
370 2700 472 2753 Adhuc
495 2700 581 2753 alicui
610 2701 663 2755 hoe
688 2701 815 2755 rideatur
868 2701 899 2757 Si
918 2704 981 2771 quis
995 2708 1035 2758 est
1057 2706 1117 2758 sine
1136 2705 1259 2769 crimine,
1286 2703 1368 2756 arrius
1382 2702 1482 2768 ¹sinaris
1500 2701 1555 2765 uir,
1577 2699 1648 2767 titios
1667 2698 1721 2752 m-

85 2799 145 2849 urn,
162 2785 217 2838 nisi
240 2787 330 2840 ettero
351 2787 516 2842 testimonio
542 2790 755 2859 comprobetur.
783 2790 814 2843 ln
869 2792 931 2847 bens
951 2793 1058 2860 adeum
1083 2807 1137 2846 non
1171 2793 1201 2844 in
1223 2791 1396 2844 accusatione
1419 2787 1551 2852 waurin,
1590 2791 1720 2844 autnon
1805 2864 1810 2869 η

97 2875 292 2943 apostolorum
308 2875 445 2947 seriptum
462 2880 505 2928 est
522 2879 597 2946 tuat.
614 2878 720 2948 andi),
738 2878 813 2948 qnod
867 2880 1001 2935 subditos.
1024 2881 1134 2949 Oportet
1158 2882 1229 2933 sitim
1249 2880 1405 2947 episcopum
1440 2880 1499 2931 sine
1521 2877 1718 2939 ariminense,

85 2960 324 3033 nissetapostoius
338 2964 443 3018 Paulus
453 2965 592 3032 Miletum,
603 2966 714 3020 miserit
727 2967 814 3037 Ephe·
835 3001 855 3057 C
872 2973 1004 3036 tartonam
1016 2970 1063 3023 Dei
1077 2968 1302 3035 dispensatorem,
1319 2968 1348 3019 et
1361 2966 1474 3035 ratique
1489 2966 1555 3028 (Tit.
1573 2978 1591 3030 1,
1609 2962 1646 3031 6).

84 3054 95 3104 t
131 3051 272 3105 vocaverit
294 3052 477 3123 presbyteros
511 3054 640 3124 ejusdem
674 3056 816 3122 Ecclesiae,
907 3056 937 3111 Si
949 3062 1043 3110 arctam
1067 3055 1269 3109 controversia
1289 3053 1402 3107 fortuna
1430 3053 1483 3106 iste
1506 3052 1592 3106 alicui
1615 3048 1718 3121 displi-

96 3143 197 3206 postee
225 3138 301 3193 inter
328 3141 483 3195 cnterasit
511 3144 648 3198 locutus:
675 3145 818 3198 Attendite
873 3145 995 3211 suerint,
1011 3161 1069 3200 non
1091 3142 1276 3215 snperoiiiuni
1301 3141 1423 3195 tumoris
1438 3139 1542 3196 Christi
1556 3142 1719 3209 imputetur

85 3228 182 3279 tornai
193 3230 280 3295 prepi,
302 3230 331 3281 in
357 3244 409 3297 quo
432 3231 615 3298 susspirans
636 3238 746 3287 sanctus
765 3249 816 3302 po·
870 3231 1042 3299 vernaculis,
1067 3232 1136 3303 quin
1150 3247 1207 3285 non
1226 3229 1386 3285 evidentior
1404 3229 1434 3283 in
1451 3229 1570 3299 pretate
1585 3225 1716 3297 proposi-

85 3328 172 3382 scopos
186 3331 296 3382 pascere
316 3319 464 3372 Ecclesiam
491 3319 551 3386 Dei,
572 3335 655 3388 quarn
670 3324 816 3389 acquisivit
871 3320 949 3375 tione
963 3321 1057 3390 potuit
1074 3320 1197 3374 inveniri
1214 3317 1359 3390 responsio
1382 3317 1539 3384 rationalis,
1555 3332 1620 3387 quae
1636 3314 1716 3369 ride·

85 3417 172 3457 esua
199 3404 297 3474 (itta,
330 3405 385 3476 28).
421 3408 453 3461 ut
490 3407 537 3461 hic
562 3408 746 3480 diligentins*
764 3410 815 3465 ob·
869 3410 935 3464 iicet
947 3409 1130 3482 prestantior
1143 3416 1217 3464 osset
1231 3408 1401 3463 auctoritate
1417 3405 1555 3462 docentis.

102 3495 249 3562 quomodo
262 3494 347 3549 unius
363 3495 484 3551 civitatis
504 3497 613 3567 {Ephesi
635 3496 815 3569 presbyteras

644 3818 730 3863 ANNO
753 3818 867 3864 nomint
891 3818 1039 3864 ncctxxt.

493 3983 1191 4124 HERARDUS

207 4229 725 4336 canonensis
776 4230 1481 4337 nnaalneiscoens

361 4549 558 4624 NOTITIA
592 4549 849 4625 HISTORICA
879 4551 941 4624 EX
969 4550 1104 4626 GALL.
1134 4549 1319 4624 CHRIST.

771 4745 915 4758 a*

85 4904 147 4944 rous
175 4889 342 4961 designatur
365 4892 598 4965 archiepiscopus
638 4894 691 4948 sub
735 4909 811 4948 anno
833 4896 914 4950 oen.
932 4896 994 4960 tui,
1009 4898 1038 4948 et
1052 4891 1252 4949 suessionensi
1267 4909 1306 4961 nr,
1324 4910 1369 4948 an.
1390 4893 1525 4958 tutona
1540 4894 1600 4947 ioco
1614 4892 1644 4947 in
1659 4892 1716 4964 epi·

85 5004 86 5011 ,
113 4961 250 5014 asseritur
264 4962 294 5016 in
321 4963 464 5018 breviario
487 4965 680 5034 capitulorum
704 4965 813 5036 qnaein
867 4965 939 5018 stota
964 4964 1098 5035 synodice
1119 4964 1320 5034 episcoporum
1348 4965 1382 5018 ed
1408 4965 1554 5018 Nicolaum
1570 4978 1716 5018 summum

99 5032 136 5085 ab
151 5033 285 5086 omnibns
306 5034 397 5104 ipsius
413 5037 546 5105 paroecies
572 5037 765 5090 sacerdotibus
786 5042 815 5091 et
868 5035 1030 5106 qmntiiicem
1048 5041 1246 5089 memorantur
1264 5036 1424 5090 Brittonum
1449 5037 1479 5089 in
1498 5034 1646 5105 provincia
1660 5033 1716 5088 Tu·

85 5109 214 5183 'tenende
228 5104 380 5159 ordinavit.
397 5107 436 5162 Da
452 5107 496 5160 iiis
518 5107 626 5161 inentia
646 5107 769 5162 trabatur
785 5108 813 5161 in
867 5107 966 5161 ronicu
979 5107 1161 5161 excursiones
1177 5123 1184 5160 :
1200 5125 1213 5157 a
1232 5107 1370 5169 Vestrum,
1390 5106 1532 5175 siquidem
1548 5121 1605 5158 non
1629 5109 1717 5159 tatere

84 5188 108 5225 ss
134 5172 333 5230 vindocinensi
358 5181 386 5231 et
411 5177 597 5242 tintteecensi,
624 5178 701 5248 qnod
715 5178 814 5244 {serius
868 5177 1053 5232 beatitudinis
1068 5177 1265 5232 excellentiam
1289 5177 1432 5241 novimus,
1455 5176 1600 5231 dioecesim
1622 5175 1717 5230 Turo-

84 5242 179 5297 ionem
195 5245 312 5300 iterardi
329 5247 455 5318 assignet
469 5249 521 5302 sub
543 5264 589 5302 en.
616 5248 678 5303 858.
701 5249 813 5304 Consti·
868 5249 962 5303 uicum
973 5248 1138 5302 austeritate
1153 5248 1323 5314 Brittonum‚
1340 5247 1481 5300 diutinae
1497 5262 1547 5300 suu
1563 5251 1655 5300 metro
1696 5246 1717 5301 li

85 5314 278 5384 oncitioapud
301 5316 473 5387 saponarias
481 5319 569 5387 judex
585 5319 616 5372 in
632 5319 730 5374 libatio
745 5335 812 5390 pro·
867 5319 1007 5373 divulsam
1027 5320 1201 5389 penitusque
1227 5318 1372 5373 discissam
1390 5334 1396 5371 :
1414 5318 1453 5370 itu
1474 5324 1514 5377 ut.
1539 5318 1616 5387 picot
1640 5316 1648 5370 i
1670 5333 1716 5372 em

85 5384 149 5438 onis
173 5385 265 5440 Caroli
290 5389 366 5459 regis
393 5390 529 5444 adversas
553 5391 730 5458 Venitonem‚
764 5394 812 5447 Se·
866 5390 1023 5443 'turonicus
1039 5389 1278 5460 metropolitanas
1289 5388 1439 5455 Heremias,
1453 5390 1618 5459 pariterque
1630 5389 1716 5443 Narn-

85 5470 126 5534 ern
148 5456 408 5528 arehiepiscopum,
432 5477 478 5515 an,
495 5462 563 5528 859;
582 5462 629 5515 cui
652 5462 813 5515 commoni·
867 5461 977 5515 neticns
997 5461 1134 5515 tetardus
1161 5460 1304 5529 frequenti
1332 5458 1477 5527 indagine,
1496 5474 1608 5513 necnon
1628 5460 1716 5514 etiam

87 5526 196 5596 dirigit,
213 5530 448 5603 subscriptusqne
463 5531 587 5588 hahetur
605 5532 635 5587 in
648 5531 812 5600 tuciacensi
867 5532 896 5586 io
919 5533 1066 5603 praemissa
1078 5531 1259 5588 suessionica
1271 5529 1380 5601 synodo
1394 5528 1521 5587 eiideuti
1535 5534 1622 5603 atque
1642 5533 1717 5587 mol·
