3930 6098
114 292 162 348 35)
235 300 236 304 ’
654 286 915 345 cottnsottttct
934 286 1150 345 obunctusts
1169 288 1324 346 llONAClll
1814 291 1870 347 352

113 425 247 481 totitotem
279 425 305 492 (l
334 422 404 477 Tim.
434 437 471 487 vr,
504 419 557 488 to),
587 418 615 475 id
647 423 690 474 est
717 419 961 474 incommutabili·
979 424 1002 475 A
1017 426 1095 474 ratus
1119 424 1158 474 est
1184 421 1326 488 Dominus,
1346 418 1461 490 impium
1481 435 1586 491 quoque
1609 421 1647 476 od
1671 422 1743 476 diem
1763 423 1867 478 molum

111 519 220 579 tatem;
244 511 319 581 opud
334 525 413 579 quem
429 510 473 578 (ut
486 509 523 563 ab
546 509 603 563 alio
619 508 810 564 nihilominus
826 509 962 563 asseritur
1015 510 1106 576 (Pron.
1121 525 1179 575 xvi,
1197 510 1247 577 tt).
1265 509 1297 564 ln
1318 508 1390 563 libro
1407 525 1523 581 quoque
1538 509 1730 564 Ecclesiastico
1753 511 1794 565 ita
1819 510 1867 565 di-

113 600 254 674 apostolo)
283 614 336 653 non
363 603 403 653 est
436 599 640 666 transmutatio,
667 613 726 669 ¹nec
761 598 961 653 vicissitudinis
1015 599 1103 652 citur:
1119 599 1171 664 Qui
1185 597 1420 665 trunspredituro
1437 598 1551 667 justitio
1570 599 1768 668 odpcccutum,
1792 601 1866 654 Deus

110 689 280 746 obumbratio
307 686 376 757 (Juc.
408 687 508 755 ult),
525 685 616 758 liquet
631 701 748 757 prorsus
762 685 918 754 evidenter,
933 689 962 741 et
1011 694 1125 757 puruutt
1141 687 1272 742 itiumod
1293 688 1468 757 rhompheam
1484 687 1580 758 (ticeli.
1609 704 1684 754 xxvi,
1710 689 1767 759 ii),
1788 688 1866 760 quod

110 776 198 831 cuivis
212 791 315 830 senum
331 774 454 847 sapienti
476 777 565 830 claret
589 775 710 829 omnino
733 774 801 828 satis
816 779 959 845 potenter,
1013 777 1142 848 prolecto
1167 776 1203 831 ds
1226 775 1417 847 reproborum
1440 777 1548 846 populo
1575 776 1798 848 intelligendum
1825 781 1868 831 est

110 864 257 936 proescisse
285 870 314 919 et
341 863 560 935 praedestinasse
590 869 618 918 te
652 879 729 926 mox,
759 863 867 934 absque
901 864 960 918 ullo
1014 880 1075 919 esse
1093 864 1428 920 dictnmlantummodo.

109 952 218 1008 scilicet
245 953 406 1018 intervallo,
436 957 466 1006 nt
492 957 557 1024 pote
585 953 671 1007 simul
705 957 735 1007 et
760 953 859 1021 semel,
894 957 960 1007 ante
1051 954 1120 1010 llinc
1132 953 1278 1007 etiamlob
1292 953 1351 1008 ait:
1368 955 1539 1022 Interropote
1553 954 1697 1023 quemlibet
1725 954 1758 1008 de
1779 955 1868 1008 uiato-

109 1042 213 1096 srccula
254 1048 312 1096 tam
355 1049 456 1096 cuncta
495 1057 583 1112 quam
621 1041 734 1111 singula
770 1056 857 1112 opera
892 1044 958 1096 tue:
1013 1042 1099 1109 ribus,
1119 1047 1144 1096 et
1163 1041 1320 1096 baeoeodem
1335 1042 1412 1095 ilium
1435 1042 1586 1107 intetttnere
1606 1045 1785 1109 cognoscetis,
1802 1045 1869 1111 quio

109 1131 217 1202 quippe
233 1130 282 1200 qui
296 1131 377 1201 juxta
393 1130 468 1202 quod
496 1129 604 1184 dictum
629 1135 672 1184 est
699 1129 734 1183 ab
749 1129 844 1185 isaie:
869 1132 960 1197 secuti
1013 1131 1043 1185 in
1057 1130 1129 1184 diem
1142 1130 1303 1199 perditionis
1318 1131 1551 1197 seruaturmolus,
1571 1135 1597 1184 et
1612 1130 1648 1184 od
1673 1130 1744 1185 diem
1762 1132 1869 1197 furoris

109 1222 343 1290 quaeluturosunt
360 1220 429 1290 (lsu.
445 1236 505 1285 ιιι,
524 1223 567 1286 lt,
578 1218 666 1290 junia
685 1220 778 1288 itt).
1013 1218 1124 1273 ducitur
1138 1219 1198 1288 (iob
1225 1235 1255 1286 u,
1270 1219 1325 1289 29).
1342 1217 1425 1283 Quod
1450 1218 1617 1290 explanator
1644 1218 1733 1290 ipsius
1758 1218 1800 1272 ita
1821 1230 1869 1273 ex·

146 1309 226 1364 Unde
239 1309 325 1364 etiam
341 1309 489 1363 verissime
504 1308 591 1363 David
612 1309 785 1379 prophetam
813 1308 960 1379 sequendo
1014 1307 1094 1379 ponit
1111 1307 1283 1379 Gregorius:
1305 1329 1316 1356 ι
1335 1310 1425 1378 Scope,
1445 1307 1550 1379 inquit,
1575 1308 1625 1362 diu
1639 1307 1735 1362 divine
1754 1306 1868 1379 patien-

109 1400 139 1452 et
155 1398 324 1468 exponendo
343 1397 527 1453 fidelissimus
548 1396 674 1451 famulus
692 1401 759 1450 tuus
783 1396 958 1467 Augustinus
1013 1395 1054 1451 tia
1067 1396 1180 1459 tolerat,
1196 1413 1268 1467 quos
1279 1397 1340 1468 J'atn
1366 1396 1402 1451 ad
1416 1396 1557 1468 supplicia
1585 1397 1716 1467 preescite
1736 1396 1869 1451 condem·

109 1485 151 1540 ita
166 1485 253 1541 dicit:
272 1486 386 1552 «Deus,
402 1485 498 1556 inquit
511 1484 668 1539 secundnm
686 1484 766 1538 illam
783 1485 959 1539 voluntatem
1013 1489 1101 1540 nat.»
1125 1485 1204 1539 Unde
1228 1501 1292 1539 cum
1315 1491 1471 1556 exponeret
1493 1485 1583 1540 illud:
1608 1487 1670 1556 lpse
1699 1485 1778 1540 babet
1802 1501 1869 1538 con-

110 1590 201 1641 snam,
230 1590 295 1644 quae
319 1590 384 1628 curn
407 1576 469 1645 ejus
500 1573 678 1645 praescieulia
708 1572 883 1643 sempiterna
905 1578 957 1639 est,
1012 1573 1344 1640 siliumetsortitudinem
1371 1574 1428 1644 (Job
1451 1591 1499 1642 ιιι,
1517 1573 1725 1645 13),)ιιίιίιιῑιι
1744 1578 1866 1628 cratera:

107 1666 228 1733 protecto
245 1666 274 1718 in
297 1664 361 1719 ooelo
373 1667 399 1718 et
415 1665 444 1719 in
459 1668 532 1718 terro
553 1664 644 1719 omnio
670 1677 843 1732 quaecumque
862 1664 957 1729 uoluit,
1016 1681 1030 1714 e
1046 1664 1141 1717 Potest
1157 1678 1272 1735 quoque
1295 1662 1325 1716 in
1341 1662 1453 1718 consilii
1468 1663 1586 1718 nomine
1611 1663 1673 1733 ipsa
1692 1663 1804 1718 occulte
1820 1663 1870 1733 ju·

109 1767 167 1807 non
185 1752 280 1807 solum
296 1751 442 1822 praeterita
460 1752 504 1805 vel
518 1749 681 1822 pinsentis,
697 1748 847 1805 sedetiam
863 1751 960 1805 lutum
979 1721 999 1776 B
1014 1747 1081 1803 dicii
1097 1764 1178 1803 mors
1192 1747 1318 1818 signari:
1334 1752 1366 1802 ut
1380 1748 1457 1820 quod
1472 1749 1626 1819 aliquando
1650 1747 1759 1802 tardius
1772 1747 1868 1802 delin-

105 1840 167 1910 jum
192 1841 267 1896 lecit.
297 1859 312 1893 n
341 1841 433 1911 Igitur
458 1856 524 1894 cum
551 1838 727 1910 sempiterna
749 1838 796 1905 sit,
828 1839 958 1906 Domine,
1015 1837 1289 1909 quentespercutit,
1313 1837 1465 1909 nunquia
1497 1837 1664 1908 iniquorum
1694 1837 1779 1908 culpa
1812 1853 1869 1892 non

108 1946 175 1984 cum
198 1928 378 2001 praescientia
399 1929 533 1983 voluntas
558 1932 619 1997 tua,
639 1927 712 1981 sicut
739 1927 839 1983 hiceit
861 1932 959 2000 Augu·
1014 1925 1199 1996 conspicitur,
1232 1925 1280 1980 sed
1314 1931 1346 1980 ut
1374 1925 1565 1980 damnationis
1598 1941 1699 1980 eornm
1725 1925 1870 1979 sententia

107 2017 209 2083 stinus,
232 2017 352 2087 etapud
382 2016 622 2088 omnipotentiam
649 2022 729 2070 tuam
762 2016 797 2070 de
825 2017 960 2086 operibns
1014 2030 1080 2085 quoe
1095 2030 1146 2085 pro
1158 2014 1269 2086 agenda
1283 2013 1451 2085 poenitentia
1474 2013 1615 2082 dillertur,
1639 2013 1721 2086 quasi
1742 2013 1825 2068 tarde
1840 2019 1869 2068 et

108 2106 245 2161 duntaxat
258 2107 327 2174 tuis,
345 2105 400 2159 hoc
415 2105 452 2159 sit
467 2105 600 2175 praescire
613 2104 786 2176 quadrello,
803 2106 959 2161 secundum
1013 2103 1133 2158 consilio
1161 2101 1277 2175 prodire
1300 2103 1445 2174 jubeatur.
1477 2102 1558 2168 Quod
1588 2118 1657 2174 ergo
1690 2102 1869 2174 quandoque

110 2192 187 2264 quod
211 2194 246 2249 sd
272 2193 405 2247 eumdem
435 2192 627 2264 Augustinum
652 2193 751 2247 scribit
778 2193 903 2262 Orosius,
932 2199 960 2249 et
1013 2191 1082 2247 loris
1105 2196 1204 2263 aperte
1224 2191 1367 2246 sententia
1383 2191 1501 2262 judicat,
1523 2191 1868 2262 hocepudomnipoten·

107 2281 202 2353 ipsum
225 2297 342 2353 quoque
371 2281 444 2336 velle
467 2286 548 2336 tuum
574 2281 683 2348 iecisse,
709 2281 755 2348 sit,
780 2281 960 2354 juxtelquod
1013 2284 1072 2335 lem
1089 2280 1178 2334 Deum
1190 2287 1257 2334 ante
1273 2278 1376 2332 saecula
1389 2278 1419 2332 in
1432 2278 1551 2333 consilio
1567 2279 1684 2334 latebat.
1704 2300 1714 2328 ι
1733 2279 1866 2350 itemque

107 2370 367 2437 dicitAmbrosins,
392 2369 574 2425 menifestum
598 2374 639 2423 est
655 2370 754 2440 procul
771 2370 857 2425 dubio
874 2371 960 2444 quid·
1014 2383 1177 2439 exponens:
1205 2368 1377 2425 constituisti
1401 2370 1528 2422 terminos
1554 2368 1624 2436 ejus,
1646 2357 1703 2437 aqui
1723 2370 1867 2438 preteriri

107 2459 177 2528 quid
201 2459 277 2514 fores
291 2460 422 2514 futurum
438 2463 480 2513 est
495 2458 524 2513 in
539 2474 637 2529 opere,
655 2460 717 2530 jam
731 2458 837 2514 factum
863 2476 923 2516 esse
944 2478 961 2516 e
1013 2471 1067 2510 non
1079 2460 1208 2527 poterunt
1223 2455 1284 2522 (too
1297 2471 1354 2525 xrv,
1370 2455 1407 2525 5),
1425 2455 1492 2511 dicit
1508 2472 1515 2510 :
1532 2477 1546 2506 n
1574 2457 1656 2511 Nulla
1671 2472 1736 2526 quae
1755 2456 1786 2510 in
1812 2457 1867 2511 hoc

107 2548 181 2602 tein
207 2546 471 2619 predestinatione.
498 2547 580 2616 juxta
604 2548 680 2619 quod
705 2548 803 2617 audet,
834 2554 862 2604 et
881 2549 958 2617 dicit,
1014 2544 1123 2598 mundo
1138 2544 1304 2600 hominibus
1321 2546 1431 2617 absque
1455 2545 1661 2616 omnipotentis
1676 2544 1727 2599 Dei
1751 2545 1864 2599 occulto

107 2637 190 2691 docet
211 2640 237 2690 et
252 2636 361 2703 scribit,
380 2652 454 2707 papa
469 2635 630 2706 Gregorius.
647 2635 728 2691 Absit
744 2653 813 2708 ergo
830 2642 862 2692 ut
885 2638 961 2693 inter
993 2633 1133 2687 -consilio
1157 2633 1285 2689 veniunt.
1306 2634 1379 2690 Nam
1403 2638 1505 2689 cuncta
1530 2635 1604 2688 Deus
1627 2640 1760 2688 secutura
1789 2650 1863 2704 prse-

107 2723 319 2793 praescientiarn
340 2730 369 2778 ct
383 2724 666 2794 praedestinationem
695 2741 816 2796 operum
842 2732 960 2782 tuorum
1013 2720 1106 2775 sciens
1121 2726 1186 2776 aute
1199 2724 1304 2777 saecula
1328 2723 1453 2777 decrevit
1472 2723 1595 2794 qualiter
1611 2738 1661 2793 per
1685 2722 1791 2777 saecula
1805 2721 1863 2776 dis·

109 2812 200 2866 ultum
227 2812 272 2866 uel
299 2811 438 2866 momenti
462 2811 584 2883 quilibet
608 2813 815 2868 catholicorum
844 2823 959 2870 tuorum
1013 2816 1198 2881 ponantur.»
1229 2811 1299 2865 item
1323 2827 1448 2882 expones
1468 2810 1540 2866 illud
1568 2810 1603 2865 de
1629 2810 1742 2880 impiis:
1774 2813 1865 2866 Erunt

107 2900 267 2971 suspicetur
294 2900 477 2956 intervallum
505 2900 613 2955 fuisse:
650 2902 719 2956 dom
763 2903 859 2957 omnia
894 2921 959 2975 quoe
1013 2901 1083 2953 siout
1103 2901 1188 2969 pnieae
1211 2905 1274 2954 unte
1286 2902 1386 2966 sociem
1397 2903 1481 2968 nenti,
1506 2905 1533 2953 et
1546 2902 1616 2954 sicut
1640 2900 1749 2966 tonilla,
1780 2915 1863 2969 quum

107 2988 220 3043 voluisti
244 2989 366 3060 telegit,
390 2990 435 3045 rel
461 2989 541 3044 audit
563 2988 711 3060 creditque
737 2991 822 3045 simul
850 2993 957 3047 fecisse.
979 2988 1092 3077 eturbo
1117 2989 1251 3058 dispecuit
1279 2989 1336 3058 (iob
1358 2989 1486 3059 xx1,l8),
1511 2987 1569 3042 ait:
1588 3009 1601 3037 a
1630 2992 1700 3043 Ante
1726 2988 1862 3057 omnipo·

106 3077 268 3133 Praesertitn
283 3095 348 3133 cum
363 3078 571 3150 prinsomnino
587 3078 660 3133 nibil
679 3079 709 3133 in
727 3079 829 3134 etfectu
848 3081 958 3147 leceris,
1014 3077 1101 3130 tentis
1115 3077 1165 3131 bei
1181 3077 1277 3132 oculos
1292 3076 1384 3148 iniqui
1401 3076 1458 3130 vita
1472 3077 1568 3130 invilla
1582 3081 1633 3144 est,
1658 3076 1724 3147 quia
1741 3077 1795 3130 etsi
1811 3093 1862 3147 up·

106 3182 194 3238 quarn
208 3166 472 3238 incomparabiliter
486 3167 583 3222 futura
597 3167 765 3237 praescieris,
782 3173 811 3222 et
833 3185 866 3224 ea
881 3187 959 3225 sem·
1013 3171 1096 3236 paret
1111 3165 1145 3219 ed
1162 3170 1343 3219 momentum
1366 3165 1474 3232 viridis,
1491 3165 1526 3219 ab
1555 3165 1616 3236 ejus
1636 3171 1732 3218 tamen
1751 3164 1863 3235 judicio

105 3253 602 3325 piternoconsiliopraedestineudo
622 3254 810 3326 disposueris.
1009 3256 1070 3324 jam
1100 3259 1270 3323 cousumpta
1296 3254 1435 3323 cernitur,
1471 3255 1540 3325 quin
1574 3253 1790 3324 consumptioni
1821 3257 1864 3308 est

141 3343 196 3398 Sed
207 3345 268 3414 jam
283 3349 397 3413 tempus
412 3348 464 3409 est,
490 3339 623 3409 llomine,
650 3344 775 3398 veridica
794 3344 958 3399 divinorum
1012 3349 1128 3397 mierum
1142 3343 1310 3412 deputata.»

105 3431 206 3502 subjici
221 3430 384 3485 testimonie
409 3430 559 3497 librorum,
575 3430 681 3502 quibus
711 3431 831 3486 docetur
852 3432 959 3504 absque
1050 3431 1087 3485 lie
1109 3430 1213 3485 talibus
1227 3447 1343 3502 quoque
1367 3437 1511 3485 eteorum
1532 3431 1649 3503 llagitiis
1673 3436 1701 3484 tu
1719 3429 1791 3502 ipse,
1809 3431 1861 3486 lic·

105 3519 240 3590 scrupulo
250 3524 279 3572 et
291 3519 452 3573 declarator
467 3518 575 3590 absque
590 3518 727 3589 ambiguo
741 3520 958 3591 predestinatos
1011 3519 1100 3583 mine,
1116 3535 1168 3588 per
1186 3520 1298 3590 Moysen
1312 3521 1399 3574 dicis:
1415 3522 1507 3576 Nonne
1520 3522 1573 3575 baec
1585 3520 1694 3575 condito
1712 3524 1777 3573 sunt
1787 3518 1862 3588 opud

106 3621 167 3660 esse
183 3606 321 3676 reprobos
338 3605 373 3660 ad
396 3611 571 3660 internorum
587 3605 718 3661 incendia
737 3612 956 3663 tormentorum.
1010 3622 1061 3672 me,
1077 3613 1102 3662 et
1113 3611 1224 3676 sipnotu
1239 3611 1268 3663 in
1285 3609 1420 3663 tbesouris
1442 3612 1507 3663 meis
1519 3609 1533 3665 i
1546 3611 1606 3664 lieo
1620 3614 1659 3663 est
1680 3609 1757 3675 ultio,
1774 3614 1800 3661 ct
1815 3623 1862 3673 ruo

105 3697 145 3748 Ac
157 3693 283 3765 primum
299 3701 358 3762 tua,
376 3694 497 3749 llomine
512 3695 577 3750 lesu
602 3695 722 3759 Christe,
736 3698 957 3753 veritesinvicte
1008 3697 1159 3751 retribuum
1177 3700 1259 3753 eisin
1277 3703 1395 3768 tempore
1417 3696 1509 3768 (Dent.
1527 3713 1601 3764 xxxi,
1622 3698 1667 3764 34,
1685 3696 1739 3767 35).
1768 3697 1859 3751 lteut:

105 3781 399 3853 proferendacenseo,
411 3783 514 3837 merito
524 3783 670 3851 dicta.Qui
680 3787 836 3853 noneredit,
847 3787 955 3858 inquis,
1007 3787 1094 3839 tuctu
1108 3793 1147 3840 est
1161 3786 1218 3841 dies
1232 3787 1394 3856 perditionis
1418 3791 1443 3840 et
1458 3788 1551 3842 edesse
1574 3788 1710 3852 festinant
1736 3789 1860 3854 temporo

101 3871 163 3941 jum
173 3871 316 3940 judicatus
331 3877 369 3926 est
382 3871 470 3943 (toust.
488 3888 529 3939 ιιι,
548 3872 601 3944 ts),
613 3872 640 3927 id
657 3880 709 3942 est,
726 3878 759 3929 ut
777 3876 955 3946 Augustinus
1009 3872 1117 3945 (ibid).
1134 3876 1204 3930 llam
1230 3876 1355 3930 :tenebo
1372 3876 1409 3929 ud
1423 3876 1515 3931 culum
1533 3891 1645 3929 monum
1659 3890 1757 3937 meum,
1773 3879 1799 3928 et
1812 3873 1858 3929 dt'-

106 3961 319 4033 exposuit,jnm
343 3961 496 4016 damnatus
517 3966 568 4016 est.
595 3962 727 4017 Nondum
744 3964 832 4032 enim,
849 3965 952 4036 inquit,
1008 3965 1162 4018 cumtl'ioo
1190 3965 1593 4032 epotantemunsianterc
1613 3969 1643 4017 ut
1675 3963 1776 4030 sulpur
1800 3964 1860 4031 plo·

105 4050 239 4120 apperuit
257 4049 411 4120 judicium,
441 4049 489 4104 sed
514 4050 573 4118 iarn
597 4050 705 4105 factum
735 4057 777 4106 est
801 4053 951 4123 judicium.
1008 4052 1083 4106 dium
1105 4067 1202 4117 meum,
1217 4058 1242 4106 et
1257 4054 1427 4121 arripuerint
1436 4052 1576 4122 judicium
1591 4067 1687 4106 neonus
1706 4066 1780 4118 meae,
1797 4051 1861 4105 red·

105 4138 196 4191 liam:
223 4138 368 4205 Princeps,
387 4136 425 4198 ei,
454 4138 552 4190 mundi
570 4137 652 4207 liujus
668 4142 729 4208 jum
748 4140 892 4209 judicatus
915 4146 955 4198 est
1007 4142 1072 4195 dum
1096 4142 1222 4195 ultionem
1238 4142 1357 4195 nostibus
1383 4143 1458 4208 meis,
1482 4146 1506 4195 et
1519 4142 1559 4195 bis
1572 4142 1621 4211 qui
1633 4140 1748 4194 oderunt
1764 4155 1805 4193 me
1817 4155 1860 4193 re·

67 4251 69 4254 ·
106 4225 195 4290 liocn.
219 4240 272 4290 xvi,
297 4224 352 4294 Η),
380 4224 409 4278 id
440 4230 491 4289 est,
519 4230 550 4278 ut
578 4226 652 4280 idern
682 4228 820 4298 exposuit,
843 4228 953 4299 jndicio
1008 4230 1293 4285 tribuumluebriubo
1311 4232 1427 4296 septuns
1450 4245 1522 4284 meos
1541 4232 1684 4297 sanquine,
1707 4228 1861 4296 etpiadius

105 4306 181 4377 iguis
207 4308 307 4362 aeterni
333 4309 558 4364 irrevocabiliter
589 4310 747 4366 destinatus
779 4319 831 4367 cst.
867 4316 953 4371 llevid
973 4308 1496 4374 Dmeusdecorabitenrnosdecruore
1519 4321 1675 4384 occisorum,
1697 4322 1732 4380 et,
1765 4317 1860 4372 deco

103 4395 191 4465 etiem
215 4396 308 4451 dicit:
334 4397 401 4451 Ideo
437 4414 491 4453 non
518 4405 658 4468 resument
686 4403 766 4470 impii
794 4405 824 4456 in
847 4403 953 4472 judicio
1006 4408 1133 4476 ptiuitnte
1148 4406 1248 4461 nudati
1270 4409 1439 4462 inimicorum
1460 4409 1571 4476 cupitis.
1600 4407 1733 4473 tondete,
1756 4412 1859 4474 genter,

106 4483 192 4556 (Psoi.
207 4502 227 4552 1,
243 4487 278 4554 5).
291 4486 468 4554 Augustinus
493 4489 612 4559 exponit
633 4488 771 4561 quiajam
787 4492 879 4561 poenis
892 4509 952 4546 cer·
1006 4496 1136 4565 populum
1150 4495 1219 4564 qus,
1236 4498 1302 4566 quio
1315 4498 1476 4563 sanquinem
1494 4510 1632 4550 seruorum
1655 4509 1771 4550 suorum
1787 4496 1859 4548 ulci-

104 4571 221 4626 tissimis
248 4573 383 4628 destinati
414 4581 490 4630 sunt.
513 4577 593 4640 ltem,
627 4584 656 4632 tu
674 4581 835 4648 percussisti
865 4596 953 4637 cmttes
1006 4589 1133 4640 scetnrct
1160 4583 1312 4638 vindictum
1335 4584 1467 4638 retribuet
1490 4585 1520 4637 in
1548 4585 1635 4637 ltostes
1659 4598 1750 4637 corum
1767 4586 1857 4648 (Dent.

104 4661 363 4717 aduersantesmibi
383 4665 440 4718 sinc
462 4680 555 4721 causo.
583 4667 677 4733 Recta,
700 4667 805 4739 inquit,
823 4668 853 4724 in
879 4687 953 4740 prte-
1006 4675 1209 4742 sisinio-43).
1232 4673 1262 4728 Si
1282 4674 1346 4744 quis
1361 4675 1421 4727 brec
1449 4673 1547 4727 omnia
1570 4681 1599 4726 ct
1616 4671 1858 4726 sliaintermina·

105 4750 296 4806 destinatione
307 4751 412 4807 dicitur
424 4752 458 4807 de
474 4752 589 4808 diabolo
604 4760 632 4811 et
652 4756 760 4829 angelis
774 4757 845 4829 ejus.
860 4762 954 4830 Atque
1007 4763 1202 4832 biliterplnre
1230 4777 1282 4832 per
1300 4762 1502 4816 canonicarum
1530 4760 1712 4815 latitudinem
1726 4759 1858 4831 Scriptu-

105 4855 141 4892 ne
161 4838 273 4893 dicatur
287 4839 434 4895 diabolum
451 4843 653 4897 tantummodo
676 4860 741 4899 cum
758 4846 869 4917 angelis
894 4848 955 4917 ejus
1007 4866 1103 4905 rarum
1130 4850 1327 4921 multipliciter
1353 4866 1451 4919 sparse
1465 4849 1505 4903 sic
1519 4866 1536 4903 a
1550 4854 1578 4903 te
1598 4847 1747 4920 proesumit
1763 4848 1861 4903 dicere

105 4928 139 4982 ad
156 4934 351 4983 mortemesse
375 4928 560 4996 destinatum,
579 4931 954 5001 quodomninosatisesse
1007 4936 1155 5010 praedicte,
1172 4941 1203 4991 ut
1223 4936 1281 4991 sint
1304 4936 1418 5008 quidem
1445 4937 1587 5009 praescita,
1615 4936 1664 4991 sed
1687 4935 1860 4991 nullomodo

90 5016 242 5087 ‘probatur
267 5016 443 5084 absurdnm3
468 5019 645 5074 utvidelicet
671 5026 758 5093 caput
785 5040 801 5077 a
835 5039 955 5095 corpore
1007 5025 1167 5097 praelinita:
1187 5025 1232 5080 lac
1255 5026 1349 5092 illum,
1379 5041 1487 5098 quaeso,
1514 5026 1668 5097 diligenter
1696 5025 1860 5092 attendere,

105 5105 336 5174 praedestinando
353 5106 400 5169 ‚sit
414 5115 615 5178 segregatum:
634 5109 705 5164 llicit
727 5110 831 5166 iterum
856 5112 953 5179 David,
1008 5130 1095 5186 quam
1110 5114 1147 5168 sit
1162 5115 1323 5169 contrarius
1337 5115 1461 5182 veritati,
1487 5131 1633 5187 quamque
1646 5113 1738 5168 noxiae
1764 5112 1863 5168 faveat

105 5195 135 5245 in
157 5194 294 5262 puluerem
319 5196 413 5250 mortis
438 5194 579 5251 deduntsti
601 5213 643 5252 me
664 5198 748 5266 (Psoi.
779 5216 835 5266 xxi,
859 5203 910 5270 15),
924 5202 953 5258 id
1007 5203 1134 5269 falsitati,
1150 5202 1219 5258 dum
1239 5210 1335 5259 tetam
1352 5204 1512 5259 temerarius
1529 5204 1644 5275 subjicit
1661 5202 1861 5268 mutabilitati,

105 5285 158 5344 est,
174 5281 277 5353 impios
303 5285 389 5339 inosti
406 5283 572 5349 destinatos,
606 5286 683 5357 quod
704 5287 844 5356 ‚otnnitns
869 5307 955 5362 super
1007 5296 1039 5346 ut
1055 5296 1115 5346 tum
1132 5292 1265 5348 videlicet
1277 5295 1368 5364 (juxta
1384 5293 1460 5365 quod
1476 5298 1589 5347 sanctus
1610 5291 1652 5347 ait
1666 5291 1861 5362 Augustinus)

105 5366 272 5424 horninibus
292 5370 326 5425 de
354 5372 474 5442 pulvere
488 5373 594 5428 scilicet
608 5373 699 5443 lactis,
716 5380 744 5430 et
763 5375 792 5430 in
806 5379 954 5447 pulverem
1010 5380 1114 5435 «nulla
1129 5386 1294 5435 remuneret
1307 5385 1409 5435 natura
1433 5381 1592 5448 mutabilis,
1608 5379 1664 5435 nisi
1679 5384 1720 5447 tu,
1733 5379 1862 5435 Domine

106 5473 222 5530 quoque
238 5459 353 5528 relictis,
365 5477 449 5515 nemo
462 5462 648 5533 prudentium
662 5463 783 5536 ambigit
797 5466 863 5522 dici.
879 5467 955 5523 Salo·
1010 5470 1083 5523 Dens
1099 5473 1208 5540 noster,
1231 5485 1416 5541 permaneres
1430 5470 1640 5525 immutabilis:
1656 5489 1670 5523 n
1690 5470 1772 5542 parvi
1788 5487 1862 5542 pen·

106 5561 175 5602 tnon
190 5563 306 5620 quoque
321 5547 377 5603 eit:
404 5551 535 5607 Universa
561 5557 672 5625 propter
695 5557 867 5625 semetipsum
889 5571 953 5627 ope·
1008 5557 1057 5613 dat
1069 5559 1093 5613 si
1108 5558 1143 5614 ab
1153 5565 1262 5615 aterno
1278 5575 1368 5631 usqne
1383 5558 1413 5614 in
1429 5559 1505 5615 diem
1517 5558 1618 5632 iudicii
1633 5557 1783 5613 mutabilis
1798 5575 1862 5615 esse
