3930 6098
152 381 182 434 ot
712 374 889 451 nsrnnurn
909 374 1133 432 connerensrs
1148 365 1313 434 nouscnr.
1870 386 1903 437 ιι

152 512 321 570 auctoritate
344 512 567 584 seripturarum,
596 527 656 566 uon
685 509 764 566 aliud
783 514 889 582 prester
910 508 997 566 rerba
1013 511 1039 566 Α
1055 511 1116 565 tum
1141 509 1246 579 vocari,
1274 514 1302 566 et
1329 509 1556 583 primogenitum
1585 513 1635 584 qui
1667 512 1760 583 sperit
1789 511 1901 570 vulvam

152 599 379 674 significatarum
395 615 493 655 rerum
507 599 542 655 de
558 598 643 655 rebus
667 597 834 671 signiticetis
853 597 999 670 intellige·
1054 613 1144 670 quare
1159 600 1188 652 et
1200 598 1281 654 lesos
1295 615 1359 653 oum
1382 605 1511 655 sanctum
1537 600 1659 656 Domino
1675 600 1786 664 dicitur,
1804 608 1832 657 et
1849 603 1905 673 pri-

153 704 227 756 mus,
244 705 280 744 ne
297 688 430 760 procula
454 688 572 744 veritate
595 703 761 760 evagemur,
777 687 851 743 'dum
871 686 1000 742 veritatis
1054 686 1219 759 mogenilus
1243 688 1415 760 appelletur.
1447 688 1516 745 Etsi
1546 690 1768 761 primogenitus,
1794 692 1903 762 tutique

152 778 236 850 signa
247 778 289 832 vel
304 792 361 834 non
375 775 647 849 cognoscimuslvel
657 792 746 848 prave
754 774 1000 848 [interpretatione
1054 775 1167 830 volvam
1183 775 1307 846 aperuit,
1320 791 1379 831 non
1395 781 1426 832 ut
1441 777 1568 831 clausam
1583 781 1791 849 corrumperet,
1808 779 1855 833 sed
1874 784 1904 833 ut

152 869 313 938 pervertere
328 864 475 921 molimur.
487 864 650 920 Secundum
660 865 757 921 detem
769 865 897 936 regulam
909 865 1000 920 Evan·
1053 879 1107 936 per
1120 879 1183 918 eam
1200 880 1259 920 sure
1279 864 1435 919 nativitatis
1457 865 1564 918 ostium
1583 866 1719 936 aperiret,
1737 865 1810 919 sieut
1831 866 1903 920 etin

152 953 296 1026 geliorum
316 968 403 1025 super
426 952 580 1009 Salvatoris
604 953 751 1010 nativitate
772 953 847 1009 dicta
874 957 1002 1008 oontem-
1054 952 1182 1007 Ezechiel
1194 956 1275 1023 porte
1287 957 1315 1007 et
1326 953 1422 1007 olnnsa
1434 951 1618 1018 describitur,
1630 955 1763 1006 ettamen
1777 952 1901 1007 Domino

152 1042 278 1113 plemnr.
1055 1040 1429 1112 lsraelinerraturlepcrto,
1447 1056 1507 1096 uon
1521 1042 1600 1113 quod
1625 1041 1733 1096 liminis
1757 1043 1800 1095 sui
1824 1042 1900 1097 tores

188 1129 222 1184 lu
235 1127 367 1184 llattbaeo
383 1127 423 1182 sic
436 1126 575 1199 scriptum
602 1127 726 1200 legimus
741 1144 749 1184 ι
767 1149 781 1180 n
805 1128 931 1200 Angelus
947 1129 1001 1184 Do·
1056 1129 1207 1185 dimoverit
1221 1131 1257 1185 ad
1272 1131 1334 1201 ejus
1342 1145 1501 1203 egressum,
1528 1131 1580 1186 sed
1590 1132 1669 1203 qnod
1682 1132 1723 1186 sic
1738 1132 1834 1187 clausa
1849 1148 1899 1202 pe·

153 1216 225 1272 mini
241 1215 376 1288 apparuit
392 1217 499 1288 loseph
514 1217 545 1272 in
562 1216 678 1294 ¹somnis
693 1217 791 1274 dicens
808 1234 815 1274 ε
838 1218 945 1290 loseph
959 1218 1000 1275 illi
1026 1251 1030 1260 ·
1054 1217 1142 1272 tuerit
1156 1217 1326 1273 dominanti.

142 1305 245 1363 'David
260 1323 266 1361 :
281 1306 339 1361 noli
356 1305 457 1361 timere
473 1304 602 1375 occipere
616 1305 730 1361 Mariam
743 1305 896 1379 conjugem
908 1312 1001 1378 tuam,
1091 1305 1169 1360 ldem
1184 1306 1359 1378 evangeliste
1373 1321 1473 1362 rursus
1489 1322 1496 1361 :
1514 1329 1529 1357 n
1545 1308 1661 1362 Factum
1676 1312 1719 1361 est
1729 1311 1825 1362 autem
1835 1324 1900 1361 oum

152 1394 229 1464 quod
245 1393 322 1449 enim
338 1393 367 1448 in
390 1411 424 1448 ee
452 1398 552 1448 netum
578 1398 630 1461 est,
647 1393 682 1449 de
711 1393 819 1467 Spiritu
835 1400 932 1452 sancto
947 1401 998 1452 est.
1055 1399 1149 1448 essent
1165 1393 1216 1465 ibi,
1232 1394 1345 1466 impleti
1368 1400 1436 1450 sunt
1464 1394 1525 1450 dics
1551 1400 1583 1450 ut
1596 1402 1722 1467 pareret,
1747 1401 1775 1450 et
1791 1395 1903 1467 peperit

153 1481 250 1538 Pariet
265 1487 361 1537 autem
382 1482 486 1551 illium,
500 1485 530 1537 et
551 1482 665 1538 vocabis
687 1483 749 1555 ejus
770 1500 876 1540 nomen
892 1486 998 1540 lesum.
1054 1481 1146 1537 lilium
1161 1498 1247 1537 sunm
1262 1483 1489 1554 primogenitum
1504 1483 1580 1555 (Luc,
1595 1499 1625 1551 n,
1637 1486 1675 1553 6).
1692 1505 1706 1536 ιι
1724 1485 1757 1540 Et
1768 1485 1803 1538 de
1817 1484 1902 1539 Elisa·

151 1568 307 1641 lpseenim
323 1570 431 1625 salvum
454 1569 538 1625 taeiet
560 1572 701 1642 populum
727 1587 811 1626 suum
835 1589 851 1626 a
879 1573 1000 1645 peccetis
1054 1570 1121 1625 beth
1135 1570 1195 1625 iero
1208 1570 1307 1625 eedem
1323 1571 1510 1626 scribuntur:
1529 1592 1543 1621 ι(
1560 1571 1701 1627 Elisabeth
1724 1575 1821 1626 antem
1847 1571 1901 1625 im·

152 1673 253 1715 eorum
270 1674 277 1714 :
293 1659 345 1714 hoc
360 1664 456 1715 autem
471 1663 562 1714 totum
586 1660 758 1728 factumest,
775 1665 808 1716 ut
827 1660 999 1732 adimplere·
1055 1657 1165 1730 pletum
1179 1665 1220 1714 est
1236 1665 1349 1730 tempus
1364 1659 1505 1730 puniendi,
1521 1663 1550 1714 et
1567 1658 1685 1731 'peperit
1706 1660 1799 1715 lilium
1824 1661 1899 1731 (Eue.

152 1749 200 1802 tur
214 1747 293 1819 qnod
307 1746 415 1801 dictum
429 1751 472 1801 est
487 1763 540 1818 per
553 1745 722 1818 prophetam
743 1746 885 1803 dicentem
902 1763 909 1802 :
927 1747 998 1802 Ecce
1054 1746 1131 1818 nst).
1149 1768 1163 1797 ιι
1179 1747 1256 1803 Siout
1280 1746 1431 1818 utriusque
1447 1748 1562 1803 semime
1591 1753 1705 1820 tempus
1735 1753 1767 1803 ut
1786 1753 1903 1819 pareret

151 1833 182 1890 iu
198 1838 279 1890 utero
294 1834 412 1890 habebit
426 1835 671 1906 etflperietbtium,
688 1841 716 1892 et
734 1835 998 1892 vocabiturnomeu
1015 1816 1035 1872 Β
1053 1834 1225 1906 assignatur,
1240 1835 1281 1890 sie
1293 1834 1433 1889 ambobus
1461 1835 1645 1890 nascentibus
1673 1835 1831 1892 infantibus
1851 1853 1901 1891 co·

152 1923 216 1995 ejus
231 1925 411 1992 Emmanuel,
436 1925 515 1996 quod
530 1924 736 1998 iuterpretatur
760 1925 897 1981 rtobtscnm
918 1927 997 1980 Deus.
1054 1922 1118 1978 dem
1134 1922 1221 1978 serbo
1236 1922 1313 1978 idem
1327 1922 1435 1977 ventris
1450 1923 1558 1979 ostium
1569 1928 1754 1979 monstratur.
1774 1927 1806 1980 Et
1821 1925 1902 1978 deiu-

153 2013 315 2084 Exsnrgens
340 2016 436 2068 eutem
463 2014 570 2086 loseph
598 2031 615 2069 a
641 2030 752 2082 somno,
782 2014 849 2069 tecit
875 2014 949 2069 sicut
972 2013 1000 2068 ei
1053 2026 1142 2083 ceps:
1172 2030 1188 2066 ι
1218 2013 1372 2085 Postquam
1396 2012 1509 2084 impleti
1537 2018 1603 2067 suut
1630 2012 1690 2066 dies
1716 2013 1902 2085 purgationis

152 2100 290 2172 precepit
307 2101 425 2172 angelus
441 2101 556 2157 Domini
574 2118 581 2158 :
600 2106 627 2157 et
642 2118 702 2157 nou
727 2102 917 2174 cognoscebat
936 2117 999 2156 eam
1053 2101 1321 2157 lderimsecnndum
1352 2103 1445 2172 legem
1474 2101 1574 2173 Moysi,
1602 2102 1731 2156 tulerunt
1757 2102 1903 2157 lesumin

152 2190 244 2247 donee
257 2189 370 2261 peperit
386 2188 478 2245 lilium
495 2205 580 2245 suum
594 2190 833 2262 primogenitum,
848 2195 877 2245 et
891 2190 1001 2245 vocavit
1053 2190 1210 2246 ierusalem
1223 2195 1255 2245 ut
1269 2190 1400 2244 sisterent
1417 2204 1483 2243 cum
1509 2188 1641 2256 Domino,
1667 2189 1739 2244 siout
1762 2190 1902 2261 scriptum

152 2291 259 2332 nomeu
275 2277 338 2347 ejus
351 2279 446 2332 lesum
460 2276 567 2348 (Mutth.
584 2296 606 2347 1,
622 2280 656 2334 20
671 2284 697 2335 et
709 2278 789 2350 seq).
807 2299 822 2329 ιι
836 2278 907 2334 Cum
931 2291 999 2346 ergo
1053 2277 1084 2333 iu
1100 2279 1162 2350 lege
1176 2278 1309 2334 Domini:
1326 2277 1400 2344 Quia
1415 2293 1500 2332 omne
1519 2279 1710 2332 mascnlinum
1733 2279 1902 2350 adaperiens

153 2368 237 2420 natus
252 2370 326 2419 esset
339 2366 418 2420 lesus
433 2366 463 2421 in
479 2368 645 2425 Bethlehem
658 2367 750 2435 Jndoe,
767 2368 852 2424 toties
867 2365 1000 2422 nativitas
1054 2365 1178 2435 vulvam,
1193 2370 1324 2421 sanctum
1348 2365 1470 2420 Domino
1485 2365 1636 2420 vocabitur
1664 2366 1738 2434 (luc.
1765 2382 1795 2429 n,
1811 2364 1866 2436 22).
1886 2383 1901 2418 u

153 2454 310 2527 predicata
323 2455 489 2525 salvatoris,
505 2457 591 2513 toties
606 2461 737 2513 narratus
752 2456 877 2530 Virginis
888 2461 1000 2528 partus,
1053 2452 1082 2509 Si
1101 2454 1155 2509 tibi
1175 2453 1271 2510 miuus
1298 2452 1491 2509 satisfecerant
1521 2453 1606 2508 verba
1635 2453 1741 2524 quibus
1767 2453 1902 2524 genuisse

154 2541 304 2615 virginitas
323 2543 504 2616 perdocetur,
529 2545 620 2601 virilis
647 2550 813 2602 removetur
839 2544 999 2616 amplexus,
1053 2541 1140 2598 hieria
1154 2541 1336 2613 perdocetur,
1367 2545 1400 2596 ut
1423 2544 1575 2612 propterea
1597 2541 1711 2596 aliunde
1739 2557 1826 2613 quum
1851 2558 1904 2613 per

154 2648 214 2688 nou
237 2636 335 2688 tamen
366 2633 457 2688 telvm
483 2634 620 2690 transitus
645 2635 813 2707 abnegatur.
841 2635 945 2689 Verum
972 2638 1001 2689 et
1053 2631 1167 2685 vulvam
1182 2631 1218 2686 de
1231 2629 1355 2701 Virginis
1374 2630 1441 2684 aule
1453 2629 1625 2701 processisse
1652 2630 1751 2685 lesum
1778 2631 1900 2700 garrias,

154 2720 336 2792 evangeliste
356 2720 450 2791 dietis,
464 2727 493 2777 et
512 2725 662 2795 prophetie
687 2723 821 2777 vaticinio
846 2723 1000 2778 salvatoris
1053 2719 1190 2792 quoniam
1223 2718 1383 2774 honestiori
1406 2733 1539 2773 sermone
1571 2718 1738 2789 pudendum
1772 2719 1903 2774 mulieris

154 2813 234 2863 ortus
247 2823 299 2878 per
328 2808 443 2864 vulvam
471 2810 613 2864 exstitisse
642 2815 833 2879 monstratur;
862 2809 999 2883 quonium
1053 2810 1148 2865 tuerat
1161 2808 1363 2874 obvelandum,
1389 2807 1505 2863 tandem
1529 2807 1623 2862 verbis
1647 2808 1831 2880 evangeliste
1853 2824 1904 2863 ec-

154 2912 213 2953 uon
224 2896 301 2968 parit
315 2896 434 2963 lemine,
458 2897 513 2952 uisi
529 2913 581 2968 per
595 2899 720 2967 vulvam,
737 2915 796 2953 mm
819 2898 879 2954 exit
893 2897 999 2965 infans,
1054 2896 1215 2968 quiescens,
1232 2896 1309 2950 disce
1323 2912 1381 2950 non
1398 2896 1545 2962 translato,
1562 2896 1612 2951 sed
1627 2912 1679 2950 suo
1693 2897 1811 2968 proprio
1823 2912 1904 2951 voea-

154 2984 210 3040 nisi
224 3000 277 3056 per
290 2985 364 3040 uteri
370 2985 502 3056 januam.
1053 2985 1121 3040 bulo
1137 3000 1170 3039 os
1184 2983 1301 3040 feminei
1318 2984 1425 3039 ventris
1437 2983 1626 3050 insinuatum,
1642 2988 1728 3055 utque
1751 3000 1803 3055 per
1824 2983 1904 3057 phud

191 3073 279 3128 Lucas
294 3073 388 3127 taliter
402 3089 490 3144 snper
504 3074 558 3128 hao
573 3073 703 3146 loquitur
725 3072 873 3129 nativitate
892 3088 899 3130 :
917 3093 931 3124 e
947 3074 1000 3127 In·
1016 3115 1037 3172 c
1053 3072 1229 3129 Selvelorem
1258 3072 1393 3128 nascendi
1421 3073 1531 3128 subisse
1558 3089 1752 3144 progressum.
1783 3074 1855 3128 Nem
1880 3073 1903 3127 si

153 3174 268 3231 gressus
284 3161 403 3232 augelus
417 3161 454 3216 ad
468 3161 585 3216 lderiam
599 3161 671 3218 dixit
687 3179 693 3217 :
711 3165 777 3227 Ave,
793 3162 886 3234 gratia
901 3162 1001 3235 plena,
1054 3162 1107 3218 tuit
1123 3162 1200 3220 aliud
1216 3162 1333 3218 llariam
1346 3163 1493 3234 peperisse
1517 3177 1605 3234 qnam
1629 3161 1819 3217 masculinum
1841 3161 1903 3232 ejus

155 3247 295 3304 Dominus
309 3253 417 3320 tecum,
441 3250 634 3306 benedietetn
664 3251 908 3307 intermulieres.
933 3251 1002 3316 Qum
1055 3251 1341 3324 vulvamaperuisse,
1367 3251 1600 3307 nonsecundnm
1627 3252 1698 3322 legis
1727 3256 1903 3322 preceptum

137 3338 490 3394 'eumaudissetturbata
518 3343 571 3406 est,
597 3343 626 3393 et
640 3339 785 3410 cogitabat
807 3339 899 3409 qualis
928 3342 1003 3394 esset
1055 3343 1117 3398 sisti
1132 3340 1261 3406 Domino,
1280 3357 1331 3396 nee
1348 3345 1478 3396 sanctum
1494 3340 1616 3395 Domino
1626 3340 1766 3395 debueret
1783 3340 1902 3395 vocari:

153 3424 207 3481 isto
220 3427 363 3494 salutatio,
380 3430 410 3480 el
433 3425 473 3480 ait
496 3425 617 3495 angelus
631 3425 678 3479 ei:
708 3426 748 3480 Ne
769 3424 882 3491 timeas,
902 3423 1000 3493 ldaria,
1056 3431 1228 3497 «Quoniam
1251 3445 1337 3484 omne
1361 3428 1550 3483 mascnlinum
1580 3427 1750 3497 adaperiens
1776 3429 1903 3496 vulvam,

153 3515 289 3570 invenisti
305 3514 427 3586 gretiam
448 3514 523 3584 opud
539 3513 704 3568 Dominum.
722 3513 790 3567 Ecce
813 3513 957 3584 concipies
973 3517 1003 3568 et
1055 3522 1186 3572 sanctum
1199 3516 1321 3572 Domino
1344 3515 1675 3586 vocabiturtlbtd.,23).
1692 3537 1706 3564 ιι
1735 3517 1814 3570 lt'uno
1835 3532 1904 3571 sero

154 3600 369 3670 potissmium,
399 3605 428 3656 et
454 3600 568 3656 vocabis
593 3616 700 3656 nomen
727 3600 788 3671 ejus
814 3600 920 3655 lesum.
940 3621 951 3650 ι
970 3602 1002 3655 Et
1056 3609 1084 3660 et
1098 3605 1211 3677 peperit
1228 3619 1294 3659 eum
1324 3603 1411 3659 lteris
1438 3603 1531 3674 virgo,
1561 3607 1589 3657 et
1618 3618 1670 3673 per
1698 3603 1812 3658 vulvam
1841 3604 1906 3674 ejus

94 3754 97 3759 ¹
154 3686 253 3742 intra:
272 3708 286 3738 n
303 3687 380 3743 Dixit
394 3691 489 3744 evitem
512 3688 599 3744 liaris
621 3689 657 3744 ed
680 3689 836 3759 angelum:
853 3689 1002 3754 Quomodo
1055 3709 1187 3765 egressus
1202 3699 1246 3749 est
1258 3693 1396 3759 Salvator,
1413 3696 1443 3747 ct
1460 3697 1601 3762 tauquam*
1612 3691 1825 3764 primogenitus
1849 3692 1906 3745 ad-

154 3774 205 3831 iiet
219 3775 304 3844 istud,
321 3777 458 3847 quoniam
475 3776 568 3832 virum
583 3793 641 3833 uon
656 3777 818 3850 cognosco?
834 3779 866 3833 Et
885 3793 1002 3851 respon·
1055 3781 1170 3853 speruit
1183 3797 1258 3850 earn,
1269 3796 1326 3835 uon
1340 3795 1398 3852 qno
1416 3780 1535 3834 violaret
1549 3779 1745 3850 integritatem
1757 3780 1841 3849 uteri,
1854 3780 1906 3834 sed

155 3861 226 3918 deus
240 3866 361 3937 angelus
376 3864 448 3921 dixit
471 3865 516 3921 ei:
532 3866 655 3938 Spiritus
681 3872 795 3922 sauctus
819 3865 1003 3938 superveniet
1055 3886 1113 3944 quo
1129 3869 1544 3940 ventrispeleliumvaeueret3
1562 3869 1679 3922 undeet
1695 3872 1795 3930 mater,
1812 3884 1906 3939 quan·

155 3951 186 4007 iu
201 3959 240 4023 te,
256 3960 285 4009 et
297 3954 388 4010 virtus
401 3955 541 4011 ditissimi
558 3956 744 4012 obumbrabit
756 3956 819 4012 tibi.
837 3957 962 4029 Ideoque
973 3960 1001 4012 et
1055 3975 1143 4034 quem
1159 3974 1218 4014 non
1232 3961 1364 4028 suscepto
1391 3956 1502 4011 semine
1516 3956 1659 4027 gennerit,
1687 3955 1755 4027 quia
1781 3972 1847 4009 vero
1863 3955 1907 4011 illi

155 4043 234 4114 quod
250 4048 384 4099 uaseetnr
406 4061 440 4100 ex
463 4048 490 4100 te
513 4049 654 4114 sanctum,
683 4045 830 4101 nocebitur
846 4045 933 4101 Filius
951 4045 1001 4101 Dei
1055 4047 1201 4101 masculus
1216 4043 1400 4115 adaperuerit
1424 4043 1549 4110 vulvam,
1575 4042 1732 4097 secundum
1764 4043 1856 4114 legem
1878 4049 1908 4097 et

156 4131 232 4202 (Euo.
248 4149 267 4201 1,
281 4137 316 4189 28
333 4139 359 4188 et
374 4136 451 4203 seq).
469 4155 483 4184 ιι
504 4134 533 4190 Si
548 4134 679 4190 nondum
693 4135 737 4189 vel
762 4139 872 4190 uaturae
896 4136 1001 4190 sotem·
1054 4131 1234 4205 purgationis
1250 4130 1311 4187 dies
1323 4129 1433 4201 implet,
1446 4134 1476 4184 et
1489 4128 1615 4185 hostiam
1630 4129 1665 4184 ad
1680 4130 1821 4202 templum
1837 4146 1907 4184 cum

155 4220 255 4285 uitale,
271 4223 314 4276 rel
332 4223 464 4292 exemplo
489 4223 669 4278 uescentium
684 4223 753 4295 quid
780 4222 818 4279 sit
832 4239 934 4295 parere
955 4240 1001 4278 eo·
1054 4235 1146 4293 puero
1162 4219 1283 4275 Domino
1297 4218 1433 4285 sistendo,
1452 4217 1554 4273 defert.

155 4307 289 4378 quiescis,
315 4311 416 4364 saltem
444 4310 547 4365 missus
570 4311 606 4366 ad
633 4312 798 4368 Zachariam
824 4313 944 4385 angelus
967 4328 1001 4369 ex
1388 4326 1501 4400 CAPUT
1526 4342 1570 4397 VI·

153 4394 219 4465 ipso
234 4397 386 4468 Evangelio
411 4402 440 4453 te
455 4398 589 4454 instruet.
617 4400 663 4455 hit
686 4405 784 4457 autem
799 4401 843 4457 illi
857 4401 976 4474 angelus
993 4418 999 4456 :
1014 4414 1037 4470 ρ

156 4500 169 4532 ι
187 4483 228 4537 Ne
247 4482 359 4552 timeas,
370 4483 514 4553 Zacharia,
532 4487 668 4559 quoniam
684 4487 783 4544 audita
798 4493 842 4544 est
854 4487 1003 4560 {depreca-

154 4570 196 4625 tio
211 4576 276 4640 tua;
292 4575 320 4627 et
336 4576 469 4629 uxortua
484 4575 628 4631 Elisabeth
641 4576 731 4649 pariet
746 4576 800 4632 tibi
818 4578 911 4633 lilium
923 4580 1001 4648 (Eue.
1091 4575 1196 4628 Verum
1209 4572 1348 4645 quoniam
1373 4572 1499 4629 breviter
1512 4573 1567 4628 ista
1596 4573 1751 4629 dedivinus
1778 4573 1909 4627 auotori-

156 4676 175 4728 ι,
193 4661 275 4730 idi.»
302 4663 395 4718 Uuum
418 4664 539 4719 verbum
564 4680 655 4736 super
678 4670 800 4737 utroque
824 4665 1003 4737 promittitur
1056 4662 1123 4718 tatis
1154 4662 1325 4732 collegimus
1358 4662 1449 4728 libris,
1481 4663 1588 4735 quibus
1616 4662 1769 4719 salvatoris
1808 4666 1907 4715 ortum

145 4752 251 4819 -pertu,
266 4755 294 4805 et
308 4751 454 4823 quomodo
470 4768 528 4808 non
542 4752 620 4808 idem
634 4753 742 4809 ventris
763 4755 868 4811 ostium
893 4754 1004 4826 signiti-
1057 4766 1109 4824 ρει
1132 4751 1311 4807 intemerate
1339 4750 1452 4806 vulvam
1482 4750 1607 4822 Virginis
1637 4751 1818 4816 doceremus,
1835 4749 1909 4804 libet

155 4838 256 4893 eatur?
272 4837 374 4911 Disper
396 4841 589 4912 conceptionis
602 4842 683 4911 ordo,
697 4858 757 4898 uon
780 4843 880 4915 dispar
900 4849 943 4898 est
959 4845 1004 4899 lex
1057 4840 1144 4896 etiem
1179 4839 1323 4911 majorum
1352 4839 1557 4895 traditionibus
1584 4839 1700 4895 firmare
1731 4838 1908 4894 sententiam

155 4928 302 4994 nascendi,
320 4930 458 5002 quoniam
472 4931 596 4986 loenues
608 4932 644 4987 de
658 4932 768 4988 semine
783 4932 848 5000 viri,
864 4933 945 4987 lesus
968 4932 1003 4987 de
1056 4933 1197 4997 nostram,
1220 4934 1363 5000 quatenus
1391 4928 1577 4984 multitudine
1606 4928 1723 4984 testium
1733 4918 1737 4938 ²
1750 4933 1779 4983 et
1805 4927 1908 4982 edver-

155 5016 265 5089 Spiritn
280 5022 378 5072 saneto
405 5019 581 5090 concipitur;
603 5023 632 5075 et
659 5020 707 5075 ille
736 5035 789 5091 per
815 5026 929 5092 portam
953 5035 1004 5091 per
1056 5018 1149 5073 sarius
1167 5019 1342 5085 confutetur,
1356 5021 1385 5072 et
1399 5017 1497 5073 fideles
1511 5015 1630 5072 uberius
1643 5017 1832 5072 instruantur.
1850 5016 1909 5071 Lo-

155 5117 244 5175 quem
259 5103 391 5159 transivit
405 5104 459 5171 vir,
476 5105 638 5176 exponitur,
663 5106 784 5177 isteper
803 5105 1003 5160 intemeratam
1057 5123 1105 5163 cos
1121 5107 1263 5162 tamenin
1283 5106 1411 5162 modium
1426 5105 1609 5173 deducemus,
1641 5111 1792 5161 eteorum
1825 5104 1906 5174 ipso-

156 5191 274 5262 pudoris
294 5192 390 5247 aulam
413 5198 591 5264 generetur:
607 5193 692 5248 ambo
719 5197 817 5248 tamen
841 5193 1002 5266 pariuntur,
1057 5211 1122 5252 rum
1137 5195 1302 5250 testimonia
1319 5210 1419 5266 peuce,
1438 5198 1470 5249 ut
1492 5193 1647 5265 propositae
1673 5193 1792 5249 modum
1807 5192 1910 5248 brevi-

156 5279 294 5350 quoniam
309 5285 431 5353 uterque
445 5296 497 5353 per
512 5282 601 5336 vulve
618 5281 737 5352 jannem
758 5282 906 5353 excipitur.
924 5285 1003 5337 Atte-
1057 5283 1124 5339 tetis
1157 5281 1359 5337 custodiamus.
1394 5280 1528 5352 Alioquin
1562 5282 1585 5335 si
1614 5280 1700 5336 unius
1728 5295 1841 5346 eorum,
1872 5297 1910 5336 ne

156 5369 349 5424 staturetiam
378 5374 484 5425 nostrie
514 5369 639 5425 orationi
668 5371 853 5441 evangelista,
888 5371 1004 5443 quando
1058 5371 1151 5428 dicem
1174 5369 1316 5437 omnium,
1331 5385 1417 5440 super
1432 5368 1484 5424 boc
1499 5369 1574 5425 dieto
1597 5371 1627 5425 in
1651 5370 1749 5442 trinum
1777 5369 1910 5424 conterre

156 5453 219 5510 ait:
236 5456 653 5529 «Ideoquodneseeturexte
668 5463 840 5515 sanetum.»
862 5460 1004 5516 Memento
1057 5457 1239 5524 voluerimus,
1255 5459 1412 5513 multorum
1438 5474 1541 5532 eorpus
1562 5458 1743 5513 voluminum
1774 5457 1909 5512 conficie-

156 5540 272 5615 quidde
286 5545 544 5620 primogenitis,id
567 5551 612 5604 est
638 5547 690 5621 qni
719 5549 853 5622 aperiunt
876 5551 1001 5616 vulvam,
1057 5563 1131 5604 mus.
1159 5545 1327 5604 Ambrosius
1359 5546 1481 5602 ooelestis
1509 5546 1589 5614 tube,
1624 5546 1771 5618 specimen
1805 5546 1910 5600 saneti-

99 5670 104 5675 -
143 5628 665 5708 :tegitomenuavsngectnnttiges
678 5638 810 5692 mactum
830 5635 1005 5710 primogeni-
1056 5635 1134 5701 tatis,
1148 5634 1217 5693 fldei
1231 5635 1321 5694 robur
1332 5633 1566 5709 inexpugnabile,
1581 5635 1651 5693 dnm
1666 5632 1910 5692 dehumenoSal·

1189 4415 1233 4506 Er.
1249 4449 1379 4505 Patribus
1394 4464 1472 4505 sunm
1487 4450 1586 4504 msertt
1599 4450 1768 4505 sententiam.
