3930 6098
107 224 159 276 755

443 352 508 407 Car.
529 352 619 409 CClll.

142 448 214 502 item
229 446 259 500 in
278 442 398 514 epistola
420 440 521 496 Leonis
540 457 624 511 papae
644 441 680 495 ad
700 441 872 495 Martianum
895 443 956 496 Au·

106 539 221 607 gustum
237 532 287 604 (est
296 533 375 601 epist.
391 532 451 584 bin
461 531 569 585 concilii
582 529 711 586 Chalced.
726 535 807 598 porte
820 527 875 600 iu),
890 545 955 600 quae

106 629 212 694 estper
236 619 373 691 bycinam
397 619 565 689 episcopum
588 624 616 671 et
642 618 774 672 Basiliam
795 618 951 672 diaconum

105 712 221 777 directa,
241 709 276 763 de
295 706 406 762 ambitu
428 707 552 760 Anatolii
573 706 698 777 episcopi
717 706 954 777 Constantinopo-

105 796 197 864 litani,
219 796 294 850 iuter
314 800 418 848 caetera
441 794 481 847 sic
501 793 629 864 legitur:
647 812 661 844 a
679 794 776 848 Sciens
797 793 954 864 gloriosam

104 884 285 941 elementiam
319 888 442 937 vestram
465 881 664 936 ecclesiastieae
692 882 806 936 studere
838 898 954 936 concor-

105 975 171 1041 diae,
192 972 281 1028 ethis
300 988 364 1043 quae
386 969 512 1041 pacifica
532 975 696 1040 congruunt
714 969 829 1037 unitati,
855 969 952 1040 piissi-

106 1078 185 1116 mum
200 1064 336 1132 praestare
355 1074 538 1125 consensum,
558 1073 671 1127 precor,
685 1061 713 1111 et
729 1058 829 1112 sedula
850 1074 954 1129 sugge-

104 1150 197 1205 stione
210 1164 259 1202 vos
275 1148 404 1215 obsecro,
419 1150 451 1200 ut
466 1162 552 1199 ausus
572 1145 730 1215 improbos.
753 1145 856 1200 unitati
873 1145 955 1199 Chri-

105 1239 206 1293 stianoe
230 1236 350 1308 pacique
374 1233 546 1301 contrarios,
569 1235 605 1288 ab
628 1234 708 1288 omni
723 1233 839 1305 pietatis
855 1238 955 1288 vestrae

106 1325 245 1381 abdicetis
265 1341 393 1389 assensu,
419 1327 446 1376 et
462 1322 557 1376 fratris
572 1321 629 1376 mei
653 1322 778 1376 Anatolii
793 1321 955 1377 nocituram

106 1415 170 1485 ipsi,
197 1415 220 1467 si
245 1412 412 1485 perstiterit,
439 1410 626 1481 cupiditatem
655 1409 808 1464 salubriter
828 1410 955 1481 compri-

105 1499 204 1566 matis;
225 1515 261 1552 na
284 1515 318 1553 ea
338 1513 401 1570 qua
426 1503 526 1552 vestra
550 1496 651 1567 gloriae
673 1502 760 1568 atque
775 1498 955 1569 temporibus

104 1587 221 1642 inimica
240 1593 308 1642 sunt
329 1587 456 1657 cupiens,
481 1586 573 1656 major
593 1586 651 1641 suis
675 1586 744 1641 velit
766 1602 828 1641 esse
849 1586 953 1658 priori·

723 217 832 272 ,aura
852 216 1070 274 aaarsrnusis
1090 217 1246 277 narseum
1432 188 1441 219 ³
1806 221 1854 273 ιιι

975 353 1083 407 Anum
1106 368 1158 423 per
1174 357 1305 409 sanctum
1325 368 1391 409 vere
1412 352 1552 423 Spiritum
1571 352 1708 407 ordinata
1723 352 1853 421 conditio,

1009 435 1039 491 iu
1054 436 1151 507 aliqua
1164 436 1299 508 cuiquam
1316 436 1352 491 sit
1371 439 1452 508 perte
1472 436 1613 491 solubilis.
1630 436 1666 491 ut
1690 437 1771 491 nulla
1794 436 1853 490 sibi·

1010 531 1069 580 met
1084 526 1119 580 de
1135 526 1374 595 multiplicatione
1383 525 1615 596 congregationis
1626 525 1784 594 'synodalia
1797 541 1853 580 con

1010 613 1280 680 ciliablandiautur,
1305 631 1397 681 napa·
1419 614 1553 668 trecentis
1575 613 1632 667 illis
1653 614 1756 668 decem
1777 617 1852 685 alque

1009 707 1072 755 octo
1096 703 1237 773 episcopis
1252 703 1464 773 quantumlibet
1485 702 1630 772 copiosior
1654 717 1796 756 numerus
1817 719 1850 756 sa·

1009 790 1168 857 cardetum,
1193 792 1236 845 vel
1259 806 1425 862 comparare
1447 806 1476 845 se
1504 790 1617 856 audeat,
1643 791 1688 844 vel
1710 789 1849 862 praeferre,

1009 894 1074 932 cum
1097 884 1176 934 tanto
1194 878 1331 934 divinitus
1357 878 1510 949 privilegio
1537 878 1653 933 Nicaeae
1678 879 1715 933 sit
1735 879 1849 949 synodus

1008 974 1181 1035 consecrata,
1208 973 1238 1021 ut
1261 968 1318 1022 sive
1340 983 1392 1037 per
1419 967 1577 1038 pauciores,
1602 968 1668 1021 sive'
1687 983 1740 1039 per
1764 968 1848 1038 plures

1009 1056 1198 1110 ecclesiastica
1222 1056 1329 1127 judicia
1349 1056 1539 1121 celebrentur,
1561 1056 1642 1110 omni
1667 1056 1784 1127 penitus
1804 1071 1845 1110 au-

1009 1145 1138 1200 ctoritate
1164 1145 1200 1199 sit
1225 1161 1357 1212 vacuum,
1387 1144 1529 1217 quidquid
1560 1145 1596 1200 ab
1625 1145 1744 1199 illorum
1770 1143 1846 1199 fuerit

1009 1234 1213 1288 constitutione
1236 1234 1391 1288 diversum.
1423 1231 1513 1288 lVimis
1538 1249 1607 1303 ergo
1629 1234 1693 1288 hnc
1716 1232 1843 1303 improba,

1010 1322 1096 1376 nimis
1111 1338 1199 1394 prava
1212 1326 1288 1388 siant,
1306 1338 1371 1393 (ιιι
1385 1322 1580 1377 sacratissimis
1601 1319 1762 1376 canonibus
1778 1321 1843 1376 iuva·

1009 1411 1130 1466 niuntur
1143 1428 1204 1466 esse
1216 1411 1368 1466 contraria.
1387 1429 1399 1465 s

1346 1544 1409 1599 Car.
1430 1543 1519 1600 CCVI.

104 1675 171 1743 bus;
192 1675 373 1746 liberumque
397 1674 440 1728 illi
461 1675 496 1728 sit
514 1674 631 1746 quantis
653 1673 782 1745 poluerit
802 1675 954 1747 splendere
974 1647 995 1702 B
1045 1658 1842 1730 lt‘³1¹¹¹⁴⁶⁰llll’iliflliildfflnVlli⁵V¹¹l¹l³⁰³²9⁸⁰0&²“V'‘

104 1763 267 1828 virtutibus,
290 1778 414 1834 quarum
440 1778 497 1816 non
524 1762 607 1817 aliter
635 1763 777 1835 particeps
804 1764 869 1831 erit,
898 1763 954 1819 nisi

104 1850 244 1906 charitate
274 1850 365 1920 magis
394 1850 517 1905 voluerit
547 1850 655 1918 ornari,
684 1867 772 1922 quam
799 1851 955 1908 ambitione

105 1938 238 1994 distendi.
261 1940 337 1992 lianc
357 1945 454 1992 autem
482 1938 608 2010 improbi
632 1939 766 1994 desiderii
790 1941 955 2011 conceptio·

104 2044 182 2094 nem,
203 2041 352 2098 nunquam
368 2026 487 2098 quidem
502 2026 603 2082 debuit
614 2027 690 2083 intra
704 2028 851 2083 cordissui
862 2028 954 2099 perci-

104 2132 173 2187 pere
190 2121 343 2169 secretum.

440 2203 505 2258 Car.
523 2202 609 2258 CCIV.

139 2296 210 2348 ltem
226 2294 282 2348 Leo
295 2308 369 2363 papa
384 2291 413 2345 in
429 2291 530 2346 cadem
543 2291 664 2363 epistola
680 2309 687 2348 :
705 2313 719 2342 ι(
734 2293 818 2364 Agite
833 2294 911 2364 quod
928 2298 957 2348 et

105 2381 272 2438 Christianae
288 2386 331 2435 est
347 2380 497 2452 probitatis
513 2384 540 2434 at
554 2380 653 2451 regiae,
670 2384 699 2435 ut
715 2382 869 2452 praedictus
894 2382 955 2454 epi·

105 2487 208 2541 scopus
231 2476 330 2540 pareat
356 2469 500 2534 Patribus,
528 2470 660 2524 consulat
688 2470 761 2540 paci,
784 2486 879 2543 neque
902 2471 957 2525 sibi

105 2560 229 2614 aestimet
255 2558 377 2620 licuisse,
414 2559 491 2627 quod
524 2558 710 2613 Antiochense
740 2559 870 2614 Ecclesiae
893 2559 955 2614 sine

105 2649 163 2702 ullo
192 2648 333 2717 exemplo,
361 2651 460 2700 contra
487 2650 594 2701 statuta
616 2663 772 2712 canonum,
804 2648 954 2719 episcopos

105 2736 237 2790 ordinare
248 2736 443 2806 presumpsit,
454 2734 532 2804 quod
542 2750 594 2790 nos
606 2750 704 2790 amore
713 2737 881 2807 reparandae
889 2737 955 2792 fidei

106 2829 134 2877 ct
149 2823 226 2893 pacis
240 2822 335 2877 studio
347 2828 501 2877 retractare
523 2823 706 2878 cessavimus.
723 2824 870 2879 Abstineet
886 2841 955 2898 ergo

13 2974 23 2984 ι
106 2911 140 2965 ab
171 2911 426 2967 ecclesiasticarum
450 2911 555 2982 injuria
581 2911 757 2982 regularum,
786 2917 815 2968 ct
842 2913 957 2969 illicitos
976 2931 1049 3000 ctis

106 3000 231 3056 declinet
249 3016 391 3068 excessus,
408 3016 444 3054 nc
460 3016 489 3055 se
502 3001 538 3056 ab
558 3000 712 3055 universali
728 3002 862 3071 Ecclesia,
888 3002 957 3058 dum

106 3089 223 3144 inimica
237 3089 300 3160 paci
321 3095 420 3152 tentat,
444 3089 581 3145 abscidat.
598 3090 688 3154 Quem
709 3096 776 3160 opto
801 3090 894 3162 magis
915 3091 956 3145 ir-

108 3177 376 3247 reprehensibiliter
411 3184 542 3247 agentem
571 3178 702 3248 diligere,
732 3194 820 3250 quam
848 3179 878 3233 iu
905 3179 958 3234 hac

107 3267 344 3338 presumptione,
360 3282 425 3337 quae
441 3267 521 3321 illum
532 3266 567 3321 ab
582 3267 716 3322 omnibus
731 3283 864 3338 separare
874 3273 958 3339 pote·

108 3356 153 3417 rit,
170 3355 338 3425 perdurare.
357 3374 370 3405 a

457 3442 522 3496 Car.
539 3441 611 3496 CCV.

144 3551 213 3604 ltem
239 3548 295 3602 Leo
320 3563 396 3617 papa
423 3548 459 3601 ad
494 3548 659 3602 Anatolium
687 3549 855 3619 episcopum
879 3551 957 3605 inter

108 3643 212 3692 caetera
240 3636 270 3690 in
303 3637 359 3690 alia
388 3636 508 3707 epistola
540 3636 630 3708 (epist.
660 3638 686 3708 v)
712 3637 833 3693 scribit:
860 3640 958 3694 «Post

107 3726 157 3780 illa
183 3726 280 3797 itaque
307 3724 497 3780 ordinationis
531 3731 587 3781 tuae
613 3742 673 3780 non
704 3726 849 3798 inculpata
875 3729 956 3798 prin-

108 3814 192 3884 cipia,
234 3819 299 3884 post
338 3815 583 3869 consecrationem
622 3815 794 3870 Antiocheni
830 3816 956 3888 episcopi

109 3919 196 3975 quam
232 3903 344 3958 tibimet
380 3908 478 3958 contra
513 3904 680 3959 canonicam
723 3905 853 3976 regulam
891 3905 957 3960 vin-

1010 1754 1073 1804 teor
1095 1748 1173 1804 enim
1196 1749 1250 1802 ista
1275 1763 1321 1803 me
1342 1747 1495 1803 dilectione
1512 1748 1653 1802 universae
1673 1746 1842 1802 fraternitatis

1010 1837 1162 1909 obstringi,
1185 1842 1217 1892 ut
1233 1836 1342 1892 nemini
1364 1853 1481 1907 prorsus
1503 1836 1597 1891 iubis
1619 1851 1685 1906 quae
1711 1841 1806 1890 contra
1820 1851 1842 1890 se

1010 1927 1113 1998 posuit,
1130 1926 1293 1994 assentiam,
1308 1947 1323 1975 »
1345 1930 1411 1995 etc,
1431 1941 1516 1994 usque
1534 1925 1573 1980 od
1588 1923 1758 1980 universalis
1770 1923 1842 1980 lisele

1010 2016 1060 2070 siaa
1075 2031 1144 2087 pace
1153 2014 1291 2084 privabis.

1342 2119 1407 2175 Car.
1424 2119 1524 2176 CCVll.

1046 2238 1116 2292 Item
1131 2236 1163 2291 in
1177 2235 1297 2290 concilio
1311 2234 1538 2290 Chalcedonensi
1562 2238 1802 2291 commemoratur
1811 2234 1840 2289 sic

1011 2325 1165 2380 auctoritas
1188 2323 1291 2396 primae
1308 2323 1383 2378 sedis
1398 2340 1404 2378 :
1420 2344 1434 2374 a
1449 2333 1462 2358 ⁸
1478 2324 1533 2379 Nos
1551 2339 1620 2396 ergo
1645 2323 1839 2395 scriptoram·

1010 2414 1172 2470 divinarum
1201 2412 1412 2468 attestationem
1440 2411 1601 2467 evidentius
1631 2411 1838 2477 manifestantes,

1010 2508 1127 2575 propter
1141 2503 1194 2556 hos
1214 2501 1264 2574 qui
1285 2501 1452 2556 substantiae
1472 2507 1614 2556 secretum
1635 2506 1764 2555 evertere
1781 2500 1838 2554 inse

1009 2591 1169 2657 otebantur‚
1191 2591 1327 2657 dicantes,
1347 2590 1496 2643 homiuem
1527 2589 1588 2643 sine
1603 2588 1753 2644 divinitate
1772 2587 1837 2643 fuisse

1010 2685 1147 2745 creatum,
1177 2695 1209 2733 ea
1233 2677 1389 2733 venerabili
1416 2677 1526 2747 virgine
1554 2677 1640 2732 llaria
1676 2677 1838 2748 impudenter

1010 2775 1039 2823 et
1058 2767 1223 2837 vulgariter,
1246 2772 1344 2821 contra
1364 2766 1536 2821 venerabilis
1562 2766 1710 2837 quondam
1734 2761 1837 2837 episcopi

1012 2857 1109 2929 Cyrilli
1125 2857 1324 2912 Alexandrinae
1340 2855 1470 2910 Ecclesia
1487 2855 1605 2921 litteras,
1616 2861 1645 2907 et
1661 2853 1748 2908 totius
1761 2851 1837 2906 Orien·

1069 2961 1194 3013 congrua
1213 2944 1320 3014 scripta
1342 2943 1478 2997 adversus
1501 2942 1623 2997 Nestorii
1641 2941 1800 3005 amentiam,
1815 2937 1836 2990 ιι

1011 3035 1117 3106 quibus
1150 3033 1303 3088 manifeste
1335 3032 1481 3102 expressio
1512 3031 1582 3086 certi
1609 3034 1697 3102 atque
1727 3025 1835 3084 saluum

1011 3123 1138 3195 Symboli
1160 3121 1399 3187 desiderantibus,
1422 3119 1629 3190 epistolamque
1652 3110 1834 3189 archiepiscopi

1012 3211 1114 3268 Leonis
1133 3210 1234 3282 primoe
1255 3209 1339 3275 sedis,
1360 3225 1424 3280 quae
1441 3207 1582 3263 destinata
1605 3213 1633 3261 et
1649 3207 1756 3262 directa
1774 3203 1834 3259 vide-

1011 3299 1097 3353 batur
1113 3299 1149 3353 ad
1169 3296 1362 3352 venerabilem
1384 3301 1490 3351 sanctae
1510 3294 1659 3350 memoriae
1683 3294 1832 3355 Flavianum,

1011 3386 1046 3440 ad
1059 3384 1299 3457 intercipiendam
1322 3383 1456 3456 Eutychis
1471 3383 1703 3454 malignitatem
1728 3378 1833 3454 quanvis

1011 3475 1100 3529 saneti
1122 3474 1196 3528 Petri
1218 3473 1395 3527 confessione
1420 3471 1502 3527 nobis
1525 3471 1726 3540 concordante,
1749 3475 1776 3523 et
1792 3481 1833 3521 ana

1011 3567 1097 3634 atque
1112 3562 1213 3616 similis
1228 3563 1333 3633 pagina
1348 3561 1407 3614 visa
1422 3567 1474 3629 est,
1492 3560 1626 3614 adversus
1639 3556 1833 3615 obtrectantium

1011 3650 1159 3705 audaciam
1188 3650 1334 3704 evidenter
1356 3649 1475 3703 edocere
1502 3649 1636 3702 convenit
1663 3647 1831 3720 integritatem

1011 3739 1077 3793 fidei
1090 3738 1281 3794 credentibus.
1296 3760 1307 3787 s

1334 3852 1399 3909 Car.
1416 3852 1532 3908 CCVIll.

109 3992 219 4056 dicasti,
232 3992 313 4048 doleo
328 3993 359 4047 in
371 3994 426 4047 hoc
441 3993 625 4049 dilectionem
642 3999 722 4048 tuam
737 4009 798 4048 esse
820 4008 957 4064 progres-
1047 3996 1102 4050 Leo
1129 4011 1202 4065 papa
1230 3994 1260 4048 in
1284 3993 1404 4066 epistola
1428 4009 1493 4065 quae
1516 3997 1621 4048 sanctia
1650 3992 1758 4064 synodo
1780 3982 1833 4060 apud

108 4098 180 4150 sam,
205 4086 236 4135 ut
257 4081 461 4136 sacratissimas
485 4081 666 4136 Nicanorem
693 4097 835 4135 canonum
854 4082 958 4136 consti·
1012 4083 1219 4139 Chalcedonam
1247 4083 1358 4147 direxit,
1383 4083 1466 4137 ‘inter
1495 4087 1598 4136 caetera
1626 4081 1667 4135 sic
1697 4075 1832 4144 scrinialis

109 4169 232 4224 lotiones
247 4170 390 4224 conareris
409 4169 576 4239 intringere,
596 4173 735 4240 tanquam
751 4175 913 4242 opportune
927 4187 957 4225 se
1011 4175 1105 4228 covvetl.
1136 4173 1272 4239 chalced,
1300 4189 1389 4243 pm,
1420 4175 1477 4227 stoc
1505 4173 1584 4241 epist.
1608 4170 1677 4242 lbl:
1708 4188 1720 4223 a
1747 4170 1832 4224 raas

109 4257 163 4312 tibi
177 4257 230 4311 hoo
245 4262 360 4328 tempus
379 4257 526 4323 obtulerit,
547 4273 604 4328 quo
624 4257 744 4312 secundi
762 4258 881 4313 honoris
899 4259 956 4330 pri·
975 4231 1181 4327 Ι)ιιιιιιιιιιιιι,
1202 4261 1236 4316 da
1258 4259 1452 4317 custodiendis
1478 4275 1594 4331 quoque
1618 4266 1776 4314 sanctorum
1795 4254 1829 4307 Pt-

109 4345 248 4417 vilegium
272 4345 354 4400 sedes
380 4345 570 4400 Alexandrina
601 4346 768 4416 perdiderit,
799 4352 826 4402 et
852 4347 956 4402 Antio·
1012 4349 1415 4420 trumstatutis,'quaelsynodi
1431 4348 1549 4403 Nicaenae
1572 4340 1831 4402 inviolabilibassuol

109 4434 198 4487 chene
212 4433 334 4488 Ecclesia
348 4433 553 4504 proprietatem
571 4435 664 4489 tertias
683 4435 832 4507 dignitatis
852 4436 957 4491 amise-
1012 4435 1068 4492 fixa
1081 4437 1212 4501 decretis,
1235 4437 1444 4491 observantiam
1464 4441 1565 4491 vestrae
1585 4437 1741 4491 sanctitatis
1758 4432 1829 4488 aluo

108 4521 157 4588 rit,
176 4527 208 4575 ut
223 4519 267 4576 bis
282 4520 352 4575 locis
371 4520 431 4592 juri
449 4526 499 4576 tuo
515 4522 648 4592 subditis,
669 4538 769 4578 omues
789 4524 956 4595 metropoli·
1012 4543 1079 4592 neo,
1112 4531 1142 4582 ut
1167 4527 1234 4598 J'ura
1263 4526 1449 4581 Ecclesiarum
1475 4526 1548 4580 sicut
1577 4526 1612 4579 ab
1641 4525 1698 4580 illis
1726 4514 1829 4579 trecentis

109 4609 168 4664 tani
187 4609 315 4680 episcopi
334 4609 453 4680 proprio
471 4611 584 4666 honore
606 4611 764 4682 priventur.
788 4612 897 4676 Quibus
911 4612 957 4666 in·
1013 4615 1169 4670 octodecim
1186 4614 1314 4669 Patribus
1329 4614 1466 4668 divinitus
1481 4613 1629 4684 inspiratis
1643 4619 1711 4669 sunt
1730 4607 1830 4667 ortam

109 4696 216 4752 evaditis
242 4703 271 4751 et
302 4713 452 4769 nunquam
475 4704 541 4753 ante
573 4699 688 4755 tentatis
716 4699 757 4754 ita
788 4699 957 4770 praeveniris
1012 4708 1209 4776 permaneant,
1226 4703 1297 4758 nihil
1313 4703 1440 4758 alienum
1456 4702 1605 4775 improbos
1621 4703 1829 4758 ambituaccusa-

109 4786 277 4855 ercessibus,
299 4792 329 4840 ut
352 4793 480 4842 sanctam
502 4789 644 4860 synodum
664 4789 699 4844 ad
719 4788 958 4860 exstinguendam
1013 4793 1112 4864 piscat,
1128 4809 1180 4847 nec
1195 4807 1248 4862 per
1261 4791 1380 4846 alterius
1403 4791 1640 4846 imminutionem
1657 4808 1740 4847 suum
1753 4779 1829 4857 aliquis

109 4876 201 4932 solum
215 4876 360 4940 heresim,
376 4881 405 4930 et
419 4878 454 4931 ad
468 4877 716 4932 confirmationem
731 4877 798 4932 fidei
812 4877 957 4933 catholica
1012 4885 1124 4951 querat
1147 4884 1345 4948 augmentum.
1363 4878 1578 4943 Quantumlibet
1592 4878 1671 4933 enirn
1688 4874 1783 4933 exortis
1799 4879 1829 4920 tl

109 4964 203 5019 studio
235 4964 473 5020 Christianissimi
507 4965 646 5037 principis
677 4971 892 5036 congregatam,
926 4965 957 5020 in
1013 4967 1221 5021 scotationibus
1237 4983 1266 5022 se
1283 4967 1406 5022 instruat
1416 4966 1549 5021 vanitatis
1560 4967 1658 5035 elatio,
1675 4974 1704 5021 et
1717 4957 1829 5037 appelitul

108 5052 287 5108 occasionem
299 5053 423 5108 ambitus
438 5054 544 5121 trabas,
561 5058 590 5108 et
605 5058 636 5108 ut
650 5052 864 5109 conniventiam
874 5070 955 5109 suam
1010 5072 1077 5111 suos
1089 5054 1277 5111 conciliorum
1299 5056 1421 5110 aestimet
1444 5056 1561 5110 nornine
1576 5055 1761 5119 roborandos,
1772 5042 1828 5104 intr·

108 5138 161 5194 tibi
175 5139 259 5194 dedat
273 5139 405 5210 impellas
417 5156 424 5207 ;
438 5145 577 5211 tanquam
594 5140 711 5195 refutari
726 5145 861 5211 nequeat,
877 5142 956 5213 quod
1010 5159 1091 5198 mum
1105 5148 1189 5214 etque
1207 5143 1321 5198 irritum
1348 5141 1413 5209 erit,
1439 5143 1582 5213 quidquid
1611 5159 1630 5198 a
1653 5139 1830 5215 pradictum

108 5226 207 5283 illicite
224 5228 345 5283 voluerit
362 5229 530 5298 multitudo,
552 5234 581 5283 el
600 5229 649 5283 ille
668 5229 848 5285 Nicaenornm
869 5246 954 5285 cano·
1009 5232 1126 5286 Petrum
1142 5231 1301 5286 canonibus
1311 5231 1489 5301 discreparit.
1509 5253 1523 5281 a

32 5424 41 5436 ..
110 5381 257 5505 veamPaulo
273 5387 339 5437 anta
354 5381 440 5437 linem
468 5386 521 5437 acl.
552 5385 577 5447 5,
599 5381 629 5436 in
649 5381 745 5453 Symb.
764 5387 879 5439 centum
895 5383 1105 5456 quinquaginta
1133 5385 1219 5456 episc.
1252 5391 1306 5442 etc.
1333 5385 1364 5441 in
1384 5386 1462 5441 med.
1486 5386 1608 5441 illultum
1623 5387 1711 5443 distat
1732 5386 1766 5440 ab
1786 5377 1833 5438 edil·
