3930 6098
102 260 151 315 stit
182 289 187 293 ·
715 249 829 314 AENEAE
844 258 1059 316 PautStttttsts
1077 257 1235 315 nrtscort
1797 256 1848 308 sui

103 388 154 464 qui
177 390 301 447 fideliter
326 388 413 443 servit
435 387 518 456 Filio,
555 387 632 442 Petri
654 387 749 456 servit,
777 393 806 444 et
828 389 946 460 Spiritui
965 393 1030 446 det
1045 405 1161 444 sensnm
1183 388 1345 443 intellectus
1372 386 1430 442 mei
1453 386 1503 443 tibi
1530 386 1634 442 refero.
1665 387 1749 441 Pater
1775 399 1847 438 unus

104 484 202 535 sancto
216 479 266 552 qui
280 478 310 532 in
326 494 359 532 eo
375 482 426 531 est.
453 478 485 532 Et
510 476 561 548 qui
581 476 682 532 adorat
703 479 826 545 Patrem,
839 479 869 533 in
884 479 946 548 ipso
1004 481 1078 534 Deus
1093 484 1144 542 est,
1161 483 1189 533 et
1203 478 1290 533 Filius
1315 476 1481 548 unigenitus
1506 477 1580 531 Deus
1606 479 1658 541 est,
1682 481 1711 528 et
1726 473 1849 546 Spiritus

104 570 204 624 adoret
218 568 319 622 Filium
340 570 369 621 et
391 565 530 636 Spiritum
554 570 695 634 sanctum,
719 567 788 637 quia
811 567 840 622 in
864 570 948 623 Patre
1003 573 1116 624 sanctus
1132 568 1230 622 unitus
1244 561 1367 622 inPalre
1382 572 1410 621 el
1432 565 1503 620 Filio
1520 568 1595 621 Deus
1608 568 1696 620 est.»

104 662 146 711 est
162 656 247 710 Filius
261 660 289 709 et
299 653 421 725 Spiritus
435 659 549 708 sanctus
563 655 612 724 qui
627 655 712 708 aDeo
725 655 861 724 procedit,
872 655 945 726 ipso,
1349 673 1413 726 CM„
1443 671 1489 726 111,

105 745 222 800 Domine
238 745 367 800 dicente:
389 746 446 812 Epo
473 746 502 798 in
527 745 609 798 Putre
635 749 661 798 ct
685 746 768 798 Putcr
794 749 824 799 iu
854 761 895 798 mc
909 750 948 798 est
1038 763 1111 817 pem
1126 762 1203 816 idem
1217 760 1247 815 in
1262 760 1363 815 eodem
1382 762 1473 814 libro:
1495 758 1572 825 Dttod
1595 759 1718 828 Spiritus
1738 760 1848 812 sauctus

104 835 194 902 (Jffln-
207 849 261 898 ¹¹V=
290 835 340 898 ¹⁰i·
364 833 402 886 ⁰⁰
418 830 526 901 Spiritu
550 847 666 902 (luffllue
690 832 730 885 ⁵10
753 832 811 886 ‘dii‘
828 832 948 901 Spiritus
1003 867 1050 906 acc
1062 854 1191 906 Putersit
1203 866 1250 904 nce
1265 851 1361 917 Filius,
1379 849 1426 903 scd
1438 849 1471 903 de
1491 852 1594 902 nutura
1615 851 1695 902 orcita
1722 850 1847 910 eristius,

103 921 358 991 uutrrupnruclitus
376 924 423 986 qui
440 936 457 973 n
474 921 557 974 Putre
573 935 630 974 turo
648 921 774 990 procedit
789 919 879 992 (loun.
902 936 947 982 xv,
1000 941 1131 1010 proceda,
1146 940 1179 994 d,
1188 942 1242 995 D„
1254 942 1345 1000 Patr„
1359 943 1386 992 ,p
1405 941 1521 1007 accipiat
1536 937 1568 992 d,
1583 940 1632 991 De,-
1651 938 1732 991 pipo·
1748 956 1762 983 „
1783 936 1848 989 30„

104 1011 160 1076 ω·
180 1010 289 1063 Etcum
306 1008 408 1062 Fisfflffl
434 1007 497 1079 ‘1⁰5⁵
516 1009 626 1073 ³d⁰f³b
654 1008 684 1062 1¹¹
701 1025 734 1062 ⁰⁰
755 1008 948 1062 Piis²¹¹¹⁰d⁰·
1003 1028 1370 1097 tusloannesevangelista
1390 1025 1459 1080 dicit
1483 1027 1514 1079 in
1543 1026 1668 1096 Epistola
1693 1039 1765 1078 sua:
1787 1025 1847 1077 ires

104 1097 518 1169 ¹⁹³¹,flisllil'st01ssflfl110fflm»
543 1097 611 1168 <luia
637 1096 668 1151 5¹¹
691 1097 753 1167 59⁵⁰
778 1103 821 1152 e⁵i
844 1099 947 1166 Piiffl'i
1003 1122 1069 1172 sunt
1098 1121 1146 1183 qui
1170 1120 1352 1171 testimouium
1373 1117 1469 1170 dicuat
1493 1119 1522 1169 in
1537 1116 1610 1180 coelo,
1632 1116 1716 1169 Pater
1738 1119 1764 1168 ct
1786 1114 1844 1167 Ver·

104 1187 217 1242 dicente
234 1201 287 1240 eo:
318 1184 370 1250 Oui
398 1202 440 1240 rac
465 1186 549 1247 uidet,
577 1186 652 1240 uidet
680 1190 705 1240 ct
728 1189 837 1241 Putrem
861 1201 949 1240 ruerem
1005 1206 1067 1260 bum
1093 1209 1119 1260 ,p
1151 1206 1283 1274 Spin-pus,
1320 1208 1347 1258 ἃ
1371 1208 1401 1258 m
1428 1204 1532 1259 Cym-„0
1572 1206 1636 1257 πᾶα
1676 1218 1764 1257 ,mum
1787 1204 1848 1255 ,unp

105 1274 195 1344 (Jottu.
210 1292 238 1342 x,
255 1274 302 1346 9);
319 1281 348 1328 et
367 1275 490 1329 ilerum:
507 1277 589 1329 Potor
606 1279 697 1328 nutem
714 1276 741 1328 iu
763 1290 804 1328 mc
826 1288 948 1334 moueris,
1005 1293 1031 1366 (Ι
1044 1296 1123 1349 Joan·
1138 1297 1175 1360 ,p
1191 1295 1251 1348 Non
1272 1298 1369 1347 tamen
1385 1308 1459 1346 „nus
1473 1298 1526 1356 οὓς,
1541 1292 1608 1363 qui„
1625 1306 1685 1344 non
1700 1295 1744 1345 ,st
1759 1288 1789 1343 in
1807 1287 1848 1343 hi,

105 1367 163 1434 ipsc
188 1365 256 1430 fucit
279 1378 370 1433 opero.
397 1363 487 1432 (ibid.)
511 1364 549 1417 De
569 1362 677 1433 Spiritu
700 1379 765 1416 vero
789 1368 886 1416 sancto
911 1363 951 1416 sic
1006 1400 1062 1438 un,
1086 1399 1217 1453 persona·
1235 1382 1305 1436 Nam
1333 1397 1419 1435 ,mum
1445 1381 1522 1452 quod
1551 1380 1622 1435 dim
1644 1381 1679 1433 de
1710 1378 1847 1449 utrisque,

105 1453 145 1505 ait
159 1468 165 1505 :
181 1453 239 1519 llic,
253 1452 356 1523 iuquit,
373 1468 414 1505 otc
438 1453 607 1521 clarificavit,
623 1455 688 1517 puio
703 1452 735 1506 dc
754 1467 810 1506 iuro
825 1455 948 1521 (recipiet,
1005 1471 1074 1541 quid
1088 1471 1164 1525 ,liud
1183 1470 1355 1542 intelligitur
1369 1486 1456 1540 quam
1472 1470 1547 1540 quod
1566 1471 1638 1523 ΒΜ
1660 1470 1745 1523 pm,
1759 1468 1789 1521 in
1806 1483 1849 1521 na,

106 1545 132 1595 9⁶
146 1541 323 1595 “mmmmm'‘
335 1541 410 1595 l>0b²7³
430 1541 519 1610 (5⁰ssn·
534 1555 589 1601 Μ»
617 1540 681 1610 ll);
698 1545 742 1594 ⁰i²
760 1541 857 1595 omnia
881 1556 951 1606 W·
1005 1567 1070 1615 tura
1088 1560 1246 1615 divinitatis
1258 1559 1333 1614 idern
1350 1559 1410 1630 ipse
1435 1559 1547 1613 dicatur
1565 1562 1595 1613 et
1610 1559 1761 1624 Dominus,
1778 1555 1848 1610 idem

106 1645 211 1695 critique
222 1629 303 1683 bribet
324 1631 414 1694 Potor,
438 1644 497 1682 rnen
510 1634 594 1696 suut3
618 1633 765 1698 propterea
787 1629 846 1683 dici
863 1630 949 1696 undu,
972 1649 1068 1727 ij„
1088 1649 1124 1703 sp
1137 1649 1319 1720 ,tgpjrpusg
1340 1653 1368 1703 et
1383 1647 1469 1702 pilius
1494 1648 1578 1709 Deus,
1604 1647 1740 1718 idemque
1764 1646 1800 1700 sit
1821 1645 1847 1699 in

107 1719 173 1782 ‘lma
198 1717 231 1771 di
258 1733 314 1771 ’ΜΟ
342 1721 457 1786 minii
485 1716 575 1788 (iord,
611 1719 664 1785 ¹5i·
698 1717 821 1788 spiistffi
853 1717 951 1788 ii³q¹¹⁰
1007 1737 1203 1792 divinitateet
1227 1737 1401 1803 Dominus,c
1430 1737 1565 1808 idemque
1593 1736 1629 1790 sit
1652 1741 1681 1790 et
1708 1735 1848 1807 Spiritus?

107 1805 198 1859 Patris
210 1804 333 1874 Spiritus
350 1805 412 1859 l'ilii
428 1809 479 1872 est,
498 1806 634 1873 Apostolo
658 1806 788 1860 dicente:
811 1805 889 1871 Quod
901 1822 952 1860 uu·
1007 1827 1059 1882 sed
1073 1833 1101 1883 ,t
1115 1826 1236 1899 spirim,
1259 1827 1411 1897 paraclitus
1434 1827 1516 1893 Deus,
1542 1825 1677 1896 idemque
1700 1825 1740 1878 sip
1756 1829 1784 1878 εἰ
1799 1824 1848 1877 00,

107 1898 159 1948 iim
173 1899 237 1948 “3³²⁵
262 1895 314 1964 filli
340 1897 400 1961 Deir
424 1897 500 1948 misit
520 1897 592 1949 Diui
618 1895 752 1964 sllil'l'fflm
775 1896 839 1949 Filii
863 1899 907 1949 δαὶ
924 1899 953 1949 ῑῃ
1008 1916 1104 1971 minus
1119 1916 1149 1970 in
1164 1922 1265 1969 natura
1281 1915 1405 1982 deitatis,
1421 1915 1497 1969 idem
1512 1914 1549 1968 sil
1565 1919 1593 1968 et
1607 1913 1733 1983 Spiritus
1747 1911 1847 1967 ‘lVidcs

106 1984 190 2037 ‘'m“
202 1986 296 2037 'mma
320 1982 391 2050 (Gai
404 1999 441 2051 ¹V⁹
458 1982 504 2053 ⁶)3
527 1988 555 2037 “t
579 1983 684 2036 iterum
701 2000 707 2037 ³
725 1985 755 2039 Si
776 1988 837 2050 ‘1²‘ss
862 1989 953 2038 “mem
1008 2007 1076 2078 quie
1092 2005 1121 2059 in
1132 2004 1237 2059 deitate
1252 2009 1280 2057 et
1293 2004 1323 2057 in
1342 2003 1502 2057 substantia
1522 2001 1712 2073 plenitudinis
1726 2017 1779 2072 per
1792 2016 1847 2054 otn-

107 2072 242 2141 si'imum
258 2072 358 2128 Christi
386 2087 440 2125 ”⁰²²
457 2071 546 2134 habiit
569 2072 612 2124 ΜΟ
640 2088 694 2126 ’²⁰²²
713 2077 753 2126 δεῖ
776 2073 835 2140 ‘jus
865 2073 956 2146 (ΒΜ.
1008 2095 1056 2150 nia
1072 2110 1163 2149 unum
1178 2098 1254 2159 sunt,
1271 2092 1338 2147 etin
1355 2092 1489 2146 omnibus
1505 2106 1692 2162 personarum
1705 2094 1764 2144 tres
1778 2091 1846 2142 sunt

107 2175 167 2225 vltl,
182 2162 228 2228 9);
248 2163 274 2213 et
294 2160 399 2214 iterum
413 2175 420 2212 :
436 2160 495 2214 Scio
518 2163 588 2214 cuim
602 2164 667 2226 quia
695 2160 744 2214 ltoc
769 2161 837 2214 tuidi
857 2177 954 2231 prooe-

108 2251 164 2301 rtict
174 2252 202 2302 in
217 2249 332 2303 sulutem
348 2264 398 2318 per
412 2252 530 2302 oestrum
542 2252 691 2303 orationem
717 2254 742 2303 et
759 2250 953 2304 sitbmiuistra-

110 2338 208 2390 tionem
220 2337 341 2406 Spiritus
354 2338 419 2391 iesu
440 2336 540 2391 curisti
562 2336 672 2406 (Philip.
689 2353 709 2403 1,
732 2340 776 2403 29)
814 2338 844 2392 lu
861 2338 954 2392 Evan-

109 2425 184 2495 gelio
200 2440 315 2495 quoque
330 2424 392 2496 ipse
419 2425 558 2479 Dominus
573 2425 630 2480 ait:
655 2427 820 2493 Pnruclitus,
849 2426 955 2497 inquit,

110 2516 232 2585 Spiritus
260 2520 381 2578 sanctus,
405 2533 484 2582 quem
508 2520 597 2572 mittet
617 2519 700 2572 Pater
720 2522 749 2571 iu
773 2523 880 2573 nornine
897 2535 955 2574 suco

112 2607 201 2675 (loun.
216 2620 272 2672 xiv,
288 2607 347 2673 ro).
376 2605 407 2658 lit
429 2604 459 2657 ln
481 2605 597 2658 Actibus
625 2605 870 2675 apostolornmita
885 2605 957 2675 legi·

111 2697 177 2746 tur:
197 2694 379 2746 transcuntes
391 2696 482 2745 cutem
505 2692 654 2760 Pbrppium
666 2697 693 2746 ct
716 2692 863 2759 dulcitium,
879 2697 957 2747 uetiti

111 2785 205 2835 struto
226 2781 333 2850 Spiritu
362 2784 455 2835 sonato
483 2783 558 2846 loqui
582 2782 703 2835 uerbum.
731 2782 796 2837 Cum
822 2786 957 2836 uenissent

113 2875 204 2924 uutcm
230 2873 258 2922 in
283 2871 411 2936 lipsium,
443 2869 585 2922 tentabunt
610 2873 650 2922 ire
672 2869 838 2937 Bithyniam,
864 2875 957 2924 ctuort

1010 2185 1081 2239 Nam
1114 2182 1190 2253 quod
1219 2186 1277 2236 tres
1301 2185 1379 2251 sunt,
1404 2181 1472 2252 quid
1501 2180 1580 2235 aliud
1610 2180 1736 2234 sentitur
1759 2178 1845 2243 foisse,

1009 2288 1095 2345 quam
1111 2272 1194 2326 Pater
1207 2286 1290 2325 cerus
1305 2286 1388 2336 unus,
1414 2270 1458 2322 vel
1480 2269 1558 2323 solus
1575 2267 1624 2339 qui
1644 2267 1757 2338 genuit,
1780 2265 1846 2321 iden

1009 2361 1117 2415 nonsit
1131 2359 1183 2431 qui
1197 2365 1225 2414 et
1241 2358 1409 2429 unigenitus
1423 2358 1533 2429 abipso
1549 2359 1613 2412 est‘?
1624 2358 1656 2411 Et
1672 2356 1761 2410 Filius
1782 2369 1845 2408 untrs

1010 2449 1060 2521 qui
1076 2465 1134 2502 non
1150 2447 1336 2518 gennitsicut
1350 2446 1411 2517 ipse
1425 2464 1440 2500 a
1456 2448 1537 2502 Putre
1555 2445 1678 2516 genitus,
1700 2447 1784 2501 Pater
1797 2458 1844 2497 non
1869 2480 1872 2486 .

1011 2537 1074 2592 sit?
1090 2541 1118 2591 et
1132 2536 1177 2590 bic
1196 2536 1318 2606 Spiritus
1334 2541 1448 2589 sanctus
1472 2536 1544 2588 alius
1567 2535 1613 2600 sit,
1635 2534 1687 2606 qui
1710 2549 1763 2587 nec
1776 2534 1844 2587 Peter

1011 2641 1063 2679 nec
1078 2625 1164 2679 Filius
1175 2630 1226 2690 est,
1243 2624 1293 2694 qui
1307 2640 1359 2678 uec
1374 2623 1476 2694 genuit
1486 2638 1537 2677 nee
1548 2625 1661 2694 genitus
1675 2624 1689 2676 ‘l
1704 2638 1769 2676 cum
1784 2620 1842 2674 elius

1011 2714 1092 2768 sitin
1108 2729 1229 2783 persona
1244 2712 1294 2783 qui
1305 2713 1416 2784 gennit,
1433 2717 1462 2765 et
1476 2713 1548 2765 alter
1571 2711 1607 2765 sit
1620 2712 1650 2764 in
1673 2726 1791 2782 persona
1803 2708 1841 2779 qui

1013 2802 1177 2874 unigenitus
1191 2801 1226 2855 ab
1245 2801 1308 2872 ipso
1325 2806 1376 2868 est,
1397 2806 1425 2854 et
1448 2801 1520 2854 alius
1539 2801 1658 2871 ndaeque
1681 2800 1711 2853 in
1726 2814 1839 2870 persana,

1012 2897 1043 2946 nt
1067 2892 1135 2956 dixi,
1167 2891 1326 2945 secundum
1360 2889 1488 2944 divinam
1514 2890 1701 2959 Scriptorum,
1731 2888 1779 2959 qni
1800 2900 1839 2940 ner

109 2961 293 3030 permisitms
314 2958 435 3027 Spiritus
454 2957 607 3026 lesu(Act.
628 2963 693 3024 rvr).
723 2957 959 3013 llunilestissimis
977 2969 1160 3036 epum„
1176 2980 1263 3034 pilius
1282 2984 1342 3033 est,
1369 2978 1415 3033 hi,
1439 2982 1481 3033 esp
1507 2978 1629 3049 spiritus
1659 2982 1780 3043 sanctus,
1801 2974 1837 3028 „d

113 3047 202 3118 igilur
216 3045 389 3100 testimoniis
413 3047 563 3116 probatur,
593 3047 669 3117 quod
694 3046 816 3118 Spiritus
832 3052 957 3116 sanctus,

113 3143 235 3213 Spiritus
261 3142 426 3212 paraclitus,
452 3142 576 3213 Spiritus
599 3143 681 3214 quia
708 3145 790 3199 Patre
818 3145 957 3215 procedit,

113 3233 235 3304 Spiritus
246 3231 283 3286 sit
297 3231 371 3298 Filii,
387 3230 509 3301 Spiritus
523 3231 637 3299 Christi,
652 3231 775 3302 Spiritus
789 3234 865 3288 iesu.
880 3253 894 3286 u

474 3317 538 3375 Cur.
561 3319 594 3374 ll.

135 3412 222 3468 ,item
237 3408 264 3463 S.
291 3406 463 3462 Athanasius
486 3407 516 3460 in
542 3406 615 3461 libro
630 3416 643 3441 ⁸
667 3409 702 3462 de
731 3407 841 3463 unitate
868 3408 960 3464 Trini-

114 3497 197 3552 tatis:
214 3496 292 3561 Quod
311 3496 432 3564 Spiritus
447 3499 558 3550 sauctus
571 3500 665 3550 unitus
687 3500 759 3552 Deus
774 3502 811 3553 sit
825 3500 854 3551 iu
878 3501 960 3553 Putre

116 3588 142 3638 ct
157 3585 236 3651 Filio,
262 3583 302 3636 sic
318 3583 404 3637 dicit:
423 3601 437 3634 u
467 3586 510 3637 Aa
539 3584 656 3655 ignoras
685 3586 752 3657 quia
776 3588 861 3640 Pater
885 3603 960 3642 tinus

117 3673 190 3726 Deus
213 3676 266 3740 est,
284 3670 371 3726 Filius
397 3687 472 3725 ttnus
502 3673 573 3726 Dens
600 3678 652 3742 est,
680 3680 711 3728 et
737 3674 859 3745 Spiritus
887 3690 960 3729 unus

117 3761 192 3816 Deus
204 3761 268 3815 est?
286 3760 385 3814 Nonne
401 3776 476 3815 unus
492 3762 628 3827 Deusest,
644 3761 712 3816 dom
725 3763 838 3817 unitum
853 3779 960 3818 nomen

116 3854 158 3904 est
171 3849 201 3903 in
215 3854 320 3904 natura
339 3849 451 3916 οὐσίας
476 3849 516 3904 sic
531 3855 559 3903 et
579 3867 652 3905 ultus
678 3851 799 3922 Spiritus
826 3852 960 3923 estquis

116 3938 197 3992 unita
212 3942 254 3992 est
265 3937 393 4008 ejusdem
407 3937 507 3992 deitas.
530 3940 600 3993 Nam
617 3940 640 3992 si
656 3944 686 3993 tn
711 3956 762 4010 per
776 3940 890 4010 singula
904 3957 958 3994 no·

117 4027 195 4080 mina
210 4042 399 4096 personarum
415 4026 528 4080 unitum
546 4044 651 4082 nomen
674 4028 798 4097 Spiritus
820 4034 863 4083 ter
883 4028 958 4083 desi·

116 4115 367 4186 gnosti,·nunquid
391 4118 448 4168 tres
471 4114 593 4185 Spiritus
608 4116 702 4170 dicere
718 4117 853 4187 oportet?
866 4116 957 4172 absit.

1014 3069 1152 3139 planede
1174 3069 1255 3122 uuita
1280 3072 1383 3122 natura
1408 3071 1469 3121 est:
1490 3066 1554 3121 ideo
1580 3065 1610 3119 iu
1635 3066 1741 3119 deitate
1765 3063 1835 3126 nnita,

1012 3157 1151 3216 auaitum
1178 3156 1333 3210 divinitatis
1354 3171 1460 3209 nomen
1487 3159 1537 3220 est,
1562 3154 1637 3208 sicut
1668 3154 1698 3207 in
1730 3152 1836 3206 claritate

1014 3245 1185 3316 evangeliste
1207 3245 1372 3314 Scriptura,
1404 3243 1439 3297 de
1468 3244 1577 3313 Spiritu
1605 3242 1744 3312 paraclito
1768 3239 1834 3296 lilius

1014 3338 1144 3401 testetur,
1169 3333 1284 3388 dicens:
1304 3337 1343 3390 De
1361 3336 1443 3388 Putre
1465 3333 1591 3402 procedit
1605 3333 1695 3402 (loon.
1720 3347 1763 3397 xv,
1778 3327 1835 3395 iil:

1014 3424 1096 3477 etsie
1112 3428 1279 3494 prosecutus
1298 3427 1357 3476 est:
1379 3424 1416 3475 lit
1435 3422 1468 3476 de
1483 3437 1540 3475 meo
1564 3424 1680 3490 accipiet
1700 3419 1783 3488 (locu.
1796 3431 1834 3475 tn,

1016 3512 1069 3582 rt).
1088 3513 1120 3567 Et
1134 3512 1199 3567 ideo
1222 3513 1270 3567 ubi
1289 3527 1420 3583 personae
1441 3509 1639 3581 requiruntur,
1666 3510 1778 3581 propria
1797 3520 1835 3559 no·

1014 3602 1092 3655 mina
1121 3602 1183 3672 [per
1208 3601 1279 3670 hece]
1306 3600 1533 3670 distinguuntur.
1568 3599 1620 3653 Ubi
1648 3604 1744 3652 antem
1768 3595 1836 3652 delta

1014 3689 1152 3760 poscitur,
1176 3689 1288 3743 unitum
1319 3704 1426 3743 nornen
1452 3687 1495 3760 [in
1525 3685 1581 3759 liis]
1607 3687 1759 3742 indicatur.
1781 3685 1835 3749 Duo·

1015 3779 1093 3833 niam
1116 3794 1210 3833 sumus
1229 3778 1264 3832 ad
1292 3777 1411 3831 nomina
1436 3791 1624 3846 personarum
1648 3774 1794 3845 pluraliter
1804 3767 1835 3823 di-

1014 3870 1091 3920 ctum
1121 3866 1353 3930 demonstratur;
1380 3880 1412 3918 ae
1437 3856 1568 3934 peritae
1589 3864 1620 3917 in
1649 3864 1755 3917 deitate
1779 3856 1836 3913 unilt

1015 3970 1105 4009 unum
1140 3959 1215 4022 sunt,
1254 3959 1282 4008 et
1306 3954 1337 4007 in
1377 3952 1546 4006 nominibus
1582 3966 1769 4023 personarum
1795 3951 1835 3999 uu

1014 4047 1089 4097 sunt.
1105 4064 1119 4092 »

1367 4112 1431 4167 Cur.
1448 4112 1497 4172 tv,

115 4205 196 4269 Quod
212 4205 236 4259 si
247 4205 301 4258 hoc
315 4207 450 4273 potuerat
461 4203 527 4268 dici,
544 4204 599 4257 tale
613 4209 674 4258 erut
690 4210 720 4259 ut
735 4211 763 4259 et
778 4205 832 4259 boc
846 4207 874 4259 in
890 4221 957 4260 con·
1050 4203 1120 4258 ltcm
1137 4202 1214 4256 idem
1228 4201 1258 4254 in
1288 4201 1358 4255 libro
1377 4201 1500 4255 secundo
1527 4200 1561 4255 de
1584 4199 1711 4270 propriis
1732 4189 1833 4269 personis

116 4293 238 4346 sessione
253 4292 371 4346 deberet
385 4290 537 4357 introduci,
561 4296 618 4346 tres
634 4293 702 4347 deos
717 4294 821 4364 plurali
836 4310 957 4349 numero
977 4267 999 4321 D
1015 4296 1043 4344 et
1057 4291 1092 4345 de
1106 4290 1186 4344 unito
1201 4288 1319 4343 nomine
1348 4288 1505 4343 divinitatis
1522 4304 1528 4341 :
1558 4286 1636 4352 Quod
1660 4288 1775 4356 Spiritus
1786 4294 1832 4335 son·

117 4379 295 4450 nuncupari:
311 4384 345 4432 ut
355 4378 416 4448 jam
431 4394 489 4432 non
503 4383 602 4434 essetb
622 4381 653 4435 in
667 4381 711 4435 bis
735 4383 862 4454 personis
879 4386 960 4437 unita
1012 4384 1071 4434 ctus
1083 4384 1154 4434 sicut
1167 4382 1287 4432 mittitur
1301 4394 1318 4432 c
1343 4380 1434 4438 Putre,
1461 4381 1525 4431 item
1548 4380 1671 4431 mittitur
1694 4380 1720 4430 et
1743 4391 1760 4428 c
1776 4368 1830 4426 lilii·

116 4466 393 4534 naturadivinitatis,
410 4469 459 4523 sed
470 4469 668 4540 unusquisque
683 4470 713 4525 in
729 4471 846 4543 propria
862 4473 904 4527 rel
919 4471 960 4527 di·
1013 4490 1027 4516 α
1038 4468 1067 4522 Si
1084 4468 1172 4523 Filius
1187 4468 1215 4521 in
1233 4467 1349 4520 nornine
1365 4465 1456 4520 Patris
1482 4466 1569 4532 venit,
1590 4463 1720 4534 nunquid
1740 4464 1791 4532 ipse
1804 4455 1832 4506 tii
1878 4482 1880 4495 ¹

116 4573 195 4612 versa
214 4561 317 4612 natura
344 4572 395 4610 sua
423 4557 598 4612 consisteret.
628 4558 709 4623 Quod
738 4560 821 4615 absit.
846 4562 959 4615 lnlerea
1011 4555 1228 4627 Paterquiait:
1254 4559 1433 4623 Epooeniiu
1454 4558 1561 4608 nomine
1585 4556 1679 4608 Putris
1702 4549 1829 4619 mettium·
1878 4578 1880 4627 1

116 4662 213 4700 rursus
229 4645 328 4700 eedem
341 4650 450 4717 repeto,
467 4655 495 4701 et
509 4645 545 4700 ad
559 4651 607 4701 tua
621 4647 695 4702 dicta
710 4647 795 4702 rerba
808 4664 955 4719 comparo,
1012 4648 1036 4714 v)
1053 4662 1059 4712 ;
1077 4647 1146 4700 dum
1162 4646 1244 4699 Pater
1259 4646 1332 4699 Deus
1347 4644 1392 4711 sit,
1416 4643 1446 4696 in
1471 4641 1685 4713 cujusnonrine
1708 4640 1830 4695 Filiustl·
1877 4660 1880 4755 p

149 4815 162 4840 ⁸
175 4807 214 4860 De
228 4806 337 4859 Unitote
352 4806 505 4860 Trinitatis.
529 4806 560 4860 ln
576 4807 683 4874 Grteco,
708 4807 741 4860 dc
762 4809 872 4861 Unitutc
896 4811 954 4862 Dei.
1010 4805 1087 4858 clusa
1103 4804 1189 4871 vides,
1205 4803 1300 4858 addila
1313 4807 1409 4858 sonte
1429 4801 1517 4856 veteri
1541 4801 1671 4855 versione
1693 4799 1773 4854 edita.
1789 4791 1829 4847 1οῑ
1877 4780 1880 4825 ¹

148 4877 208 4929 tln
219 4875 393 4945 dispersoris
417 4879 505 4930 atrito.
528 4877 665 4931 Aclrerius
680 4877 749 4932 alias
776 4879 834 4946 legi
860 4885 958 4938 monet
1010 4876 1060 4929 nbi
1085 4877 1232 4943 legebatur
1253 4878 1281 4928 in
1299 4874 1400 4928 deitate
1422 4874 1587 4933 divinitalis,
1615 4874 1828 4940 postremamve,
1878 4890 1880 4895 ·

1 4957 7 4969 ·
112 4953 142 5001 iu
157 4949 277 5008 bisunu,
294 4947 370 5017 quod
395 4947 486 5018 magis
508 4948 610 5017 placet.
628 4948 714 5015 loire,
738 4950 890 5004 intellectus
905 4953 957 5004 inci
1010 4963 1081 5010 cem,
1107 4947 1233 5015 ejusdem
1260 4945 1362 4998 veteris
1384 4944 1523 4997 versionis
1548 4943 1631 4996 editoe
1654 4942 1740 4996 fidem
1767 4933 1829 4992 rectit

113 5020 163 5073 tibi
179 5019 277 5072 revelo.
1010 5018 1210 5087 expunximus.
1225 5018 1283 5071 lloc
1295 5015 1381 5069 otiam
1395 5030 1452 5068 uon
1468 5013 1662 5068 omittendum
1674 5020 1717 5066 est
1730 5015 1828 5075 racemit

147 5089 299 5154 tlcicurque
324 5092 360 5143 sit
389 5093 415 5143 et
440 5089 571 5158 Spiritus.
603 5088 646 5143 Sic
673 5088 742 5143 alias
770 5088 827 5158 legi
857 5095 957 5145 monet
1009 5090 1140 5142 divinitus
1154 5088 1258 5141 editam
1275 5087 1310 5139 ab
1326 5086 1455 5151 seherio,
1477 5086 1537 5139 lere
1559 5084 1697 5138 omnibus
1716 5083 1779 5136 locis
1797 5069 1828 5126 ult

111 5159 351 5229 richerius3qnod
367 5158 396 5212 in
411 5163 491 5213 textu
505 5159 654 5228 legebatur
667 5161 704 5213 sit
717 5162 747 5214 iu
770 5160 954 5220 dritute,non
1008 5159 1206 5213 voeemdcitns
1235 5157 1387 5222 edidimus,
1403 5155 1480 5228 quod
1508 5155 1676 5210 cumiurito
1697 5153 1829 5219 coutetur

110 5231 181 5285 illud
197 5230 314 5301 quidem
330 5234 391 5283 erat
411 5229 530 5283 omnino
545 5230 663 5295 malurn,
686 5232 734 5285 sed
764 5232 833 5285 duas
848 5240 956 5301 postre-
1009 5232 1084 5296 lecit,
1106 5235 1167 5283 tum
1188 5228 1275 5282 etiam
1296 5232 1395 5281 contra
1416 5227 1617 5281 auctoritatem
1634 5232 1773 5288 veterum,
1786 5227 1829 5288 qil:

110 5317 172 5355 mes
185 5316 267 5354 voces
287 5300 355 5353 satis
369 5303 478 5354 constat
493 5316 553 5353 esse
565 5316 763 5370 supervacuas.
1008 5300 1060 5353 bos
1071 5317 1122 5354 vox
1140 5300 1226 5354 sicitas
1249 5300 1339 5369 magis
1357 5297 1496 5369 placebat,
1519 5302 1550 5350 ut
1570 5297 1708 5352 discimus
1730 5289 1830 5348 insitu

144 5375 157 5415 d
174 5373 286 5426 Unitum
309 5371 463 5425 divinitatis
479 5387 575 5425 laomen
595 5376 642 5425 est.
666 5372 743 5427 llaud
761 5372 953 5427 omittendum
1008 5371 1124 5424 llavelb.
1141 5372 1211 5424 Dial.
1228 5370 1276 5424 lib.
1292 5386 1321 5436 rr,
1342 5386 1402 5439 cap.
1422 5373 1471 5423 ll:
1502 5370 1595 5423 Totius
1622 5353 1827 5430 dtointtcruurl

109 5447 151 5494 est
175 5443 248 5512 quod
274 5442 413 5495 teberius
442 5441 510 5495 alibi
539 5443 646 5512 reperit
673 5443 777 5497 borum
799 5444 952 5498 verborum
1007 5447 1030 5496 si
1042 5444 1138 5497 tristius
1149 5442 1202 5495 dici
1211 5445 1311 5510 potest,
1328 5441 1449 5506 deitatis,
1465 5445 1522 5495 etc.

108 5510 180 5580 loco,
196 5528 334 5567 commuue
357 5529 453 5567 stomun
474 5517 498 5567 ei
518 5518 566 5567 est.
589 5513 665 5567 lutra
689 5530 754 5585 quta
774 5515 887 5569 uncinis
906 5515 953 5568 iu·
