3930 6098
55 286 107 338 lii
608 282 836 340 batanaeae
864 285 907 339 ET
927 285 1101 342 SANGUlNE
1123 285 1253 342 DOithl.
1523 292 1526 305 '
1759 295 1807 348 tes

53 414 233 469 sanctiticare
266 412 411 485 quiverit?
444 413 499 467 Nec
532 417 628 468 tamen
665 414 835 484 Apostolum
871 414 939 471 inat
960 415 1050 487 ipsam
1066 432 1152 488 quarn
1170 416 1253 471 hodie
1277 420 1400 489 populus
1422 420 1601 477 credentium
1627 421 1658 477 in
1683 424 1808 481 Ecclesia

54 504 170 560 Christo
185 502 312 556 lacertum
325 501 463 555 eudemus
483 501 577 554 dicere
594 502 671 572 quod
698 518 754 556 non
780 518 844 556 vere
861 502 906 558 di·
961 505 1115 559 manducat
1130 511 1156 560 et
1172 505 1243 560 bibit
1256 506 1419 576 (Vicianum.
1432 510 1488 576 Ι25).
1511 511 1572 563 Noa
1588 511 1666 567 enim
1687 512 1753 569 licet
1768 515 1809 569 di·

54 592 244 663 xeritpatres
267 590 426 644 nostrosiu
448 590 525 644 rrube
555 589 671 644 etmarl
700 589 784 644 luisse
813 590 904 662 bapti·
960 594 1220 664 uersamintelligi,
1248 595 1385 665 quoniam
1412 612 1486 650 unus
1512 598 1646 670 idemque
1678 602 1808 658 Christos

54 686 145 735 ratos.
962 687 1012 744 est,
1030 684 1080 754 qui
1096 689 1123 737 et
1138 684 1278 753 populum
1297 683 1327 737 in
1340 684 1461 744 deserto.
1484 685 1514 738 in
1536 689 1613 743 nube
1638 693 1667 744 et
1689 690 1719 745 in
1734 684 1808 747 inari

88 768 342 840 salamannus
359 767 518 840 baptismus
542 767 591 821 ille
611 768 734 822 formam
751 768 906 839 baptisma·
960 770 1149 841 baptizatum,
1165 788 1217 825 sua
1231 789 1314 827 carne
1336 773 1424 844 pavit,
1443 791 1494 828 sira
1519 778 1657 847 sanguine
1673 783 1741 834 lianc
1761 798 1808 852 po·

54 859 92 913 tis
104 858 222 923 Christi,
237 859 315 929 qued
332 857 417 911 hodie
432 857 542 926 geritur
560 856 589 909 in
606 857 739 922 Ecclesia,
756 873 814 910 raon
829 873 906 926 praa-
963 860 1040 926 tavil,
1061 866 1090 914 et
1110 861 1138 914 iu
1163 861 1284 914 Ecclesia
1300 877 1375 915 natue
1405 863 1583 918 credentium
1597 868 1746 938 {populum
1764 871 1807 924 sui

53 947 165 1012 tulerit,
187 947 361 1017 baptismum
387 950 482 999 lanian
499 945 646 1010 exstitisse,
669 950 698 998 et
713 945 743 998 iu
758 961 790 999 ea
813 953 907 1017 patres
962 948 1089 1018 eorporis
1100 964 1184 1018 pane,
1201 949 1244 1003 sai
1259 949 1407 1018 sanguinis
1421 951 1497 1006 unda
1508 951 1599 1022 pascit
1615 959 1700 1025 atque
1715 962 1806 1027 potat.

54 1043 170 1091 nostros
186 1036 344 1106 baptizatos
359 1033 454 1100 nassa,
470 1034 565 1087 nullas
584 1049 690 1103 negare
706 1050 792 1088 sanias
816 1035 905 1087 aude-
996 1037 1084 1092 lllilV.
1101 1037 1180 1101 Quod
1209 1038 1307 1092 volens
1332 1040 1485 1110 Apostolus
1510 1039 1654 1109 intimare,
1683 1046 1807 1100 cumdi-

53 1125 107 1191 bit,
124 1125 182 1178 nisi
205 1125 300 1179 serbis
323 1125 450 1194 Apostoli
472 1122 667 1176 contradicere
692 1139 813 1177 vesanus
837 1139 908 1194 prae·
960 1124 1046 1178 xisset
1083 1130 1177 1196 patres
1205 1132 1319 1180 nostros
1348 1127 1479 1182 eanrlem
1508 1145 1600 1184 eseam
1630 1131 1807 1201 spiritualem

55 1213 223 1285 sumpserit.
239 1213 331 1284 Igitur
347 1218 376 1266 et
401 1227 478 1264 mare
504 1214 532 1264 el
558 1211 649 1265 nubes
666 1227 722 1265 nen
748 1213 905 1266 secuudum
962 1213 1157 1282 manducasse,
1196 1215 1387 1287 eumdemque
1419 1222 1519 1286 qratiam
1553 1218 1732 1288 spiritualem
1765 1221 1809 1276 bi·

56 1301 111 1357 hoc
126 1302 206 1373 quod
223 1316 327 1371 cerpus
339 1300 514 1365 exstiterant,
531 1299 763 1353 sanctificationis
790 1300 906 1352 mnndi-
961 1301 1046 1366 bisse,
1059 1309 1268 1374 consequenter
1282 1304 1408 1374 adjecit:
1436 1306 1570 1361 Bibebant
1597 1314 1688 1363 arrian
1707 1309 1740 1363 dc
1754 1314 1809 1379 spi·

56 1391 127 1445 tiam
148 1391 312 1461 praebuere,
338 1404 437 1442 rerum
463 1388 619 1457 secundum
633 1387 709 1458 quod
726 1370 908 1442 invisibiliter
961 1391 1059 1444 rituali
1072 1395 1243 1461 consequenti
1257 1408 1299 1448 eos
1319 1397 1409 1462 petra.
1436 1396 1516 1448 Petra
1537 1401 1627 1450 tractem
1655 1400 1714 1452 erat
1730 1398 1808 1454 Clari·

56 1481 145 1533 sancti
176 1479 302 1549 Spiritus
330 1477 582 1531 sanctiticationcm
612 1476 807 1530 continebant.
843 1477 909 1530 Erat
961 1483 1020 1532 slus
1053 1478 1074 1548 lt
1104 1480 1164 1534 Car.
1193 1496 1219 1547 x,
1248 1481 1283 1550 ll.
1310 1482 1343 1536 Ut
1370 1481 1610 1554 intelligeremus,
1639 1485 1668 1538 in
1698 1487 1809 1541 deserto

55 1568 232 1638 namqueiu
257 1567 299 1620 eis
323 1565 443 1620 visibilis
462 1566 564 1633 torma,
593 1565 824 1636 quae'corporeis
843 1580 907 1618 sen·
963 1567 1106 1622 Christum
1124 1568 1151 1621 in
1175 1569 1317 1638 spirituali
1344 1576 1424 1640 petra
1440 1573 1610 1639 constitisse,
1640 1574 1809 1630 etsnisan-

54 1655 134 1710 sibus
154 1661 318 1727 appareret,
339 1671 396 1708 raon
421 1654 451 1708 iu
467 1653 603 1723 imagine,
620 1654 668 1708 sed
684 1653 714 1708 in
729 1655 862 1718 ceritate;
880 1655 908 1707 et
962 1656 1058 1726 guinis
1071 1656 1175 1710 landam
1187 1658 1470 1729 populopuebuisse,
1483 1661 1532 1731 qui
1545 1667 1643 1730 postea
1655 1679 1759 1735 corpus
1774 1664 1809 1718 de

53 1746 177 1799 interius
192 1743 350 1816 spiritualis
365 1742 490 1813 potentia
505 1742 675 1813 refulgebat,
692 1757 757 1812 quas
771 1758 828 1795 non
848 1756 908 1794 cer·
923 1716 943 1770 B
962 1744 1077 1814 Virgine
1088 1750 1246 1815 sumptum,
1262 1752 1291 1799 et
1305 1762 1355 1816 pro
1370 1749 1460 1801 salute
1476 1749 1654 1805 eredentium
1671 1751 1700 1806 iu
1726 1768 1808 1807 cruce

54 1834 99 1888 uis
115 1833 219 1898 oculis,
234 1832 281 1887 sed
297 1833 401 1886 mentis
419 1831 577 1886 luminibus
591 1835 752 1902 appareret.
962 1848 1143 1904 suspensum,
1162 1834 1266 1887 nestris
1293 1834 1403 1888 suculis
1432 1836 1570 1903 exhibuit,
1598 1843 1672 1892 etex
1691 1856 1808 1893 eusan-

89 1922 175 1977 till.
193 1920 334 1976 Similiter
349 1935 452 1974 mentre
477 1919 585 1991 populo
600 1920 634 1974 de
658 1919 728 1972 caelo
754 1919 864 1983 datram,
881 1920 910 1970 et
962 1921 1057 1991 guinis
1071 1922 1177 1975 undam
1193 1922 1294 1976 elindit
1313 1932 1325 1956 ⁸
1338 1939 1394 1993 qao
1406 1938 1464 1977 non
1480 1925 1573 1978 solum
1588 1927 1806 1995 redimeremur,

56 2008 300 2082 aquaprnssuens
329 2008 363 2062 de
388 2014 478 2080 petra,
506 2008 669 2078 corporales
698 2007 909 2061 exstiterentet
961 2025 1061 2063 verram
1079 2010 1164 2063 etiam
1184 2017 1361 2080 potaremur.

56 2099 249 2170 corporaliter
263 2096 402 2168 populum
426 2097 470 2152 rel
494 2095 649 2167 pascebant
677 2095 721 2149 rel
746 2096 907 2164 potabant:
998 2097 1072 2153 xxv,
1089 2098 1190 2152 llirum
1215 2103 1302 2165 certe,
1319 2097 1456 2169 qnoniam
1474 2097 1809 2169 incomprehensibilem

56 2194 185 2242 attamen
203 2184 354 2258 Apostolus
372 2186 414 2240 vel
428 2186 498 2240 illud
515 2185 683 2250 manna,vel
700 2184 778 2237 illam
792 2199 908 2255 aquam,
960 2186 1176 2242 inaestimabilel
1195 2186 1327 2241 Nondum
1350 2187 1497 2242 hominem
1514 2195 1716 2258 assumpserat,
1735 2206 1807 2244 non·

57 2276 347 2346 spiritualemescam
371 2274 610 2344 spiritualemque
639 2278 740 2342 potum
770 2272 906 2343 appellat.
962 2276 1030 2330 darn
1047 2291 1099 2345 pro
1116 2275 1206 2329 salute
1229 2275 1328 2328 marcidi
1357 2281 1480 2330 mortem
1503 2276 1714 2347 degustaverat,
1740 2294 1808 2333 non·

58 2363 467 2428 Curhocionnniaminerat
490 2359 634 2433 corporeis
659 2360 716 2414 illis
743 2359 909 2415 substantiis
963 2362 1030 2416 dum
1046 2362 1314 2432 sanguinosuonos
1334 2362 1504 2429 redemerat,
1521 2365 1619 2435 etjam
1647 2366 1736 2420 nostri
1761 2384 1811 2437 pa·

58 2454 219 2524 spiritualis
234 2453 318 2507 Verbi
334 2455 469 2522 potestas,
486 2467 550 2522 quas
566 2455 676 2504 mentes
701 2449 796 2519 potins
822 2464 908 2520 qnam
963 2455 1019 2504 tres
1033 2450 1062 2504 in
1076 2449 1188 2504 deserto
1207 2466 1258 2522 per
1271 2466 1364 2504 escam
1387 2451 1566 2520 spiritualem
1592 2458 1751 2525 polumque
1765 2456 1809 2508 in-

58 2558 177 2613 corpore
209 2541 388 2595 credentinm
415 2543 545 2611 pasceret
572 2544 658 2610 atque
689 2542 803 2609 potaret
825 2537 910 2607 (Vide
961 2537 1528 2608 risibilemejascorpnsmanducabant
1553 2543 1663 2610 atejus
1687 2544 1807 2611 sangui-

59 2630 253 2700 num.t5).Et
277 2645 342 2684 cram
368 2629 504 2683 cibusvel
535 2633 617 2698 patus
649 2628 697 2681 ille
725 2626 814 2682 tutari
848 2642 909 2679 cor·
962 2626 1495 2682 nembibebant:relattestisexstat
1518 2630 1810 2698 Apostolusclamans

60 2719 137 2788 poris
152 2716 260 2772 Christi
275 2716 481 2788 sanguinisque
497 2717 676 2787 mysterium,
692 2717 768 2787 quod
785 2715 910 2768 celebrat
963 2716 1092 2769 eamdem
1119 2731 1211 2769 escam
1240 2714 1421 2785 spiritualem
1446 2716 1644 2782 manducasse,
1673 2720 1806 2774 eumdem

62 2807 195 2874 Ecclesia,
228 2811 472 2876 praemonstraret,
512 2805 643 2859 eamdem
685 2810 781 2858 tamen
816 2819 910 2857 escam
963 2809 1064 2873 potum
1081 2803 1257 2874 spiritualem
1270 2802 1374 2857 bibisse
1389 2809 1484 2874 patres
1500 2811 1621 2859 nastros.
1641 2807 1703 2861 Noa
1723 2807 1809 2863 isthic

61 2895 239 2964 spiritualem
256 2895 451 2961 manducasse,
468 2893 601 2947 eumdem
617 2897 715 2965 potum
730 2893 910 2963 spiritualem
963 2892 1036 2947 ratio
1052 2908 1107 2963 qua
1123 2892 1186 2946 heri
1201 2895 1336 2962 potuerit,
1353 2892 1554 2962 disquirenda;
1571 2895 1620 2949 sed
1647 2895 1718 2950 fides
1733 2898 1809 2968 quod

62 2984 163 3038 bibisse
181 2982 817 3053 patresnostrossauctusParrlrrsassererat.
924 2981 1068 3067 Cfactnm
1089 2982 1134 3046 sit,
1163 2980 1441 3051 adhihendallpse
1470 2998 1593 3053 namque
1609 2983 1659 3054 qni
1687 3001 1762 3039 nunc
1781 2984 1809 3038 in

92 3072 185 3128 xxtll.
203 3071 313 3136 Oetacis
335 3071 455 3125 sortasse
478 3085 564 3141 quem
590 3069 744 3124 canadam?
767 3069 908 3123 Nimirum
963 3069 1088 3124 Ecclesia
1104 3069 1296 3139 omnipotenti
1311 3069 1417 3123 virtute
1432 3086 1537 3141 panem
1555 3076 1584 3124 et
1603 3071 1702 3125 vincam
1720 3073 1809 3127 insui

90 3229 174 3295 ⁸an
188 3242 242 3282 non
265 3227 350 3282 salum
370 3226 575 3291 redimeremur,
607 3241 699 3279 acrum
724 3228 806 3280 etiam
827 3230 907 3294 pota·
963 3224 1083 3290 corileti,
1093 3222 1223 3291 qrramris
1237 3222 1332 3292 prima
1342 3227 1369 3278 et
1380 3225 1528 3296 antiquior
1538 3225 1811 3296 essetligurerecen-

62 3315 156 3354 remur.
170 3299 243 3353 Cum
258 3299 334 3352 idem
354 3298 402 3361 sit,
420 3298 499 3351 omni
525 3300 621 3350 amoto
641 3296 815 3361 discrimine,
843 3312 907 3349 san·
961 3295 1043 3349 tioris
1057 3299 1085 3348 et
1099 3294 1194 3364 imago
1209 3310 1257 3347 seu
1274 3293 1327 3348 sub
1340 3301 1485 3364 aspectum
1497 3296 1635 3365 subjectio
1651 3302 1679 3351 et
1703 3297 1812 3368 efligies

62 3371 119 3440 guis
134 3369 313 3439 Christique
330 3375 464 3441 potamur
490 3372 517 3422 et
542 3366 720 3433 redimimur,
749 3367 809 3420 liae
826 3383 906 3419 assu·
962 3381 1103 3436 expressa.
1122 3363 1617 3433 Cumigitureitllatramnusnom.
1635 3370 1811 3423 iteamdem

62 3456 135 3495 mere
159 3454 278 3494 necesse
302 3446 345 3495 est
360 3439 396 3494 ed
421 3436 649 3493 concludendum
675 3438 750 3507 quod
774 3454 838 3490 cum
855 3437 908 3491 Ra·
962 3453 1023 3490 esse
1038 3451 1153 3490 carnem
1169 3451 1256 3505 quarn
1273 3435 1397 3505 populus
1413 3438 1590 3491 credentium
1603 3439 1661 3493 edit
1674 3439 1703 3493 in
1715 3440 1812 3494 Eccle-

62 3517 189 3565 tramnus
203 3509 331 3564 docuerit
349 3515 376 3563 et
388 3509 543 3563 crediderit
553 3507 724 3578 sanguinem
740 3524 791 3578 pro
812 3509 907 3562 homi·
962 3508 1012 3571 sia,
1028 3513 1057 3560 et
1071 3512 1170 3576 potam
1186 3522 1273 3576 quern
1289 3506 1369 3572 bibit,
1387 3523 1444 3561 non
1459 3509 1594 3578 intelligit
1609 3525 1660 3563 nec
1679 3509 1718 3564 ait
1733 3527 1811 3566 eam·

63 3582 141 3635 uibus
170 3580 295 3635 etiosam
323 3596 383 3634 non
411 3595 472 3633 esse
500 3580 639 3633 duntaxat
667 3577 832 3648 liguraturn,
859 3579 907 3632 sed
962 3577 1028 3632 dem
1042 3592 1103 3630 esse
1120 3591 1233 3629 carnem
1249 3582 1278 3631 et
1292 3583 1392 3648 potum
1407 3577 1589 3633 individuum
1605 3586 1634 3634 et
1647 3581 1812 3650 specilicnm

64 3667 158 3706 rerum
175 3658 206 3706 et
220 3651 334 3720 proprie
350 3651 457 3705 dictum
473 3650 641 3719 sanguinem
655 3648 759 3703 Christi
774 3650 907 3704 eductum
962 3647 1043 3701 omni
1057 3647 1169 3701 delectu
1186 3652 1233 3700 aut
1247 3646 1413 3701 discrimine
1427 3654 1550 3716 remoto,
1566 3650 1615 3704 sed
1627 3652 1813 3707 solummodo

65 3726 153 3777 esinu
171 3722 263 3777 beatas
278 3720 402 3791 Virginis
415 3725 442 3775 et
457 3719 621 3774 effluentem
638 3735 669 3772 en
685 3718 764 3773 venis
778 3719 907 3790 corporis
962 3718 1092 3772 camdem
1104 3731 1217 3770 carnem
1234 3733 1331 3786 reapse
1341 3719 1507 3771 manducari
1522 3725 1550 3773 et
1564 3721 1695 3775 eumdem
1711 3729 1812 3792 potum

65 3794 133 3848 cruci
151 3792 242 3853 altini,
259 3807 373 3846 neeesse
388 3797 431 3846 est
448 3789 672 3845 Eucharisticum
691 3806 748 3861 qao
772 3796 908 3861 potamur
962 3806 1014 3859 prro
1037 3787 1111 3841 inari
1126 3787 1222 3851 hodie,
1239 3802 1363 3856 qnorum
1379 3788 1474 3857 imago
1489 3789 1663 3843 literatolim
1680 3807 1814 3862 expressa

64 3863 255 3918 luisseesinu
273 3863 364 3917 beatae
385 3861 510 3932 Virginis
533 3859 668 3915 eductum
687 3866 745 3914 ete
772 3861 906 3915 errreilixo
962 3866 990 3915 et
1008 3806 1141 3930 tigurius,
1160 3863 1188 3911 et
1211 3856 1454 3927 quemadmodum
1474 3858 1534 3911 bac
1563 3861 1767 3928 liguratacaro
1783 3868 1812 3917 et

66 3948 178 4005 corpore
195 3932 331 3998 effusum,
357 3934 439 4002 cajars
459 3947 525 3985 carm
552 3931 732 4002 plenitudine
759 3931 793 3986 ad
823 3932 907 3985 caelos
962 3930 1243 4002 sanguislignratus,
1260 3927 1815 3985 habebantvirluteminterioreminlu·

68 4009 212 4076 postquam
230 4004 331 4057 revixit
354 4002 491 4068 aseendit,
520 4007 549 4055 et
577 4001 611 4055 ad
645 4002 791 4056 dexteram
816 4002 907 4056 Patris
961 4002 1050 4054 sionis
1066 3999 1225 4070 gratiaesea
1242 3998 1421 4052 conferenda
1448 3997 1615 4052 bominibus
1642 4001 1812 4068 sanctitatis,

68 4075 141 4136 sedit,
155 4080 187 4129 ut
201 4073 279 4128 idem
295 4073 390 4145 inquit
403 4074 576 4137 Batramnus
590 4087 669 4125 nrrm.
687 4074 730 4126 30.
962 4072 1063 4126 tradem
1078 4085 1143 4123 caro
1158 4085 1224 4122 vera
1239 4069 1413 4138 sanguisque
1428 4085 1514 4122 verns
1543 4069 1600 4123 vim
1626 4076 1655 4124 et
1677 4071 1813 4126 virtutem

93 4147 186 4214 llpse,
204 4159 333 4213 namque,
348 4149 402 4198 ete.
419 4143 496 4198 Adeo
513 4142 543 4196 in
556 4148 652 4196 mente
665 4141 802 4197 tacendam
816 4141 907 4196 habe·
962 4142 1049 4197 babet
1063 4140 1242 4195 conterenda
1257 4140 1320 4192 vitre
1344 4145 1373 4193 et
1387 4139 1622 4195 immortalitatis.
1640 4141 1719 4196 iluna
1753 4159 1815 4197 esse

69 4213 109 4269 bat
122 4213 469 4269 transsubstantiationem
490 4214 671 4275 Retramnus,
698 4229 784 4284 quam
811 4213 907 4267 Eccle-
962 4228 1060 4266 rerum
1076 4226 1190 4264 sensum
1207 4210 1418 4264 concinnatoris
1440 4211 1589 4266 Retramni
1615 4228 1649 4265 ex
1665 4228 1775 4284 concep
1795 4216 1816 4268 ti

70 4286 104 4338 sia
116 4285 258 4340 catholica
274 4285 410 4353 defendit,
427 4290 458 4339 ut
479 4283 589 4364 liquido
612 4282 752 4352 subjicere
777 4283 908 4337 videatur
924 4309 945 4362 p,
964 4282 1058 4337 verbis
1074 4297 1156 4335 nurn.
1176 4282 1211 4334 22
1235 4281 1444 4348 intelligimus:
1466 4283 1575 4336 Etcum
1596 4282 1682 4348 cibus,
1706 4285 1748 4338 uel
1760 4300 1814 4353 po-

70 4353 162 4410 tatam
178 4355 267 4411 tuisse
281 4360 411 4427 tempore
433 4356 534 4426 Moysis
549 4354 579 4408 in
602 4369 708 4408 manna
733 4358 762 4408 et
783 4353 812 4407 in
834 4368 906 4424 aqua
965 4359 1008 4407 tus
1022 4353 1068 4406 ille
1082 4351 1174 4419 futuri
1192 4354 1312 4418 corperis
1327 4352 1431 4407 Christi
1445 4355 1641 4420 sanguinisque
1654 4359 1815 4422 mysterium

10 4488 12 4497 Ι
72 4441 124 4495 que
142 4427 179 4482 de
227 4432 288 4480 etra
318 4428 398 4495 virga
423 4441 557 4496 percussa
585 4423 749 4489 eilluxerat;
780 4422 918 4493 adeoque.
963 4423 1036 4492 qued
1050 4423 1165 4477 celebrat
1185 4422 1305 4475 Ecclesia
1325 4423 1693 4489 praemonstraret-eamdem
1724 4431 1814 4480 tamen

10 4528 12 4555 ι
72 4501 172 4552 natam
188 4443 315 4551 aiassae
332 4512 366 4551 ex
388 4497 440 4550 hae
465 4496 680 4565 comparatione
702 4494 908 4548 assumendum
963 4508 1051 4548 eseam
1066 4492 1239 4562 spiritualem
1260 4490 1462 4560 bibissepatrrs
1479 4498 1584 4547 nostres
1606 4499 1716 4548 serratus
1738 4497 1815 4550 Paa-

72 4567 101 4621 sit
113 4572 320 4639 argumentum
335 4567 370 4621 ad
381 4566 562 4636 probandum
577 4567 765 4619 llatramnum
777 4565 909 4618 abnuisse
963 4565 1005 4618 las
1020 4566 1165 4618 asseverat.
1180 4565 1214 4616 m
1230 4577 1294 4614 vero
1305 4576 1370 4614 cum
1384 4562 1583 4632 ratiopropter
1596 4580 1683 4635 quam
1700 4572 1815 4622 sanctus

10 4692 12 4701 ,
73 4635 200 4693 racana
213 4637 362 4692 catholiea
377 4636 506 4691 Ecclesiae
521 4637 557 4691 de
571 4635 812 4690 transmutatione
827 4634 910 4705 panis
965 4634 1070 4688 Paulus
1098 4633 1198 4686 asserit
1222 4637 1316 4702 patres
1349 4637 1463 4685 nostras
1491 4633 1649 4688 comedisse
1683 4638 1814 4693 eamdem

10 4710 12 4781 ξ
72 4706 95 4761 in
107 4724 212 4780 corpus
225 4707 433 4777 Christi:ipsa
449 4705 625 4777 comparatio
651 4706 755 4776 probat
777 4722 792 4759 e
812 4712 911 4759 contra
964 4719 1081 4759 carnem
1096 4708 1125 4758 el
1141 4701 1245 4756 bibisse
1272 4701 1406 4756 eumdem
1430 4707 1531 4771 potum
1559 4719 1594 4757 cx
1620 4721 1654 4757 rso
1682 4715 1815 4778 erumpet

72 4779 132 4832 adeo
150 4785 282 4833 mentem
305 4783 472 4848 occupatam
497 4777 630 4831 habuisse
659 4776 791 4830 suasione
827 4777 911 4845 liujus
965 4774 1040 4846 quod
1057 4772 1225 4843 mysterium
1240 4772 1367 4843 corporis
1382 4778 1412 4825 et
1433 4773 1584 4842 sauguinis
1607 4773 1710 4830 Christi
1726 4777 1816 4833 intrari

72 4848 402 4915 transsubstantiationis,
444 4853 476 4902 ut
504 4848 587 4901 alteri
614 4846 739 4902 libenter
772 4850 912 4899 aurrueret
965 4845 996 4898 in
1010 4845 1136 4912 imagine
1151 4858 1265 4897 manure
1283 4859 1448 4914 expressum
1464 4842 1568 4911 luerat,
1585 4850 1613 4897 et
1629 4861 1710 4916 aquae
1725 4854 1814 4918 petra:

72 4917 153 4987 ipsias
169 4934 286 4974 mannae
301 4919 331 4972 in
348 4919 505 4989 ipsummet
529 4932 634 4987 corpus
651 4915 753 4973 Christi
783 4917 911 4970 nondum
966 4916 1082 4979 deserti,
1099 4914 1285 4984 consequitur
1300 4913 1424 4968 dilucide
1438 4913 1515 4968 hune
1526 4921 1673 4969 auctorem
1689 4933 1738 4971 seu
1751 4935 1817 4972 con·

71 4990 130 5044 nati.
147 4989 202 5045 Sed
216 5005 284 5043 cam
297 4988 440 5058 ejusmodi
454 4989 606 5042 sententiaa
626 5003 718 5068 genus
742 5003 804 5040 essa
830 4987 912 5041 ratde
967 4986 1145 5040 cinnatorem
1160 4982 1215 5036 sibi
1230 4984 1348 5037 suadere
1367 5001 1424 5039 nou
1443 4984 1569 5056 potuisse
1591 4985 1643 5037 boc
1667 5001 1773 5041 manna
1789 4996 1818 5044 et

71 5059 208 5131 singulare
223 5064 252 5113 et
263 5060 399 5121 insolens,
414 5059 545 5129 quamvis
555 5058 815 5112 hindrlucidissime
829 5073 913 5126 espo-
966 5071 1072 5127 equam
1101 5054 1188 5107 luisse
1214 5053 1398 5110 individuum
1422 5061 1450 5108 et
1475 5055 1638 5123 specificam
1653 5071 1767 5126 corpas,
1787 5067 1815 5113 et

72 5131 158 5197 situm,
176 5136 308 5184 nostrum
324 5134 468 5183 auctorem
484 5129 515 5183 iu
529 5129 602 5182 hanc
626 5128 795 5181 sententiam
827 5128 912 5181 inisse
967 5126 1137 5195 sangninem
1159 5139 1245 5193 quem
1270 5124 1298 5177 in
1327 5140 1401 5177 noro
1429 5126 1534 5180 loedere
1563 5127 1736 5196 percipimus
1766 5146 1818 5186 aec

72 5204 233 5272 nentiquam
252 5199 531 5254 ridetnrcredibile:
564 5199 848 5268 uippecnmeertum
867 5199 912 5263 sit,
967 5197 1100 5250 eumdem
1117 5212 1177 5248 esse
1204 5195 1362 5265 simplicem
1388 5194 1511 5263 liguram
1533 5203 1561 5250 et
1588 5199 1744 5268 imaginem
1767 5218 1818 5255 ex-

74 5271 537 5337 omnidubioremato,ueminem
574 5267 913 5338 ominumsibiunquarn
968 5280 1279 5337 pressanrvacuamea
1301 5281 1332 5318 re
1359 5280 1443 5336 quam
1474 5266 1583 5320 inducit
1611 5274 1639 5323 et
1672 5271 1814 5342 exprimit.

75 5343 239 5407 persuasisse
260 5357 293 5395 ac
321 5340 484 5395 defendisse
512 5339 842 5394 transsubstantiationem
865 5354 913 5391 seu
968 5336 1145 5393 Secusenim
1166 5351 1270 5389 manna
1297 5335 1399 5389 fuisset
1426 5336 1520 5400 ligura
1548 5336 1649 5406 ligura
1670 5348 1698 5395 et
1721 5342 1818 5413 imago

76 5426 158 5467 reram
171 5412 431 5466 commutationem
447 5407 915 5479 mannaedecaalulusoeetequae
969 5407 1115 5479 imaginis,
1128 5406 1203 5478 qnod
1220 5411 1294 5460 recte
1310 5406 1416 5459 rationi
1437 5405 1616 5461 intolerabile
1645 5427 1759 5483 semper
1772 5414 1818 5467 ri-

79 5481 107 5536 de
118 5489 196 5554 petra
211 5482 332 5537 fluentis
348 5483 376 5536 iu
391 5479 619 5552 corpnstristi.
636 5478 689 5534 Sed
705 5484 803 5533 nester
817 5484 916 5533 auctor
969 5494 1032 5531 sum
1061 5483 1113 5537 est.
1143 5483 1172 5531 et
1195 5492 1212 5530 a
1235 5491 1319 5530 seusu
1347 5475 1505 5542 Retramni,
1531 5477 1672 5533 eimentis
1699 5498 1819 5553 compos

80 5553 217 5609 mirificem
234 5552 424 5608 mutationem
435 5553 464 5606 iu
476 5551 594 5608 alteram
606 5549 788 5604 mirabilitate
801 5548 916 5620 plenam
969 5547 1066 5625 tuterit,
1086 5563 1200 5619 semper
1214 5546 1339 5601 alienum
1356 5547 1481 5617 :quippe
1494 5546 1520 5601 ei
1536 5546 1630 5602 dicere
1646 5551 1713 5604 satis
1732 5553 1819 5609 inisse

230 5649 379 5710 Parnon.
403 5646 516 5709 CXXI.
1641 5648 1660 5704 ὅ
