3930 6098
138 258 185 313 usi
619 221 622 224 ’
812 240 1209 306 scvanrcoauuuurvus.
1834 241 1889 300 aas

138 393 285 464 Scriptura
298 406 378 444 sacra
399 387 508 460 Spiritu
535 385 587 441 Dei
601 385 703 440 existat
731 385 845 455 scripta,
871 383 936 439 inde
957 386 984 438 et
1003 385 1025 439 h
1077 385 1103 437 5.
1119 382 1199 447 inod
1225 381 1249 436 si
1269 381 1373 439 horum
1395 380 1545 436 hominum
1562 381 1671 435 litteras
1695 380 1817 452 spiritati
1844 381 1889 435 vi·

138 497 225 550 super
236 469 338 535 facicm
356 481 531 549 argenteam,
549 481 577 531 ct
592 474 732 529 interiora
749 474 864 545 gestitat
885 489 981 540 aurea,
1036 486 1107 544 gore
1123 472 1186 543 quis
1201 471 1270 525 dicit
1295 487 1354 525 esse
1380 470 1531 530 confectas,
1557 471 1655 541 procul
1671 470 1758 525 dubio
1774 474 1890 525 contra-

138 570 219 642 cujus
233 567 335 623 merito
348 565 467 621 dixerim
482 564 542 618 alas
562 563 700 635 quidquid
713 562 898 618 historialiter
913 578 983 617 con·
1037 561 1079 615 ria
1094 560 1161 615 fidei
1186 560 1287 615 asserit
1311 564 1428 626 nostrae,
1454 565 1482 615 et
1502 560 1592 615 hostis
1614 576 1646 614 ac
1666 560 1820 614 infamator
1844 563 1891 614 est

137 656 210 712 tinet
233 655 371 728 quidquid
386 654 534 709 moraliter
548 653 639 719 ducet,
668 651 809 723 quidquid
831 651 920 706 active
942 651 984 705 in·
1037 650 1192 720 Scripturas
1209 649 1340 704 divium:
1367 648 1437 704 dum
1454 654 1483 704 et
1506 649 1635 720 linguam
1657 648 1831 712 leviatham,
1856 648 1889 703 li·

137 745 264 800 format:
289 744 405 800 dorsum
422 758 489 797 vero
516 741 707 812 nonindigne
735 741 874 811 accipitur
898 755 983 794 omne
1036 745 1132 812 gatarn
1152 738 1255 794 Christi
1271 738 1442 809 jambamo,
1459 742 1488 792 et
1505 737 1591 791 maris
1615 737 1886 808 AEgyptitiuguam,

137 836 214 906 quod
226 833 386 906 mysticum,
400 831 474 903 quod
489 831 629 902 spiritale,
646 830 781 901 quodque
792 829 866 900 gerit
879 830 982 899 allvpn-
1037 826 1237 899 ltedernptoris
1257 826 1383 881 desolata
1397 825 1531 894 adventu,
1547 841 1624 879 nunc
1639 825 1740 879 asserit
1762 841 1890 896 quocun-

137 924 188 979 rice
201 924 276 978 nnbc
291 924 415 977 levatum
431 929 453 973 ⁸.
478 922 518 974 hc
537 936 588 990 per
607 920 661 973 hoc
678 918 828 990 Scripturae
848 934 934 973 sacrm
949 934 984 972 ex
1037 934 1093 990 que
1110 917 1206 989 vigere
1229 915 1315 970 nisu:
1339 919 1368 969 ct
1389 914 1441 969 tali
1465 914 1575 969 divinas
1599 914 1700 969 asserit
1727 914 1889 986 Scripturas

137 1027 257 1082 corpore
273 1015 301 1064 et
316 1008 444 1081 spiritale
461 1008 558 1078 vigore
571 1006 731 1061 consistunt
746 1023 754 1060 ι
768 1011 795 1061 et
809 1005 882 1061 sicut
892 1021 984 1060 mem·
1036 1008 1110 1078 stylo
1131 1006 1283 1070 confectas,
1304 1003 1382 1075 quali
1400 1005 1518 1059 fuerant
1532 1002 1770 1074 philosophorum
1786 1004 1889 1058 inanes

138 1099 242 1155 bratim
265 1098 334 1152 ioris
358 1096 553 1152 hebetioribus
578 1095 731 1150 lectoribus
753 1098 912 1165 patescunt,
930 1094 985 1149 ista
1038 1095 1176 1151 doctrinas
1191 1099 1219 1149 et
1240 1094 1329 1150 falsae.
1356 1095 1388 1149 Et
1403 1093 1451 1147 ubi
1469 1092 1524 1147 erit
1549 1092 1619 1148 illud
1643 1093 1733 1147 nostri
1758 1094 1888 1148 Psalmo·

137 1186 371 1260 prudentioribus
397 1183 589 1239 invisibilibus
616 1183 742 1254 spiritale
768 1183 864 1254 vigore
893 1183 984 1237 clare-
1037 1184 1140 1256 graphi
1159 1183 1290 1238 dictum:
1316 1184 1434 1252 Eloquia
1454 1184 1574 1248 Domini,
1601 1182 1708 1251 eloquia
1729 1187 1820 1249 casta;
1842 1199 1889 1237 nr·

139 1281 230 1330 scunt.
1036 1280 1145 1342 partam
1163 1274 1225 1340 ipae
1245 1274 1455 1337 examinatam„
1470 1271 1614 1341 probatum
1629 1277 1715 1334 terrae,
1736 1277 1888 1341 perpetum

173 1365 231 1419 4.«
255 1365 340 1418 Recte
366 1363 463 1433 itaque
486 1366 668 1432 procuratum
684 1367 737 1425 est,
760 1364 790 1414 ut
812 1359 852 1414 ait
872 1360 984 1428 beatus,
1036 1363 1192 1433 septuplum
1215 1363 1268 1432 (Ps.
1293 1377 1328 1416 xi.
1344 1362 1382 1414 De
1402 1377 1459 1432 qna
1484 1366 1512 1414 et
1533 1360 1666 1431 superior
1689 1359 1790 1414 doctor
1817 1359 1889 1415 dicit

137 1453 221 1508 lande
249 1452 364 1524 egregio
388 1451 597 1522 psroedicandus,
625 1449 788 1515 Eucherius,
806 1453 837 1503 ut
859 1447 982 1504 iilaelo·
1037 1449 1461 1522 egregiustcilecrnirandnm
1476 1448 1551 1519 qnod
1567 1464 1661 1502 sermo
1675 1447 1798 1514 divinus,
1822 1464 1888 1518 pro·

137 1541 273 1614 quiorum
288 1539 618 1612 castitasapromiscnis
630 1541 798 1593 cunctorum
822 1536 912 1592 oculis
931 1537 984 1592 ab·
1038 1539 1188 1610 pheturum
1212 1538 1467 1609 apostolorumque
1494 1553 1543 1591 ore
1572 1538 1697 1607 prolatu,
1717 1536 1751 1589 ab
1779 1537 1886 1591 usitato

138 1631 289 1687 ditobsno
306 1629 529 1701 quasiquodam
555 1627 697 1682 velamine
717 1625 862 1697 pudicitiae
883 1631 984 1680 contc-
1039 1629 1266 1684 illabominibus
1292 1627 1434 1682 scribendi
1464 1626 1548 1680 modo
1576 1626 1701 1680 multum
1725 1626 1885 1692 recesserit,

138 1724 276 1790 geretur:
304 1723 333 1771 at
357 1716 452 1770 divina
474 1715 582 1784 optime
601 1715 815 1786 dispensatione
836 1714 984 1785 provisam
1005 1685 1132 1772 Blacitia
1159 1717 1342 1788 inpromptu
1365 1717 1481 1782 habens,
1506 1731 1611 1787 magna
1637 1715 1666 1768 in
1700 1715 1888 1769 interioribus

138 1811 181 1860 est
197 1805 347 1875 ntscripta
362 1805 401 1858 ita
426 1808 601 1873 tegerentur,
629 1803 791 1858 coelestibus
815 1803 984 1858 obumbrata
1039 1807 1100 1862 suis
1123 1806 1288 1874 continens,
1310 1806 1378 1877 qnia
1404 1809 1432 1859 et
1457 1819 1555 1859 revera
1581 1803 1635 1857 fuit
1657 1817 1830 1872 congruum,
1857 1806 1887 1855 ut

139 1893 290 1965 mysteriis,
324 1897 355 1947 ut
383 1897 491 1947 secreto
516 1908 568 1946 suo
591 1891 654 1963 ipsa
676 1891 810 1946 divinitas
835 1892 984 1962 operieba·
1039 1892 1490 1964 sacradictaacaeterisscriptis
1519 1905 1543 1957 a,
1561 1893 1636 1945 sicut
1662 1891 1775 1957 merito,
1792 1891 1833 1944 ita
1859 1895 1887 1946 ct

137 1986 185 2037 tur
198 1990 217 2036 ⁰.
236 2003 250 2030 ι)
271 1982 361 2051 Hujus
377 1985 521 2052 argenteae
538 1977 690 2051 aureaeque
703 1981 845 2035 columbae
861 1980 984 2051 speciem
1039 1984 1133 2057 specie
1150 1985 1389 2048 discernerentur,
1409 1998 1444 2036 ne
1455 1982 1504 2036 illa
1528 1980 1687 2035 coeicstium
1716 1996 1887 2035 arcanorum

32 2129 33 2133 ,
138 2068 558 2136 saecularesnescinutlitterm,
582 2067 717 2139 ignorant
736 2067 909 2139 philosophi,
933 2084 985 2122 nec
1039 2072 1163 2143 dignitas
1190 2072 1295 2142 passim
1327 2077 1413 2142 atque
1441 2069 1595 2124 indiscrete
1627 2068 1735 2121 cunctis
1761 2072 1886 2138 pateret,

136 2157 480 2228 restripotncruntscire
499 2157 688 2227 grammatici,
715 2157 763 2212 sed
776 2155 984 2212 tantumdno·
1039 2168 1226 2232 sanctumque
1254 2159 1383 2225 canibus,
1410 2163 1438 2212 et
1471 2156 1641 2228 margaritas
1673 2156 1767 2227 porcis
1799 2171 1886 2227 expo·

37 2262 39 2266 “
137 2247 189 2301 stri
202 2246 309 2311 idiota,
326 2246 476 2311 etrustici,
497 2252 525 2300 et
543 2261 646 2299 manns
668 2246 929 2318 callosnsgerentes
950 2262 984 2300 ex
1038 2255 1128 2304 neret.
1145 2270 1154 2298 ι
1172 2251 1204 2304 Et
1218 2248 1287 2319 quia
1302 2247 1446 2302 saeeularis
1461 2246 1578 2301 scientia
1593 2245 1658 2299 ideo
1672 2260 1724 2298 nec
1744 2245 1888 2315 anigma-

138 2351 234 2406 operc.
253 2336 331 2390 Unde
352 2341 381 2389 et
395 2339 494 2389 noster
506 2335 629 2388 rusticus
649 2351 714 2389 cunr
733 2334 818 2389 ficum
834 2335 983 2399 insereret,
1039 2337 1095 2393 tice
1115 2337 1304 2408 prophetizat,
1319 2335 1469 2391 Psalmista
1486 2334 1579 2389 dicit:
1598 2336 1636 2389 Tu
1650 2333 1786 2402 dirupisti
1798 2336 1888 2400 tontes

137 2421 247 2477 invenit
270 2422 345 2492 quod
368 2421 517 2491 sophistici
533 2421 706 2475 nescierunt.
729 2424 759 2476 la
772 2424 911 2492 principio
926 2426 985 2476 erat
1038 2431 1064 2481 et
1080 2431 1219 2492 torrentes,
1234 2431 1264 2480 tu
1285 2425 1431 2478 exsiccasti
1444 2425 1557 2492 fiumina
1572 2424 1663 2477 Etban
1684 2422 1767 2490 (Psoi.
1780 2420 1885 2490 uxxru).

143 2510 272 2578 Verbum,
289 2514 314 2563 et
333 2509 452 2564 Verbum
475 2515 533 2563 erat
562 2509 637 2579 apud
664 2512 757 2576 Deum,
787 2516 812 2564 et
832 2513 901 2564 Deus
926 2513 985 2564 erut
1040 2516 1142 2570 Fontes
1162 2518 1190 2569 et
1210 2518 1350 2568 torrentes
1373 2512 1497 2583 disrupit
1514 2510 1660 2577 herminus,
1682 2509 1751 2564 dnm
1779 2509 1888 2563 fluenta

141 2599 267 2655 Verbum.
284 2598 346 2653 Hoc
361 2600 461 2652 eratin
485 2600 623 2668 principio
644 2597 720 2668 apud
744 2600 928 2670 Decimiana.
954 2603 983 2664 r).
1038 2603 1165 2658 veritatis
1189 2603 1218 2658 in
1243 2603 1438 2672 apostolorum
1461 2615 1580 2654 snorum
1603 2598 1716 2668 apernit
1740 2597 1885 2653 cordibus.

139 2688 195 2742 lloc
212 2687 289 2740 Plato
304 2686 405 2740 doctus
416 2685 545 2749 nescivit,
562 2686 617 2740 hoc
632 2687 741 2740 Tullius
756 2687 892 2758 eloquens
902 2688 984 2759 igno·
1038 2693 1080 2747 Ad
1108 2707 1233 2762 quorum
1250 2689 1408 2745 doctrinam
1423 2688 1552 2743 sitientes
1575 2687 1705 2757 videlicet
1726 2688 1886 2757 pergimus,

113 2775 222 2845 ravit,
244 2775 298 2829 hoc
322 2774 433 2829 fervens
460 2774 665 2829 Demosthenes
690 2791 839 2846 nunquam
869 2776 984 2847 penitus
1038 2796 1071 2836 ac
1085 2796 1149 2834 mor
1170 2779 1288 2834 veritate
1309 2780 1407 2850 plenas
1432 2783 1542 2833 nostras
1563 2776 1733 2847 lagungulas
1752 2777 1767 2817 h
1791 2790 1889 2845 repon

137 2864 291 2936 indagavit.
306 2863 486 2919 aristotelica
500 2864 554 2918 hoc
574 2880 633 2918 non
648 2865 774 2919 continet
788 2866 905 2935 pinetae
920 2881 985 2919 con·
1038 2874 1142 2924 tarum.
1158 2868 1214 2924 Sed
1241 2868 1344 2922 horum
1361 2866 1509 2937 apertione
1531 2865 1656 2920 fontium
1680 2863 1759 2918 fluvii
1786 2864 1888 2919 Etharn

137 2958 222 3021 torta,
238 2952 390 3024 Chrysippi
406 2952 458 3007 hoc
474 2968 534 3007 non
555 2953 682 3007 retinent
696 2952 829 3008 acumina
844 2954 981 3009 flexuosa.
1004 2987 1024 3042 C
1038 2958 1167 3013 exsiccati
1182 2957 1319 3022 existunt,
1335 2957 1404 3026 quia
1415 2961 1446 3010 nt
1460 2954 1597 3009 doctrina
1608 2953 1711 3007 veritas
1726 2968 1778 3023 per
1799 2953 1886 3007 tidem

136 3044 198 3099 Non
219 3042 323 3098 Donati
349 3058 394 3096 ars
423 3041 492 3096 artis
516 3042 623 3112 regulis
646 3041 792 3111 indagata,
822 3059 875 3096 nec
897 3043 985 3098 totius
1039 3047 1182 3119 apparuit,
1198 3045 1350 3117 gentilium
1364 3045 1434 3099 falsa
1449 3044 1570 3098 scicntia
1583 3059 1632 3097 ora
1649 3041 1797 3096 conclusit.

136 3132 389 3204 grammaticorum
423 3131 496 3185 oliva
533 3130 693 3202 disciplina.
728 3131 911 3195 Geumetrici,
951 3149 985 3187 ex
1074 3139 1101 3190 o.
1119 3135 1172 3190 Sed
1188 3135 1221 3189 ad
1246 3134 1394 3206 probanda
1413 3137 1518 3186 nostrae
1532 3129 1752 3187 Christianitatis
1771 3129 1888 3199 eloquia

136 3225 212 3275 terra
239 3221 341 3287 vocati,
369 3227 484 3275 terrena
507 3225 535 3273 et
563 3220 699 3290 pulverea
722 3221 865 3291 prosecuti
893 3227 982 3275 sunt:
1038 3224 1211 3289 veneranda,
1228 3228 1255 3277 et
1277 3221 1428 3293 gentilium
1444 3220 1647 3275 exsecrabilem
1670 3221 1727 3274 Deo
1750 3222 1779 3273 et
1793 3217 1888 3272 homi·

135 3309 271 3364 rhetorici
286 3309 397 3364 verbosi
421 3307 560 3379 superflui
580 3324 675 3362 aerem
695 3314 780 3362 vento
803 3309 985 3379 repleverunt
1039 3313 1124 3368 nibus
1138 3311 1363 3383 comprobanda,
1381 3310 1539 3363 multorum
1563 3309 1713 3363 doctorum
1736 3306 1767 3360 in
1795 3321 1886 3360 unum

135 3396 233 3452 inani:
250 3396 393 3451 dialectici
415 3396 505 3451 stricti
520 3395 638 3466 regulis,
655 3401 683 3450 et
706 3396 832 3468 nudique
856 3398 985 3469 syllogis-
1039 3418 1088 3456 cor
1114 3401 1252 3456 vertimus
1273 3399 1304 3454 ¹:
1330 3404 1358 3454 et
1378 3397 1544 3453 testimonia
1571 3413 1636 3468 quac
1659 3411 1747 3468 penes
1769 3410 1817 3448 me
1837 3395 1887 3449 ba·

135 3483 190 3536 mis
204 3483 342 3554 perplexi,
358 3483 450 3537 dolosi
473 3488 502 3537 et
525 3484 629 3549 callidi,
658 3483 804 3538 delusores
830 3486 983 3540 verborum
1038 3489 1294 3544 beuturhactenus
1317 3491 1499 3558 congregata,
1522 3485 1624 3540 valde
1653 3485 1701 3538 illa
1725 3483 1886 3554 quaestione

136 3576 204 3624 sunt
221 3571 316 3625 verius
331 3586 417 3642 quam
445 3575 599 3626 structores
617 3587 714 3626 rernm
737 3572 862 3628 dicendi.
886 3574 983 3629 Arith·
1038 3578 1173 3641 secunda,
1191 3577 1240 3631 uhi
1270 3575 1305 3631 de
1335 3575 1486 3630 divinitate
1514 3573 1619 3629 Christi
1647 3578 1676 3627 et
1705 3572 1887 3626 humanitate

135 3656 232 3712 metici
262 3673 449 3712 numerorum
474 3675 573 3713 causas
588 3659 724 3732 indagare
746 3666 814 3716 sunt
840 3661 906 3730 nisi,
934 3663 983 3716 scd
1039 3673 1133 3721 nostra
1154 3665 1211 3720 fnit
1234 3664 1313 3719 vobis
1341 3663 1488 3734 responsio
1520 3666 1689 3733 temperata,
1721 3661 1808 3731 plura
1839 3660 1888 3714 do

135 3760 237 3799 eorum
253 3747 409 3801 medullam
426 3763 484 3802 non
495 3753 651 3820 potuerunt
666 3748 782 3817 sentire,
799 3754 906 3822 quanto
922 3769 982 3805 ma·
1037 3760 1148 3810 ctorum
1162 3754 1285 3826 legimus
1300 3753 1427 3819 floscula,
1438 3768 1502 3823 quoe
1517 3751 1599 3806 nobis
1615 3753 1700 3805 erunt
1715 3749 1887 3821 quandoque

135 3833 178 3903 gis
189 3835 281 3890 dicere
296 3834 314 3889 f.
340 3836 437 3890 Musici
456 3836 602 3893 inflatores
620 3838 687 3893 vani
707 3843 858 3895 ventorum
874 3839 983 3894 flaviles
1038 3843 1188 3911 mittenda,
1208 3843 1231 3897 si
1246 3840 1393 3913 responsio
1416 3840 1495 3894 fluvii
1510 3839 1597 3894 vestri
1621 3839 1702 3893 nobis
1726 3837 1887 3892 identidem

134 3921 279 3993 prosecuti
298 3927 366 3978 sunt
380 3940 475 3990 auras,
499 3927 528 3979 et
553 3925 588 3980 ad
602 3926 750 3981 veritatem
775 3926 853 3981 itlius
867 3928 983 3982 musicae
1037 3929 1164 3984 existerit
1177 3927 1269 3983 obvia.
1293 3928 1397 3982 Verum
1416 3927 1478 3981 haec
1493 3924 1591 3980 atalia
1606 3940 1734 3995 congruo
1753 3928 1888 3993 tempore

134 4011 204 4067 artis
221 4026 371 4082 nunqnam
385 4017 543 4084 potuerunt
565 4013 712 4084 subrigere
733 4014 802 4068 aias.
827 4015 889 4068 lam
915 4031 983 4070 vero
1037 4022 1192 4085 servantes,
1229 4021 1257 4071 et
1283 4016 1313 4070 iu
1346 4014 1499 4070 omnibus!
1530 4013 1729 4085 temperantiae
1765 4011 1887 4067 modum

133 4099 269 4177 astrologi
288 4101 444 4155 coelotenus
467 4100 621 4155 voluerunt
640 4103 742 4172 pennis
760 4103 866 4170 volare,
881 4104 930 4158 sed
953 4104 983 4158 in
1037 4111 1178 4172 tenentes,
1191 4105 1224 4159 ad
1239 4105 1321 4159 illum
1336 4102 1450 4158 flectere
1469 4101 1623 4156 articulum
1639 4099 1783 4170 congrait,
1807 4098 1886 4169 quod

133 4190 247 4242 tantum
264 4191 490 4259 nonpotuerunt
505 4189 573 4243 ilinc
587 4190 721 4244 fanorum
738 4189 827 4246 ductu
848 4208 983 4247 conscen-
1038 4199 1165 4247 mentem
1192 4197 1326 4259 macerat,
1352 4197 1381 4246 et
1403 4191 1530 4246 animaru
1548 4189 1616 4244 urit.
1638 4189 1718 4253 Quod
1735 4203 1787 4241 nec
1806 4187 1887 4257 cogi-

134 4274 213 4340 dere,
231 4280 262 4329 ut
284 4275 376 4346 magis
393 4279 538 4330 terrenam
552 4276 582 4330 in
603 4277 673 4332 coelo
694 4293 781 4349 quam
796 4280 937 4334 coetestcm
953 4281 983 4335 in
1002 4283 1097 4338 litare
1113 4282 1203 4348 valeo,
1220 4295 1271 4334 nee
1287 4280 1382 4335 dicere
1396 4294 1480 4350 queo.
1499 4278 1629 4348 Obquod
1643 4282 1671 4331 et
1684 4276 1771 4345 hujus
1786 4274 1888 4346 inqui·

133 4364 212 4415 terra
230 4360 396 4417 indiderent
410 4363 563 4417 rationem.
581 4365 650 4419 Nam
664 4364 734 4420 drrm
751 4365 854 4422 arietes
872 4371 901 4422 et
915 4373 982 4423 tau-
1037 4369 1149 4424 sitiouis
1163 4374 1287 4441 caeptum
1299 4384 1375 4422 nunc
1389 4372 1481 4422 exstat
1494 4367 1652 4421 innectum.

134 4464 192 4517 ros,
209 4450 335 4521 scorpios
357 4456 384 4505 et
404 4451 534 4516 kancros,
565 4453 663 4507 leones
682 4458 711 4508 et
726 4470 814 4523 ursos,
841 4472 939 4526 capras
955 4461 983 4512 et
1071 4462 1100 4514 7.
1112 4458 1193 4513 Unde
1208 4473 1289 4528 rogo,
1300 4460 1367 4527 peto
1381 4459 1409 4510 et
1421 4454 1530 4525 flagito,
1546 4459 1577 4508 ut
1593 4457 1737 4508 cortuum
1750 4450 1779 4505 in
1802 4466 1890 4505 men-

134 4537 225 4609 pisces
240 4537 270 4592 in
285 4537 349 4593 coeli
371 4539 485 4595 climate
507 4541 682 4608 locaverunt,
707 4542 775 4614 quid
801 4544 880 4600 aliud
896 4561 982 4616 quam
1037 4553 1095 4604 tem
1114 4546 1276 4602 mirabilem
1301 4543 1372 4599 mihi
1393 4548 1483 4598 totam
1506 4559 1522 4597 a
1544 4539 1730 4596 curissaeculi
1762 4540 1889 4595 liberam

134 4631 248 4682 terrena
266 4625 297 4680 in
322 4627 447 4683 calestia
474 4627 686 4685 sublimarunt?
710 4632 871 4688 nescientes
905 4634 983 4688 euim
1036 4639 1235 4707 preparasse
1252 4635 1286 4689 ad
1303 4650 1336 4688 ea
1350 4649 1415 4704 quae
1429 4632 1545 4703 inquiro
1562 4630 1695 4685 rimanda
1708 4628 1889 4684 enucleatius

134 4719 265 4771 naturam
281 4715 354 4783 coeli,
369 4720 397 4770 et
411 4715 446 4772 de
461 4717 583 4788 eoquod
598 4718 761 4775 nesciebant
771 4725 878 4776 temere
888 4721 984 4792 dispu-
1036 4725 1137 4796 vigiles
1153 4740 1160 4779 :
1191 4723 1311 4779 forsitan
1326 4721 1473 4794 aperietur
1490 4719 1562 4775 mihi
1577 4736 1629 4792 per
1642 4718 1796 4773 fraternale
1811 4717 1890 4771 sola-

135 4805 196 4858 tare
211 4803 367 4858 tenderunt
383 4806 416 4859 ad
432 4805 529 4861 inclita
547 4823 666 4862 ausum:
686 4808 735 4863 sed
751 4808 822 4863 nihii
838 4810 982 4880 produxe·
1037 4812 1121 4880 tium,
1138 4811 1215 4884 quod
1226 4811 1363 4866 hactenus
1377 4813 1476 4865 manet
1489 4807 1680 4865 occultatione
1699 4805 1891 4877 suaquadam

136 4896 204 4947 runt
219 4893 269 4947 tali
285 4893 412 4948 materiae
432 4894 562 4967 dignum,
583 4896 650 4967 quia
665 4897 796 4967 spiritum
812 4914 863 4968 per
877 4897 983 4954 huma·
1037 4903 1191 4973 sepultum.
1216 4900 1345 4971 Denique
1360 4897 1534 4970 questiones
1549 4896 1584 4952 de
1603 4895 1729 4951 hominis
1754 4896 1854 4949 anima
1874 4910 1892 4948 a

56 4981 59 4987 ’
135 4996 216 5050 num,
234 4998 291 5066 non
308 4983 368 5038 haec
384 4985 581 5055 perspiritum
594 4985 738 5041 rimarunt
751 4985 890 5042 divinum.
1036 4990 1135 5046 multis
1149 4989 1271 5060 agitatas
1290 4988 1422 5060 cognovi,
1438 4987 1514 5042 inter
1536 4986 1641 5041 maltos
1666 4984 1807 5040 discursas
1821 4999 1892 5055 per-

172 5150 183 5176 ·
204 5140 232 5196 F.
247 5142 374 5196 celatum.
1071 5146 1081 5182 ¹
1099 5148 1145 5210 u..
1162 5146 1227 5201 dici.

169 5213 182 5254 b
207 5212 268 5276 hs,
292 5212 401 5267 additu.
420 5212 523 5268 Verum
552 5213 646 5268 abdito
673 5215 825 5286 legendnm
857 5233 891 5272 ex
917 5217 982 5273 divo
1071 5229 1087 5273 t
1106 5219 1166 5285 lde,
1182 5219 1253 5272 ueris
1267 5218 1389 5287 scriptis.
1408 5214 1565 5271 Eucherius
1575 5229 1653 5281 vero,
1673 5211 1723 5266 ubi
1750 5227 1852 5283 snpra,
1873 5230 1892 5268 a

135 5282 274 5337 Eucherio
303 5282 334 5336 in
368 5284 538 5353 praefatioue
570 5284 635 5339 libri
667 5286 865 5342 formularum
895 5289 982 5358 spiri·
1035 5291 1148 5344 canna.

135 5353 267 5433 tualium.
1071 5360 1134 5414 hh.
1160 5359 1331 5429 tapancalas,
1355 5357 1430 5413 idem
1447 5373 1478 5412 ac
1492 5372 1579 5429 parva
1608 5356 1714 5423 tapena.
1731 5353 1892 5425 Hispanico

93 5454 97 5460 ·
169 5422 244 5477 ⁶Src
258 5422 334 5493 apud
350 5424 470 5482 Eucher.
488 5424 547 5480 ibi:
563 5430 590 5480 at
607 5442 672 5492 ms,
690 5426 865 5497 operabatur.
1036 5429 1134 5485 Jarro.

168 5488 182 5528 ἆ
201 5492 261 5561 lis,
278 5498 361 5549 tuate.
1049 5523 1052 5526 ⁴
1074 5501 1080 5535 ¹
1101 5502 1161 5570 its,
1175 5517 1220 5557 cor
1235 5502 1372 5556 antimus.

169 5573 181 5600 0
201 5563 230 5617 F.
248 5564 363 5634 melius,
376 5567 492 5635 spineta.
1108 5573 1169 5639 lis,
1185 5571 1348 5627 horninibus.
