<?xml version="1.0" encoding="UTF-8"?>
<!DOCTYPE html PUBLIC "-//W3C//DTD XHTML 1.0 Transitional//EN"
    "http://www.w3.org/TR/xhtml1/DTD/xhtml1-transitional.dtd">
<html xmlns="http://www.w3.org/1999/xhtml" xml:lang="en" lang="en">
 <head>
  <title>
</title>
<meta http-equiv="Content-Type" content="text/html;charset=utf-8" />
  <meta name='ocr-system' content='tesseract 3.04.00' />
  <meta name='ocr-capabilities' content='ocr_page ocr_carea ocr_par ocr_line ocrx_word'/>
</head>
<body>
  <div class='ocr_page' id='page_1' title='image "./patrologiaecurs04unkngoog_0499.png"; bbox 0 0 3930 6098; ppageno 0'>
   <div class='ocr_carea' id='block_1_1' title="bbox 583 254 1744 312">
    <p class='ocr_par' dir='ltr' id='par_1_1' title="bbox 583 254 1744 312">
     <span class='ocr_line' id='line_1_1' title="bbox 583 254 1744 312; baseline -0.003 0"><span class='ocrx_word' id='word_1_1' title='bbox 583 257 629 312; x_wconf 85' lang='lat' dir='ltr'><strong>DE</strong></span> <span class='ocrx_word' id='word_1_2' title='bbox 648 255 732 312; x_wconf 80' lang='lat' dir='ltr'><strong>vim</strong></span> <span class='ocrx_word' id='word_1_3' title='bbox 751 258 779 312; x_wconf 90' lang='lat' dir='ltr'><strong>S.</strong></span> <span class='ocrx_word' id='word_1_4' title='bbox 799 255 945 312; x_wconf 75' lang='grc'><strong>1111111111.</strong></span> <span class='ocrx_word' id='word_1_5' title='bbox 957 286 990 294; x_wconf 90' lang='grc'><strong>-</strong></span> <span class='ocrx_word' id='word_1_6' title='bbox 1003 254 1067 312; x_wconf 83' lang='lat' dir='ltr'><strong>LlB.</strong></span> <span class='ocrx_word' id='word_1_7' title='bbox 1088 255 1137 311; x_wconf 91' lang='grc'><strong>111.</strong></span> <span class='ocrx_word' id='word_1_8' title='bbox 1693 256 1744 310; x_wconf 82' lang='grc'><strong>951</strong></span> 
     </span>
    </p>
   </div>
   <div class='ocr_carea' id='block_1_2' title="bbox 85 389 1743 1873">
    <p class='ocr_par' dir='ltr' id='par_1_2' title="bbox 85 389 1743 463">
     <span class='ocr_line' id='line_1_2' title="bbox 85 389 1743 463; baseline -0.002 -17"><span class='ocrx_word' id='word_1_9' title='bbox 85 394 107 446; x_wconf 89' lang='grc'><strong>11</strong></span> <span class='ocrx_word' id='word_1_10' title='bbox 121 390 196 446; x_wconf 88' lang='lat' dir='ltr'><strong>dicta</strong></span> <span class='ocrx_word' id='word_1_11' title='bbox 210 391 308 446; x_wconf 89' lang='lat' dir='ltr'><strong>fnrens</strong></span> <span class='ocrx_word' id='word_1_12' title='bbox 321 391 438 446; x_wconf 76' lang='lat' dir='ltr'><strong>arrectis</strong></span> <span class='ocrx_word' id='word_1_13' title='bbox 454 389 571 445; x_wconf 89' lang='lat' dir='ltr'><strong>auribus</strong></span> <span class='ocrx_word' id='word_1_14' title='bbox 586 391 689 458; x_wconf 88' lang='lat' dir='ltr'><strong>hausit,</strong></span> <span class='ocrx_word' id='word_1_15' title='bbox 862 393 990 447; x_wconf 83' lang='lat' dir='ltr'><strong>Atinam</strong></span> <span class='ocrx_word' id='word_1_16' title='bbox 1006 391 1132 446; x_wconf 88' lang='lat' dir='ltr'><strong>animam</strong></span> <span class='ocrx_word' id='word_1_17' title='bbox 1157 391 1272 463; x_wconf 88' lang='lat' dir='ltr'><strong>gemino</strong></span> <span class='ocrx_word' id='word_1_18' title='bbox 1287 391 1340 446; x_wconf 92' lang='lat' dir='ltr'><strong>sub</strong></span> <span class='ocrx_word' id='word_1_19' title='bbox 1363 396 1479 463; x_wconf 75' lang='lat' dir='ltr'>pectore</span> <span class='ocrx_word' id='word_1_20' title='bbox 1494 394 1527 446; x_wconf 92' lang='lat' dir='ltr'><strong>nt</strong></span> <span class='ocrx_word' id='word_1_21' title='bbox 1542 406 1602 445; x_wconf 90' lang='lat' dir='ltr'><strong>esse</strong></span> <span class='ocrx_word' id='word_1_22' title='bbox 1618 393 1743 462; x_wconf 87' lang='lat' dir='ltr'><strong>putares,</strong></span> 
     </span>
    </p>

    <p class='ocr_par' dir='ltr' id='par_1_3' title="bbox 85 479 1579 551">
     <span class='ocr_line' id='line_1_3' title="bbox 85 479 1579 551; baseline -0.003 -15"><span class='ocrx_word' id='word_1_23' title='bbox 85 479 165 536; x_wconf 84' lang='lat' dir='ltr'><strong>licere</strong></span> <span class='ocrx_word' id='word_1_24' title='bbox 181 479 233 533; x_wconf 89' lang='lat' dir='ltr'><strong>sibi</strong></span> <span class='ocrx_word' id='word_1_25' title='bbox 250 480 378 549; x_wconf 91' lang='lat' dir='ltr'><strong>cupiens,</strong></span> <span class='ocrx_word' id='word_1_26' title='bbox 397 479 537 550; x_wconf 91' lang='lat' dir='ltr'><strong>quidquid</strong></span> <span class='ocrx_word' id='word_1_27' title='bbox 551 480 689 547; x_wconf 82' lang='lat' dir='ltr'><strong>libuisset,</strong></span> <span class='ocrx_word' id='word_1_28' title='bbox 901 482 1047 535; x_wconf 85' lang='lat' dir='ltr'><strong>lladonem</strong></span> <span class='ocrx_word' id='word_1_29' title='bbox 1062 481 1144 534; x_wconf 91' lang='lat' dir='ltr'><strong>illum</strong></span> <span class='ocrx_word' id='word_1_30' title='bbox 1162 481 1250 551; x_wconf 82' lang='lat' dir='ltr'><strong>Eligio</strong></span> <span class='ocrx_word' id='word_1_31' title='bbox 1266 481 1421 535; x_wconf 87' lang='lat' dir='ltr'><strong>comitante</strong></span> <span class='ocrx_word' id='word_1_32' title='bbox 1435 479 1579 549; x_wconf 88' lang='lat' dir='ltr'><strong>benigno;</strong></span> 
     </span>
    </p>

    <p class='ocr_par' dir='ltr' id='par_1_4' title="bbox 85 567 1601 639">
     <span class='ocr_line' id='line_1_4' title="bbox 85 567 1601 639; baseline -0.001 -18"><span class='ocrx_word' id='word_1_33' title='bbox 85 583 131 622; x_wconf 89' lang='lat' dir='ltr'><strong>um</strong></span> <span class='ocrx_word' id='word_1_34' title='bbox 146 568 271 639; x_wconf 81' lang='lat' dir='ltr'><strong>graviter</strong></span> <span class='ocrx_word' id='word_1_35' title='bbox 285 569 436 622; x_wconf 88' lang='lat' dir='ltr'><strong>Doctorem</strong></span> <span class='ocrx_word' id='word_1_36' title='bbox 448 567 526 636; x_wconf 88' lang='lat' dir='ltr'><strong>justa</strong></span> <span class='ocrx_word' id='word_1_37' title='bbox 541 574 709 621; x_wconf 88' lang='lat' dir='ltr'><strong>monentem</strong></span> <span class='ocrx_word' id='word_1_38' title='bbox 900 570 931 622; x_wconf 91' lang='lat' dir='ltr'><strong>ln</strong></span> <span class='ocrx_word' id='word_1_39' title='bbox 948 569 1039 622; x_wconf 82' lang='lat' dir='ltr'><strong>laicali</strong></span> <span class='ocrx_word' id='word_1_40' title='bbox 1053 569 1153 622; x_wconf 86' lang='lat' dir='ltr'><strong>habitu</strong></span> <span class='ocrx_word' id='word_1_41' title='bbox 1166 585 1237 639; x_wconf 92' lang='lat' dir='ltr'><strong>quos</strong></span> <span class='ocrx_word' id='word_1_42' title='bbox 1248 569 1385 639; x_wconf 89' lang='lat' dir='ltr'><strong>Principis</strong></span> <span class='ocrx_word' id='word_1_43' title='bbox 1397 569 1462 622; x_wconf 87' lang='lat' dir='ltr'><strong>aula</strong></span> <span class='ocrx_word' id='word_1_44' title='bbox 1476 568 1601 622; x_wconf 88' lang='lat' dir='ltr'><strong>tenebat.</strong></span> 
     </span>
    </p>

    <p class='ocr_par' dir='ltr' id='par_1_5' title="bbox 85 641 1644 728">
     <span class='ocr_line' id='line_1_5' title="bbox 85 641 1644 728; baseline -0.002 -18"><span class='ocrx_word' id='word_1_45' title='bbox 85 655 124 725; x_wconf 90' lang='lat' dir='ltr'><strong>lit,</strong></span> <span class='ocrx_word' id='word_1_46' title='bbox 138 641 173 710; x_wconf 78' lang='grc' dir='ltr'><strong>Ι111</strong></span> <span class='ocrx_word' id='word_1_47' title='bbox 186 656 237 710; x_wconf 88' lang='lat' dir='ltr'><strong>tali</strong></span> <span class='ocrx_word' id='word_1_48' title='bbox 251 656 378 710; x_wconf 75' lang='lat' dir='ltr'><strong>viduavit</strong></span> <span class='ocrx_word' id='word_1_49' title='bbox 392 656 505 726; x_wconf 90' lang='lat' dir='ltr'><strong>hospite</strong></span> <span class='ocrx_word' id='word_1_50' title='bbox 521 672 652 726; x_wconf 90' lang='lat' dir='ltr'><strong>regnum.</strong></span> <span class='ocrx_word' id='word_1_51' title='bbox 901 658 954 713; x_wconf 89' lang='lat' dir='ltr'><strong>Sed</strong></span> <span class='ocrx_word' id='word_1_52' title='bbox 970 662 1034 728; x_wconf 90' lang='lat' dir='ltr'><strong>post</strong></span> <span class='ocrx_word' id='word_1_53' title='bbox 1050 657 1102 712; x_wconf 93' lang='lat' dir='ltr'><strong>sub</strong></span> <span class='ocrx_word' id='word_1_54' title='bbox 1115 657 1234 727; x_wconf 90' lang='lat' dir='ltr'><strong>pedibus·</strong></span> <span class='ocrx_word' id='word_1_55' title='bbox 1251 661 1409 711; x_wconf 89' lang='lat' dir='ltr'><strong>sternentes</strong></span> <span class='ocrx_word' id='word_1_56' title='bbox 1425 657 1509 709; x_wconf 89' lang='lat' dir='ltr'><strong>labile</strong></span> <span class='ocrx_word' id='word_1_57' title='bbox 1526 655 1644 710; x_wconf 90' lang='lat' dir='ltr'><strong>seclum.</strong></span> 
     </span>
    </p>

    <p class='ocr_par' dir='ltr' id='par_1_6' title="bbox 85 743 1584 816">
     <span class='ocr_line' id='line_1_6' title="bbox 85 743 1584 816; baseline 0.001 -19"><span class='ocrx_word' id='word_1_58' title='bbox 85 759 111 797; x_wconf 83' lang='lat' dir='ltr'><strong>ie</strong></span> <span class='ocrx_word' id='word_1_59' title='bbox 125 744 256 815; x_wconf 91' lang='lat' dir='ltr'><strong>repulsus</strong></span> <span class='ocrx_word' id='word_1_60' title='bbox 266 743 336 810; x_wconf 90' lang='lat' dir='ltr'><strong>abit,</strong></span> <span class='ocrx_word' id='word_1_61' title='bbox 354 743 508 798; x_wconf 84' lang='lat' dir='ltr'><strong>Dominum</strong></span> <span class='ocrx_word' id='word_1_62' title='bbox 521 760 637 816; x_wconf 89' lang='lat' dir='ltr'><strong>quoqne</strong></span> <span class='ocrx_word' id='word_1_63' title='bbox 653 744 790 798; x_wconf 82' lang='lat' dir='ltr'><strong>Gentibus</strong></span> <span class='ocrx_word' id='word_1_64' title='bbox 805 743 847 798; x_wconf 92' lang='lat' dir='ltr'><strong>in·</strong></span> <span class='ocrx_word' id='word_1_65' title='bbox 903 746 1037 800; x_wconf 85' lang='lat' dir='ltr'><strong>Ecclesies</strong></span> <span class='ocrx_word' id='word_1_66' title='bbox 1049 746 1179 812; x_wconf 85' lang='lat' dir='ltr'><strong>geminas</strong></span> <span class='ocrx_word' id='word_1_67' title='bbox 1195 745 1310 799; x_wconf 87' lang='lat' dir='ltr'><strong>stabiles</strong></span> <span class='ocrx_word' id='word_1_68' title='bbox 1325 750 1419 799; x_wconf 78' lang='lat' dir='ltr'><strong>texere</strong></span> <span class='ocrx_word' id='word_1_69' title='bbox 1434 746 1584 800; x_wconf 78' lang='lat' dir='ltr'><strong>columnae.</strong></span> 
     </span>
    </p>

    <p class='ocr_par' dir='ltr' id='par_1_7' title="bbox 770 832 1525 904">
     <span class='ocr_line' id='line_1_7' title="bbox 770 832 1525 904; baseline -0.004 -16"><span class='ocrx_word' id='word_1_70' title='bbox 770 832 844 903; x_wconf 86' lang='lat' dir='ltr'><strong>[fert.</strong></span> <span class='ocrx_word' id='word_1_71' title='bbox 902 835 1012 888; x_wconf 91' lang='lat' dir='ltr'><strong>inditus</strong></span> <span class='ocrx_word' id='word_1_72' title='bbox 1026 834 1074 888; x_wconf 89' lang='lat' dir='ltr'><strong>ille</strong></span> <span class='ocrx_word' id='word_1_73' title='bbox 1091 835 1179 904; x_wconf 92' lang='lat' dir='ltr'><strong>prior,</strong></span> <span class='ocrx_word' id='word_1_74' title='bbox 1195 833 1247 887; x_wconf 90' lang='lat' dir='ltr'><strong>sub</strong></span> <span class='ocrx_word' id='word_1_75' title='bbox 1262 834 1344 903; x_wconf 89' lang='lat' dir='ltr'><strong>cujus</strong></span> <span class='ocrx_word' id='word_1_76' title='bbox 1357 832 1525 903; x_wconf 85' lang='lat' dir='ltr'><strong>pontificatu</strong></span> 
     </span>
    </p>

    <p class='ocr_par' dir='ltr' id='par_1_8' title="bbox 333 919 1568 994">
     <span class='ocr_line' id='line_1_8' title="bbox 333 919 1568 994; baseline -0.003 -18"><span class='ocrx_word' id='word_1_77' title='bbox 333 937 446 993; x_wconf 67' lang='lat' dir='ltr'><strong>gppgp</strong></span> <span class='ocrx_word' id='word_1_78' title='bbox 465 939 513 994; x_wconf 68' lang='lat'><strong>111¹</strong></span> <span class='ocrx_word' id='word_1_79' title='bbox 902 921 1010 975; x_wconf 85' lang='lat' dir='ltr'><strong>Floruit</strong></span> <span class='ocrx_word' id='word_1_80' title='bbox 1026 920 1056 974; x_wconf 95' lang='lat' dir='ltr'><strong>in</strong></span> <span class='ocrx_word' id='word_1_81' title='bbox 1069 921 1160 974; x_wconf 93' lang='lat' dir='ltr'><strong>titulis</strong></span> <span class='ocrx_word' id='word_1_82' title='bbox 1174 921 1350 988; x_wconf 82' lang='lat' dir='ltr'><strong>Rotomagus</strong></span> <span class='ocrx_word' id='word_1_83' title='bbox 1365 921 1439 972; x_wconf 91' lang='lat' dir='ltr'><strong>celsa</strong></span> <span class='ocrx_word' id='word_1_84' title='bbox 1455 919 1544 973; x_wconf 89' lang='lat' dir='ltr'><strong>beatis</strong></span> <span class='ocrx_word' id='word_1_85' title='bbox 1561 934 1568 972; x_wconf 91' lang='lat'><strong>:</strong></span> 
     </span>
    </p>

    <p class='ocr_par' dir='ltr' id='par_1_9' title="bbox 901 995 1550 1080">
     <span class='ocr_line' id='line_1_9' title="bbox 901 995 1550 1080; baseline -0.009 -16"><span class='ocrx_word' id='word_1_86' title='bbox 901 1009 1023 1080; x_wconf 81' lang='lat' dir='ltr'><strong>Compar</strong></span> <span class='ocrx_word' id='word_1_87' title='bbox 1038 1014 1067 1062; x_wconf 91' lang='lat' dir='ltr'><strong>et</strong></span> <span class='ocrx_word' id='word_1_88' title='bbox 1080 1009 1188 1079; x_wconf 83' lang='lat' dir='ltr'><strong>Eligius</strong></span> <span class='ocrx_word' id='word_1_89' title='bbox 1203 1008 1300 1062; x_wconf 85' lang='lat' dir='ltr'><strong>divino</strong></span> <span class='ocrx_word' id='word_1_90' title='bbox 1317 1023 1437 1061; x_wconf 92' lang='lat' dir='ltr'><strong>munere</strong></span> <span class='ocrx_word' id='word_1_91' title='bbox 1450 995 1550 1074; x_wconf 84' lang='lat' dir='ltr'><strong>lectos,</strong></span> 
     </span>
    </p>

    <p class='ocr_par' dir='ltr' id='par_1_10' title="bbox 901 1094 1640 1164">
     <span class='ocr_line' id='line_1_10' title="bbox 901 1094 1640 1164; baseline -0.004 -14"><span class='ocrx_word' id='word_1_92' title='bbox 901 1099 961 1163; x_wconf 82' lang='lat' dir='ltr'><strong>Quo</strong></span> <span class='ocrx_word' id='word_1_93' title='bbox 977 1097 1132 1153; x_wconf 87' lang='lat' dir='ltr'><strong>Noviomus</strong></span> <span class='ocrx_word' id='word_1_94' title='bbox 1149 1100 1179 1150; x_wconf 86' lang='lat' dir='ltr'><strong>ut</strong></span> <span class='ocrx_word' id='word_1_95' title='bbox 1193 1098 1261 1151; x_wconf 83' lang='lat' dir='ltr'><strong>urbs</strong></span> <span class='ocrx_word' id='word_1_96' title='bbox 1275 1096 1386 1149; x_wconf 77' lang='lat' dir='ltr'><strong>uiuente</strong></span> <span class='ocrx_word' id='word_1_97' title='bbox 1402 1096 1533 1148; x_wconf 81' lang='lat' dir='ltr'><strong>Antistite</strong></span> <span class='ocrx_word' id='word_1_98' title='bbox 1550 1094 1640 1164; x_wconf 90' lang='lat' dir='ltr'><strong>fulsit,</strong></span> 
     </span>
    </p>

    <p class='ocr_par' dir='ltr' id='par_1_11' title="bbox 85 1183 1605 1258">
     <span class='ocr_line' id='line_1_11' title="bbox 85 1183 1605 1258; baseline -0.002 -19"><span class='ocrx_word' id='word_1_99' title='bbox 85 1186 115 1239; x_wconf 83' lang='lat' dir='ltr'><strong>Et</strong></span> <span class='ocrx_word' id='word_1_100' title='bbox 127 1201 292 1256; x_wconf 88' lang='lat' dir='ltr'><strong>quanquam</strong></span> <span class='ocrx_word' id='word_1_101' title='bbox 309 1186 444 1258; x_wconf 84' lang='lat' dir='ltr'><strong>Princeps</strong></span> <span class='ocrx_word' id='word_1_102' title='bbox 460 1188 550 1257; x_wconf 89' lang='lat' dir='ltr'><strong>regali</strong></span> <span class='ocrx_word' id='word_1_103' title='bbox 565 1204 580 1240; x_wconf 89' lang='lat' dir='ltr'><strong>a</strong></span> <span class='ocrx_word' id='word_1_104' title='bbox 597 1189 706 1241; x_wconf 91' lang='lat' dir='ltr'><strong>semine</strong></span> <span class='ocrx_word' id='word_1_105' title='bbox 719 1189 808 1258; x_wconf 84' lang='lat' dir='ltr'><strong>jaciet</strong></span> <span class='ocrx_word' id='word_1_106' title='bbox 900 1187 945 1241; x_wconf 89' lang='lat' dir='ltr'><strong>Sic</strong></span> <span class='ocrx_word' id='word_1_107' title='bbox 960 1187 1046 1240; x_wconf 89' lang='lat' dir='ltr'><strong>micat</strong></span> <span class='ocrx_word' id='word_1_108' title='bbox 1061 1191 1089 1239; x_wconf 90' lang='lat' dir='ltr'><strong>et</strong></span> <span class='ocrx_word' id='word_1_109' title='bbox 1104 1186 1216 1239; x_wconf 90' lang='lat' dir='ltr'><strong>tumulo</strong></span> <span class='ocrx_word' id='word_1_110' title='bbox 1232 1184 1330 1239; x_wconf 90' lang='lat' dir='ltr'><strong>multis</strong></span> <span class='ocrx_word' id='word_1_111' title='bbox 1345 1183 1498 1237; x_wconf 87' lang='lat' dir='ltr'><strong>virtutibus</strong></span> <span class='ocrx_word' id='word_1_112' title='bbox 1513 1188 1605 1237; x_wconf 89' lang='lat' dir='ltr'><strong>aucto.</strong></span> 
     </span>
    </p>

    <p class='ocr_par' dir='ltr' id='par_1_12' title="bbox 86 1272 1513 1346">
     <span class='ocr_line' id='line_1_12' title="bbox 86 1272 1513 1346; baseline 0.001 -22"><span class='ocrx_word' id='word_1_113' title='bbox 86 1272 150 1340; x_wconf 87' lang='lat' dir='ltr'><strong>viis,</strong></span> <span class='ocrx_word' id='word_1_114' title='bbox 163 1278 259 1327; x_wconf 89' lang='lat' dir='ltr'><strong>tamen</strong></span> <span class='ocrx_word' id='word_1_115' title='bbox 275 1275 340 1328; x_wconf 90' lang='lat' dir='ltr'><strong>hnic</strong></span> <span class='ocrx_word' id='word_1_116' title='bbox 355 1275 442 1344; x_wconf 89' lang='lat' dir='ltr'><strong>prolis</strong></span> <span class='ocrx_word' id='word_1_117' title='bbox 458 1291 515 1329; x_wconf 92' lang='lat' dir='ltr'><strong>non</strong></span> <span class='ocrx_word' id='word_1_118' title='bbox 531 1275 622 1346; x_wconf 79' lang='lat' dir='ltr'><strong>surgit</strong></span> <span class='ocrx_word' id='word_1_119' title='bbox 636 1276 737 1342; x_wconf 87' lang='lat' dir='ltr'><strong>arista;</strong></span> <span class='ocrx_word' id='word_1_120' title='bbox 900 1275 982 1329; x_wconf 79' lang='lat' dir='ltr'><strong>Salva</strong></span> <span class='ocrx_word' id='word_1_121' title='bbox 996 1275 1054 1328; x_wconf 87' lang='lat' dir='ltr'><strong>lida</strong></span> <span class='ocrx_word' id='word_1_122' title='bbox 1067 1274 1148 1336; x_wconf 89' lang='lat' dir='ltr'><strong>fides,</strong></span> <span class='ocrx_word' id='word_1_123' title='bbox 1165 1274 1232 1328; x_wconf 85' lang='lat' dir='ltr'><strong>felix</strong></span> <span class='ocrx_word' id='word_1_124' title='bbox 1252 1272 1405 1327; x_wconf 84' lang='lat' dir='ltr'><strong>concordia</strong></span> <span class='ocrx_word' id='word_1_125' title='bbox 1420 1275 1513 1335; x_wconf 86' lang='lat' dir='ltr'><strong>aveto,</strong></span> 
     </span>
    </p>

    <p class='ocr_par' dir='ltr' id='par_1_13' title="bbox 85 1358 1557 1423">
     <span class='ocr_line' id='line_1_13' title="bbox 85 1358 1557 1423; baseline -0.002 -9"><span class='ocrx_word' id='word_1_126' title='bbox 85 1361 166 1415; x_wconf 84' lang='lat' dir='ltr'><strong>nient</strong></span> <span class='ocrx_word' id='word_1_127' title='bbox 180 1362 254 1415; x_wconf 90' lang='lat' dir='ltr'><strong>sicco</strong></span> <span class='ocrx_word' id='word_1_128' title='bbox 270 1361 353 1416; x_wconf 82' lang='lat' dir='ltr'><strong>stillae</strong></span> <span class='ocrx_word' id='word_1_129' title='bbox 366 1363 402 1416; x_wconf 92' lang='lat' dir='ltr'><strong>de</strong></span> <span class='ocrx_word' id='word_1_130' title='bbox 418 1362 542 1418; x_wconf 89' lang='lat' dir='ltr'><strong>nubibus</strong></span> <span class='ocrx_word' id='word_1_131' title='bbox 557 1380 633 1418; x_wconf 88' lang='lat' dir='ltr'><strong>arvo.</strong></span> <span class='ocrx_word' id='word_1_132' title='bbox 902 1362 1053 1417; x_wconf 88' lang='lat' dir='ltr'><strong>Poutifiees</strong></span> <span class='ocrx_word' id='word_1_133' title='bbox 1068 1361 1157 1415; x_wconf 89' lang='lat' dir='ltr'><strong>sancti</strong></span> <span class='ocrx_word' id='word_1_134' title='bbox 1173 1361 1342 1415; x_wconf 89' lang='lat' dir='ltr'><strong>meritorum</strong></span> <span class='ocrx_word' id='word_1_135' title='bbox 1357 1361 1420 1413; x_wconf 92' lang='lat' dir='ltr'><strong>luce</strong></span> <span class='ocrx_word' id='word_1_136' title='bbox 1436 1358 1557 1423; x_wconf 87' lang='lat' dir='ltr'><strong>corusci,</strong></span> 
     </span>
    </p>

    <p class='ocr_par' dir='ltr' id='par_1_14' title="bbox 93 1447 1617 1525">
     <span class='ocr_line' id='line_1_14' title="bbox 93 1447 1617 1525; baseline -0.004 -21"><span class='ocrx_word' id='word_1_137' title='bbox 93 1454 191 1504; x_wconf 83' lang='lat' dir='ltr'><strong>tamen</strong></span> <span class='ocrx_word' id='word_1_138' title='bbox 207 1452 238 1503; x_wconf 92' lang='lat' dir='ltr'><strong>ut</strong></span> <span class='ocrx_word' id='word_1_139' title='bbox 248 1451 365 1505; x_wconf 90' lang='lat' dir='ltr'><strong>tandem</strong></span> <span class='ocrx_word' id='word_1_140' title='bbox 380 1452 475 1522; x_wconf 90' lang='lat' dir='ltr'><strong>potuit</strong></span> <span class='ocrx_word' id='word_1_141' title='bbox 490 1468 673 1522; x_wconf 80' lang='lat' dir='ltr'><strong>cognoscere,</strong></span> <span class='ocrx_word' id='word_1_142' title='bbox 689 1455 808 1525; x_wconf 82' lang='lat' dir='ltr'><strong>supplex</strong></span> <span class='ocrx_word' id='word_1_143' title='bbox 901 1451 963 1504; x_wconf 91' lang='lat' dir='ltr'><strong>Non</strong></span> <span class='ocrx_word' id='word_1_144' title='bbox 977 1448 1047 1503; x_wconf 89' lang='lat' dir='ltr'><strong>mihi</strong></span> <span class='ocrx_word' id='word_1_145' title='bbox 1062 1453 1120 1502; x_wconf 90' lang='lat' dir='ltr'><strong>tam</strong></span> <span class='ocrx_word' id='word_1_146' title='bbox 1136 1448 1230 1501; x_wconf 88' lang='lat' dir='ltr'><strong>tenuis</strong></span> <span class='ocrx_word' id='word_1_147' title='bbox 1244 1449 1278 1502; x_wconf 95' lang='lat' dir='ltr'><strong>de</strong></span> <span class='ocrx_word' id='word_1_148' title='bbox 1294 1447 1374 1500; x_wconf 88' lang='lat' dir='ltr'><strong>vobis</strong></span> <span class='ocrx_word' id='word_1_149' title='bbox 1388 1462 1482 1500; x_wconf 90' lang='lat' dir='ltr'><strong>sermo</strong></span> <span class='ocrx_word' id='word_1_150' title='bbox 1499 1449 1617 1509; x_wconf 86' lang='lat' dir='ltr'><strong>mearet,</strong></span> 
     </span>
    </p>

    <p class='ocr_par' dir='ltr' id='par_1_15' title="bbox 85 1533 1563 1608">
     <span class='ocr_line' id='line_1_15' title="bbox 85 1533 1563 1608; baseline -0.004 -18"><span class='ocrx_word' id='word_1_151' title='bbox 85 1536 145 1591; x_wconf 91' lang='lat' dir='ltr'><strong>ium</strong></span> <span class='ocrx_word' id='word_1_152' title='bbox 162 1537 272 1608; x_wconf 88' lang='lat' dir='ltr'><strong>superis</strong></span> <span class='ocrx_word' id='word_1_153' title='bbox 288 1555 304 1591; x_wconf 88' lang='lat' dir='ltr'><strong>a</strong></span> <span class='ocrx_word' id='word_1_154' title='bbox 320 1538 433 1592; x_wconf 86' lang='lat' dir='ltr'><strong>sedibus</strong></span> <span class='ocrx_word' id='word_1_155' title='bbox 450 1540 567 1607; x_wconf 82' lang='lat' dir='ltr'><strong>expetit,</strong></span> <span class='ocrx_word' id='word_1_156' title='bbox 584 1556 669 1593; x_wconf 87' lang='lat' dir='ltr'><strong>orans</strong></span> <span class='ocrx_word' id='word_1_157' title='bbox 901 1537 934 1591; x_wconf 88' lang='lat' dir='ltr'><strong>Ni</strong></span> <span class='ocrx_word' id='word_1_158' title='bbox 948 1553 996 1589; x_wconf 85' lang='lat' dir='ltr'><strong>vos</strong></span> <span class='ocrx_word' id='word_1_159' title='bbox 1012 1535 1180 1605; x_wconf 87' lang='lat' dir='ltr'><strong>conspicuos</strong></span> <span class='ocrx_word' id='word_1_160' title='bbox 1196 1533 1298 1587; x_wconf 87' lang='lat' dir='ltr'><strong>scirem</strong></span> <span class='ocrx_word' id='word_1_161' title='bbox 1314 1533 1438 1587; x_wconf 84' lang='lat' dir='ltr'><strong>nutrisse</strong></span> <span class='ocrx_word' id='word_1_162' title='bbox 1452 1536 1563 1603; x_wconf 86' lang='lat' dir='ltr'><strong>poetas,</strong></span> 
     </span>
    </p>

    <p class='ocr_par' dir='ltr' id='par_1_16' title="bbox 85 1621 1625 1697">
     <span class='ocr_line' id='line_1_16' title="bbox 85 1621 1625 1697; baseline -0.003 -18"><span class='ocrx_word' id='word_1_163' title='bbox 85 1622 104 1679; x_wconf 86' lang='grc'><strong>11</strong></span> <span class='ocrx_word' id='word_1_164' title='bbox 117 1629 259 1691; x_wconf 87' lang='lat' dir='ltr'><strong>nascatur,</strong></span> <span class='ocrx_word' id='word_1_165' title='bbox 276 1641 334 1695; x_wconf 92' lang='lat' dir='ltr'><strong>quo</strong></span> <span class='ocrx_word' id='word_1_166' title='bbox 349 1629 413 1694; x_wconf 90' lang='lat' dir='ltr'><strong>post</strong></span> <span class='ocrx_word' id='word_1_167' title='bbox 429 1641 480 1679; x_wconf 91' lang='lat' dir='ltr'><strong>sua</strong></span> <span class='ocrx_word' id='word_1_168' title='bbox 497 1633 608 1697; x_wconf 88' lang='lat' dir='ltr'><strong>sceptra</strong></span> <span class='ocrx_word' id='word_1_169' title='bbox 622 1633 767 1696; x_wconf 90' lang='lat' dir='ltr'><strong>regantur.</strong></span> <span class='ocrx_word' id='word_1_170' title='bbox 900 1625 953 1688; x_wconf 88' lang='lat' dir='ltr'><strong>Qui</strong></span> <span class='ocrx_word' id='word_1_171' title='bbox 969 1628 1089 1694; x_wconf 88' lang='lat' dir='ltr'><strong>possunt</strong></span> <span class='ocrx_word' id='word_1_172' title='bbox 1107 1623 1230 1677; x_wconf 88' lang='lat' dir='ltr'><strong>trimoda</strong></span> <span class='ocrx_word' id='word_1_173' title='bbox 1242 1621 1321 1676; x_wconf 85' lang='lat' dir='ltr'><strong>vobis</strong></span> <span class='ocrx_word' id='word_1_174' title='bbox 1336 1631 1349 1657; x_wconf 78' lang='lat'>⁸</span> <span class='ocrx_word' id='word_1_175' title='bbox 1363 1622 1463 1692; x_wconf 88' lang='lat' dir='ltr'><strong>pipare</strong></span> <span class='ocrx_word' id='word_1_176' title='bbox 1479 1622 1625 1675; x_wconf 85' lang='lat' dir='ltr'><strong>Camoena.</strong></span> 
     </span>
    </p>

    <p class='ocr_par' dir='ltr' id='par_1_17' title="bbox 85 1688 1544 1789">
     <span class='ocr_line' id='line_1_17' title="bbox 85 1688 1544 1789; baseline -0.002 -25"><span class='ocrx_word' id='word_1_177' title='bbox 85 1727 91 1764; x_wconf 81' lang='grc'><strong>1</strong></span> <span class='ocrx_word' id='word_1_178' title='bbox 107 1712 164 1765; x_wconf 77' lang='lat' dir='ltr'><strong>lieo</strong></span> <span class='ocrx_word' id='word_1_179' title='bbox 180 1713 295 1789; x_wconf 85' lang='lat' dir='ltr'><strong>meruit,</strong></span> <span class='ocrx_word' id='word_1_180' title='bbox 310 1712 386 1783; x_wconf 91' lang='lat' dir='ltr'><strong>qnod</strong></span> <span class='ocrx_word' id='word_1_181' title='bbox 403 1729 483 1766; x_wconf 90' lang='lat' dir='ltr'><strong>mens</strong></span> <span class='ocrx_word' id='word_1_182' title='bbox 499 1714 598 1769; x_wconf 87' lang='lat' dir='ltr'><strong>devota</strong></span> <span class='ocrx_word' id='word_1_183' title='bbox 613 1715 722 1785; x_wconf 88' lang='lat' dir='ltr'><strong>petivit.</strong></span> <span class='ocrx_word' id='word_1_184' title='bbox 865 1688 885 1741; x_wconf 74' lang='grc' dir='ltr'><strong>Β</strong></span> <span class='ocrx_word' id='word_1_185' title='bbox 900 1714 999 1767; x_wconf 89' lang='lat' dir='ltr'><strong>Nobile</strong></span> <span class='ocrx_word' id='word_1_186' title='bbox 1014 1717 1041 1766; x_wconf 89' lang='lat' dir='ltr'><strong>et</strong></span> <span class='ocrx_word' id='word_1_187' title='bbox 1056 1711 1164 1766; x_wconf 88' lang='lat' dir='ltr'><strong>auratis</strong></span> <span class='ocrx_word' id='word_1_188' title='bbox 1177 1726 1292 1765; x_wconf 89' lang='lat' dir='ltr'><strong>carmen</strong></span> <span class='ocrx_word' id='word_1_189' title='bbox 1305 1715 1418 1764; x_wconf 90' lang='lat' dir='ltr'><strong>cantare</strong></span> <span class='ocrx_word' id='word_1_190' title='bbox 1434 1708 1544 1763; x_wconf 90' lang='lat' dir='ltr'><strong>cicutis.</strong></span> 
     </span>
    </p>

    <p class='ocr_par' dir='ltr' id='par_1_18' title="bbox 85 1797 1630 1873">
     <span class='ocr_line' id='line_1_18' title="bbox 85 1797 1630 1873; baseline -0.002 -20"><span class='ocrx_word' id='word_1_191' title='bbox 85 1815 122 1854; x_wconf 92' lang='lat' dir='ltr'><strong>ns</strong></span> <span class='ocrx_word' id='word_1_192' title='bbox 139 1806 170 1854; x_wconf 90' lang='lat' dir='ltr'><strong>nt</strong></span> <span class='ocrx_word' id='word_1_193' title='bbox 184 1801 312 1870; x_wconf 89' lang='lat' dir='ltr'><strong>gaudens</strong></span> <span class='ocrx_word' id='word_1_194' title='bbox 328 1801 473 1871; x_wconf 87' lang='lat' dir='ltr'><strong>regalibus</strong></span> <span class='ocrx_word' id='word_1_195' title='bbox 489 1802 586 1856; x_wconf 86' lang='lat' dir='ltr'><strong>intulit</strong></span> <span class='ocrx_word' id='word_1_196' title='bbox 600 1803 685 1873; x_wconf 89' lang='lat' dir='ltr'><strong>aulis,</strong></span> <span class='ocrx_word' id='word_1_197' title='bbox 898 1803 952 1854; x_wconf 87' lang='lat' dir='ltr'><strong>Vos</strong></span> <span class='ocrx_word' id='word_1_198' title='bbox 965 1808 1061 1855; x_wconf 88' lang='lat' dir='ltr'><strong>tamen</strong></span> <span class='ocrx_word' id='word_1_199' title='bbox 1078 1817 1094 1854; x_wconf 92' lang='lat' dir='ltr'><strong>o</strong></span> <span class='ocrx_word' id='word_1_200' title='bbox 1110 1806 1223 1854; x_wconf 89' lang='lat' dir='ltr'><strong>nostros</strong></span> <span class='ocrx_word' id='word_1_201' title='bbox 1236 1799 1359 1870; x_wconf 89' lang='lat' dir='ltr'><strong>petimus</strong></span> <span class='ocrx_word' id='word_1_202' title='bbox 1374 1799 1496 1852; x_wconf 80' lang='lat' dir='ltr'><strong>revelate</strong></span> <span class='ocrx_word' id='word_1_203' title='bbox 1510 1797 1630 1863; x_wconf 88' lang='lat' dir='ltr'><strong>labores,</strong></span> 
     </span>
    </p>
   </div>
   <div class='ocr_carea' id='block_1_3' title="bbox 85 1063 844 1133">
    <p class='ocr_par' dir='ltr' id='par_1_19' title="bbox 85 1063 844 1133">
     <span class='ocr_line' id='line_1_19' title="bbox 85 1063 844 1133; baseline 0.001 -17"><span class='ocrx_word' id='word_1_204' title='bbox 85 1076 114 1116; x_wconf 82' lang='lat' dir='ltr'><strong>us</strong></span> <span class='ocrx_word' id='word_1_205' title='bbox 130 1063 159 1118; x_wconf 90' lang='lat' dir='ltr'><strong>S.</strong></span> <span class='ocrx_word' id='word_1_206' title='bbox 179 1063 301 1117; x_wconf 82' lang='lat' dir='ltr'><strong>Amoudi</strong></span> <span class='ocrx_word' id='word_1_207' title='bbox 315 1065 349 1118; x_wconf 86' lang='lat' dir='ltr'><strong>ab</strong></span> <span class='ocrx_word' id='word_1_208' title='bbox 364 1066 472 1119; x_wconf 83' lang='lat' dir='ltr'><strong>ecsitio.</strong></span> <span class='ocrx_word' id='word_1_209' title='bbox 485 1066 641 1133; x_wconf 83' lang='lat' dir='ltr'><strong>Baptismus</strong></span> <span class='ocrx_word' id='word_1_210' title='bbox 656 1065 684 1119; x_wconf 87' lang='lat' dir='ltr'><strong>S.</strong></span> <span class='ocrx_word' id='word_1_211' title='bbox 702 1064 844 1133; x_wconf 75' lang='lat' dir='ltr'><strong>sigeberti.</strong></span> 
     </span>
    </p>
   </div>
   <div class='ocr_carea' id='block_1_4' title="bbox 85 1887 1745 5312">
    <p class='ocr_par' dir='ltr' id='par_1_20' title="bbox 85 1887 1745 3726">
     <span class='ocr_line' id='line_1_20' title="bbox 95 1887 1745 1961; baseline -0.003 -19"><span class='ocrx_word' id='word_1_212' title='bbox 95 1903 169 1961; x_wconf 90' lang='lat' dir='ltr'><strong>puer</strong></span> <span class='ocrx_word' id='word_1_213' title='bbox 183 1890 218 1943; x_wconf 88' lang='lat' dir='ltr'><strong>ad</strong></span> <span class='ocrx_word' id='word_1_214' title='bbox 234 1889 328 1944; x_wconf 90' lang='lat' dir='ltr'><strong>lucem</strong></span> <span class='ocrx_word' id='word_1_215' title='bbox 344 1895 473 1944; x_wconf 90' lang='lat' dir='ltr'><strong>materna</strong></span> <span class='ocrx_word' id='word_1_216' title='bbox 487 1891 597 1960; x_wconf 90' lang='lat' dir='ltr'><strong>prodiit</strong></span> <span class='ocrx_word' id='word_1_217' title='bbox 612 1893 691 1957; x_wconf 82' lang='lat' dir='ltr'><strong>alvo;</strong></span> <span class='ocrx_word' id='word_1_218' title='bbox 899 1892 933 1944; x_wconf 91' lang='lat' dir='ltr'><strong>Et</strong></span> <span class='ocrx_word' id='word_1_219' title='bbox 947 1895 1071 1960; x_wconf 77' lang='lat' dir='ltr'><strong>captum</strong></span> <span class='ocrx_word' id='word_1_220' title='bbox 1085 1893 1196 1959; x_wconf 87' lang='lat' dir='ltr'><strong>repetat</strong></span> <span class='ocrx_word' id='word_1_221' title='bbox 1209 1889 1270 1959; x_wconf 89' lang='lat' dir='ltr'><strong>jam</strong></span> <span class='ocrx_word' id='word_1_222' title='bbox 1287 1887 1394 1957; x_wconf 87' lang='lat' dir='ltr'><strong>linguae</strong></span> <span class='ocrx_word' id='word_1_223' title='bbox 1408 1887 1521 1956; x_wconf 85' lang='lat' dir='ltr'><strong>guttula</strong></span> <span class='ocrx_word' id='word_1_224' title='bbox 1535 1901 1660 1939; x_wconf 91' lang='lat' dir='ltr'><strong>cursum.</strong></span> <span class='ocrx_word' id='word_1_225' title='bbox 1738 1906 1745 1917; x_wconf 93' lang='lat'><strong>·</strong></span> 
     </span>
     <span class='ocr_line' id='line_1_21' title="bbox 85 1975 1674 2049; baseline -0.001 -19"><span class='ocrx_word' id='word_1_226' title='bbox 85 1977 146 2032; x_wconf 86' lang='lat' dir='ltr'><strong>ibus</strong></span> <span class='ocrx_word' id='word_1_227' title='bbox 159 1980 187 2030; x_wconf 92' lang='lat' dir='ltr'><strong>et</strong></span> <span class='ocrx_word' id='word_1_228' title='bbox 200 1978 275 2032; x_wconf 86' lang='lat' dir='ltr'><strong>votis</strong></span> <span class='ocrx_word' id='word_1_229' title='bbox 291 1983 437 2032; x_wconf 81' lang='lat' dir='ltr'><strong>auctorem</strong></span> <span class='ocrx_word' id='word_1_230' title='bbox 454 1980 541 2049; x_wconf 90' lang='lat' dir='ltr'><strong>prolis</strong></span> <span class='ocrx_word' id='word_1_231' title='bbox 556 1980 667 2034; x_wconf 89' lang='lat' dir='ltr'><strong>adorat.</strong></span> <span class='ocrx_word' id='word_1_232' title='bbox 936 1981 976 2032; x_wconf 85' lang='grc'><strong>10.</strong></span> <span class='ocrx_word' id='word_1_233' title='bbox 996 1979 1067 2048; x_wconf 84' lang='lat' dir='ltr'><strong>Ergo</strong></span> <span class='ocrx_word' id='word_1_234' title='bbox 1085 1992 1182 2048; x_wconf 87' lang='lat' dir='ltr'><strong>preces</strong></span> <span class='ocrx_word' id='word_1_235' title='bbox 1198 1976 1277 2030; x_wconf 91' lang='lat' dir='ltr'><strong>missi</strong></span> <span class='ocrx_word' id='word_1_236' title='bbox 1293 1977 1394 2030; x_wconf 86' lang='lat' dir='ltr'><strong>devoto</strong></span> <span class='ocrx_word' id='word_1_237' title='bbox 1410 1979 1525 2046; x_wconf 85' lang='lat' dir='ltr'><strong>pectore</strong></span> <span class='ocrx_word' id='word_1_238' title='bbox 1540 1975 1674 2041; x_wconf 88' lang='lat' dir='ltr'><strong>fundunt,</strong></span> 
     </span>
     <span class='ocr_line' id='line_1_22' title="bbox 85 2064 1571 2137; baseline -0.001 -19"><span class='ocrx_word' id='word_1_239' title='bbox 85 2080 161 2118; x_wconf 80' lang='lat' dir='ltr'><strong>tmen</strong></span> <span class='ocrx_word' id='word_1_240' title='bbox 176 2069 303 2119; x_wconf 88' lang='lat' dir='ltr'><strong>mentam</strong></span> <span class='ocrx_word' id='word_1_241' title='bbox 319 2066 415 2120; x_wconf 76' lang='lat' dir='ltr'><strong>latam</strong></span> <span class='ocrx_word' id='word_1_242' title='bbox 432 2067 573 2121; x_wconf 89' lang='lat' dir='ltr'><strong>cunctatio</strong></span> <span class='ocrx_word' id='word_1_243' title='bbox 587 2069 693 2134; x_wconf 89' lang='lat' dir='ltr'><strong>adurit,</strong></span> <span class='ocrx_word' id='word_1_244' title='bbox 899 2067 1037 2137; x_wconf 88' lang='lat' dir='ltr'><strong>Principis</strong></span> <span class='ocrx_word' id='word_1_245' title='bbox 1051 2072 1082 2120; x_wconf 91' lang='lat' dir='ltr'><strong>ut</strong></span> <span class='ocrx_word' id='word_1_246' title='bbox 1096 2066 1224 2120; x_wconf 84' lang='lat' dir='ltr'><strong>sobolem</strong></span> <span class='ocrx_word' id='word_1_247' title='bbox 1238 2068 1348 2119; x_wconf 91' lang='lat' dir='ltr'><strong>sacrato</strong></span> <span class='ocrx_word' id='word_1_248' title='bbox 1365 2064 1463 2118; x_wconf 90' lang='lat' dir='ltr'><strong>deluat</strong></span> <span class='ocrx_word' id='word_1_249' title='bbox 1477 2079 1571 2130; x_wconf 91' lang='lat' dir='ltr'><strong>amne,</strong></span> 
     </span>
     <span class='ocr_line' id='line_1_23' title="bbox 85 2151 1628 2226; baseline -0.001 -20"><span class='ocrx_word' id='word_1_250' title='bbox 85 2153 150 2207; x_wconf 88' lang='grc'><strong>11111</strong></span> <span class='ocrx_word' id='word_1_251' title='bbox 165 2157 263 2208; x_wconf 88' lang='lat' dir='ltr'><strong>sancto</strong></span> <span class='ocrx_word' id='word_1_252' title='bbox 279 2155 328 2224; x_wconf 92' lang='lat' dir='ltr'><strong>qui</strong></span> <span class='ocrx_word' id='word_1_253' title='bbox 343 2154 422 2208; x_wconf 89' lang='lat' dir='ltr'><strong>fonte</strong></span> <span class='ocrx_word' id='word_1_254' title='bbox 439 2156 531 2210; x_wconf 84' lang='lat' dir='ltr'><strong>levare</strong></span> <span class='ocrx_word' id='word_1_255' title='bbox 546 2158 685 2226; x_wconf 85' lang='lat' dir='ltr'><strong>puellum.</strong></span> <span class='ocrx_word' id='word_1_256' title='bbox 900 2156 1007 2210; x_wconf 88' lang='lat' dir='ltr'><strong>Educet</strong></span> <span class='ocrx_word' id='word_1_257' title='bbox 1021 2159 1109 2225; x_wconf 89' lang='lat' dir='ltr'><strong>atque</strong></span> <span class='ocrx_word' id='word_1_258' title='bbox 1124 2153 1207 2207; x_wconf 90' lang='lat' dir='ltr'><strong>illum</strong></span> <span class='ocrx_word' id='word_1_259' title='bbox 1222 2169 1274 2224; x_wconf 90' lang='lat' dir='ltr'><strong>per</strong></span> <span class='ocrx_word' id='word_1_260' title='bbox 1289 2152 1378 2207; x_wconf 87' lang='lat' dir='ltr'><strong>libros</strong></span> <span class='ocrx_word' id='word_1_261' title='bbox 1394 2168 1456 2207; x_wconf 92' lang='lat' dir='ltr'><strong>rore</strong></span> <span class='ocrx_word' id='word_1_262' title='bbox 1471 2151 1628 2222; x_wconf 79' lang='lat' dir='ltr'><strong>nigrantes.</strong></span> 
     </span>
     <span class='ocr_line' id='line_1_24' title="bbox 85 2240 1638 2314; baseline -0.001 -19"><span class='ocrx_word' id='word_1_263' title='bbox 85 2240 123 2295; x_wconf 88' lang='lat' dir='ltr'><strong>dit</strong></span> <span class='ocrx_word' id='word_1_264' title='bbox 137 2241 174 2295; x_wconf 90' lang='lat' dir='ltr'><strong>ad</strong></span> <span class='ocrx_word' id='word_1_265' title='bbox 190 2246 281 2296; x_wconf 88' lang='lat' dir='ltr'><strong>semet</strong></span> <span class='ocrx_word' id='word_1_266' title='bbox 294 2243 404 2313; x_wconf 86' lang='lat' dir='ltr'><strong>captiva</strong></span> <span class='ocrx_word' id='word_1_267' title='bbox 419 2244 560 2297; x_wconf 89' lang='lat' dir='ltr'><strong>memoria</strong></span> <span class='ocrx_word' id='word_1_268' title='bbox 573 2244 666 2314; x_wconf 85' lang='lat' dir='ltr'><strong>Regis.</strong></span> <span class='ocrx_word' id='word_1_269' title='bbox 900 2246 954 2308; x_wconf 83' lang='lat' dir='ltr'><strong>Qui</strong></span> <span class='ocrx_word' id='word_1_270' title='bbox 968 2245 992 2299; x_wconf 94' lang='lat' dir='ltr'><strong>si</strong></span> <span class='ocrx_word' id='word_1_271' title='bbox 1008 2244 1080 2298; x_wconf 90' lang='lat' dir='ltr'><strong>forte</strong></span> <span class='ocrx_word' id='word_1_272' title='bbox 1096 2259 1194 2314; x_wconf 86' lang='lat' dir='ltr'><strong>preces</strong></span> <span class='ocrx_word' id='word_1_273' title='bbox 1210 2259 1267 2297; x_wconf 94' lang='lat' dir='ltr'><strong>non</strong></span> <span class='ocrx_word' id='word_1_274' title='bbox 1283 2242 1423 2312; x_wconf 88' lang='lat' dir='ltr'><strong>Principis</strong></span> <span class='ocrx_word' id='word_1_275' title='bbox 1437 2242 1546 2295; x_wconf 87' lang='lat' dir='ltr'><strong>abnuat</strong></span> <span class='ocrx_word' id='word_1_276' title='bbox 1561 2240 1638 2294; x_wconf 89' lang='lat' dir='ltr'><strong>istas.</strong></span> 
     </span>
     <span class='ocr_line' id='line_1_25' title="bbox 86 2329 1598 2403; baseline 0.001 -21"><span class='ocrx_word' id='word_1_277' title='bbox 86 2344 162 2383; x_wconf 87' lang='lat' dir='ltr'><strong>rsare</strong></span> <span class='ocrx_word' id='word_1_278' title='bbox 174 2329 258 2399; x_wconf 89' lang='lat' dir='ltr'><strong>jubet</strong></span> <span class='ocrx_word' id='word_1_279' title='bbox 272 2331 377 2384; x_wconf 90' lang='lat' dir='ltr'><strong>celeres</strong></span> <span class='ocrx_word' id='word_1_280' title='bbox 392 2347 444 2400; x_wconf 90' lang='lat' dir='ltr'><strong>per</strong></span> <span class='ocrx_word' id='word_1_281' title='bbox 459 2347 546 2401; x_wconf 89' lang='lat' dir='ltr'><strong>regna</strong></span> <span class='ocrx_word' id='word_1_282' title='bbox 563 2332 709 2386; x_wconf 83' lang='lat' dir='ltr'><strong>ministros</strong></span> <span class='ocrx_word' id='word_1_283' title='bbox 726 2350 732 2387; x_wconf 96' lang='lat'><strong>:</strong></span> <span class='ocrx_word' id='word_1_284' title='bbox 900 2334 990 2403; x_wconf 85' lang='lat' dir='ltr'><strong>liujus</strong></span> <span class='ocrx_word' id='word_1_285' title='bbox 1003 2332 1136 2387; x_wconf 84' lang='lat' dir='ltr'><strong>amicitiae</strong></span> <span class='ocrx_word' id='word_1_286' title='bbox 1151 2332 1260 2387; x_wconf 89' lang='lat' dir='ltr'><strong>tribnat</strong></span> <span class='ocrx_word' id='word_1_287' title='bbox 1272 2330 1436 2401; x_wconf 88' lang='lat' dir='ltr'><strong>conjunctio</strong></span> <span class='ocrx_word' id='word_1_288' title='bbox 1450 2331 1572 2384; x_wconf 90' lang='lat' dir='ltr'><strong>multum</strong></span> <span class='ocrx_word' id='word_1_289' title='bbox 1591 2345 1598 2383; x_wconf 91' lang='lat'>:</span> 
     </span>
     <span class='ocr_line' id='line_1_26' title="bbox 85 2418 1658 2490; baseline -0.001 -19"><span class='ocrx_word' id='word_1_290' title='bbox 85 2422 187 2471; x_wconf 75' lang='lat' dir='ltr'><strong>inctnm</strong></span> <span class='ocrx_word' id='word_1_291' title='bbox 204 2423 306 2472; x_wconf 91' lang='lat' dir='ltr'><strong>merito</strong></span> <span class='ocrx_word' id='word_1_292' title='bbox 322 2418 424 2473; x_wconf 89' lang='lat' dir='ltr'><strong>adduci</strong></span> <span class='ocrx_word' id='word_1_293' title='bbox 440 2420 593 2474; x_wconf 86' lang='lat' dir='ltr'><strong>demandat</strong></span> <span class='ocrx_word' id='word_1_294' title='bbox 607 2421 727 2475; x_wconf 90' lang='lat' dir='ltr'><strong>honore.</strong></span> <span class='ocrx_word' id='word_1_295' title='bbox 899 2423 1017 2475; x_wconf 89' lang='lat' dir='ltr'><strong>Errante</strong></span> <span class='ocrx_word' id='word_1_296' title='bbox 1031 2421 1063 2475; x_wconf 91' lang='grc'><strong>111</strong></span> <span class='ocrx_word' id='word_1_297' title='bbox 1079 2421 1188 2490; x_wconf 91' lang='lat' dir='ltr'><strong>populo</strong></span> <span class='ocrx_word' id='word_1_298' title='bbox 1204 2425 1236 2473; x_wconf 94' lang='lat' dir='ltr'><strong>ut</strong></span> <span class='ocrx_word' id='word_1_299' title='bbox 1249 2419 1333 2473; x_wconf 88' lang='lat' dir='ltr'><strong>liceat</strong></span> <span class='ocrx_word' id='word_1_300' title='bbox 1349 2424 1520 2488; x_wconf 83' lang='lat' dir='ltr'><strong>conquirere</strong></span> <span class='ocrx_word' id='word_1_301' title='bbox 1535 2418 1658 2483; x_wconf 90' lang='lat' dir='ltr'><strong>lucrum,</strong></span> 
     </span>
     <span class='ocr_line' id='line_1_27' title="bbox 85 2505 1634 2578; baseline -0.001 -18"><span class='ocrx_word' id='word_1_302' title='bbox 85 2505 182 2561; x_wconf 77' lang='lat' dir='ltr'><strong>andem</strong></span> <span class='ocrx_word' id='word_1_303' title='bbox 195 2505 339 2574; x_wconf 91' lang='lat' dir='ltr'><strong>inventus,</strong></span> <span class='ocrx_word' id='word_1_304' title='bbox 356 2507 539 2577; x_wconf 91' lang='lat' dir='ltr'><strong>monitusque</strong></span> <span class='ocrx_word' id='word_1_305' title='bbox 555 2508 660 2578; x_wconf 88' lang='lat' dir='ltr'><strong>palatia</strong></span> <span class='ocrx_word' id='word_1_306' title='bbox 675 2510 764 2578; x_wconf 89' lang='lat' dir='ltr'><strong>adire,</strong></span> <span class='ocrx_word' id='word_1_307' title='bbox 900 2509 1037 2565; x_wconf 86' lang='lat' dir='ltr'><strong>Gentibus</strong></span> <span class='ocrx_word' id='word_1_308' title='bbox 1051 2513 1080 2563; x_wconf 88' lang='lat' dir='ltr'><strong>et</strong></span> <span class='ocrx_word' id='word_1_309' title='bbox 1094 2508 1193 2562; x_wconf 89' lang='lat' dir='ltr'><strong>multis</strong></span> <span class='ocrx_word' id='word_1_310' title='bbox 1209 2507 1337 2561; x_wconf 85' lang='lat' dir='ltr'><strong>divinum</strong></span> <span class='ocrx_word' id='word_1_311' title='bbox 1353 2522 1488 2577; x_wconf 86' lang='lat' dir='ltr'><strong>spargere</strong></span> <span class='ocrx_word' id='word_1_312' title='bbox 1503 2505 1634 2559; x_wconf 85' lang='lat' dir='ltr'><strong>verbum.</strong></span> 
     </span>
     <span class='ocr_line' id='line_1_28' title="bbox 95 2593 1569 2665; baseline -0.001 -17"><span class='ocrx_word' id='word_1_313' title='bbox 95 2593 237 2664; x_wconf 88' lang='lat' dir='ltr'><strong>jamdicti</strong></span> <span class='ocrx_word' id='word_1_314' title='bbox 253 2610 313 2648; x_wconf 90' lang='lat' dir='ltr'><strong>sese</strong></span> <span class='ocrx_word' id='word_1_315' title='bbox 328 2594 528 2665; x_wconf 85' lang='lat' dir='ltr'><strong>conspectibus</strong></span> <span class='ocrx_word' id='word_1_316' title='bbox 541 2595 637 2663; x_wconf 89' lang='lat' dir='ltr'><strong>infert,</strong></span> <span class='ocrx_word' id='word_1_317' title='bbox 899 2597 1023 2652; x_wconf 69' lang='lat' dir='ltr'><strong>assentit</strong></span> <span class='ocrx_word' id='word_1_318' title='bbox 1037 2596 1155 2651; x_wconf 90' lang='lat' dir='ltr'><strong>tandem</strong></span> <span class='ocrx_word' id='word_1_319' title='bbox 1168 2596 1321 2649; x_wconf 88' lang='lat' dir='ltr'><strong>charorum</strong></span> <span class='ocrx_word' id='word_1_320' title='bbox 1335 2595 1442 2649; x_wconf 89' lang='lat' dir='ltr'><strong>famine</strong></span> <span class='ocrx_word' id='word_1_321' title='bbox 1456 2594 1547 2647; x_wconf 81' lang='lat' dir='ltr'><strong>rictus</strong></span> <span class='ocrx_word' id='word_1_322' title='bbox 1562 2609 1569 2646; x_wconf 90' lang='lat'>:</span> 
     </span>
     <span class='ocr_line' id='line_1_29' title="bbox 85 2681 1597 2754; baseline -0.001 -19"><span class='ocrx_word' id='word_1_323' title='bbox 85 2697 111 2735; x_wconf 88' lang='lat' dir='ltr'><strong>re</strong></span> <span class='ocrx_word' id='word_1_324' title='bbox 126 2684 158 2735; x_wconf 90' lang='lat' dir='ltr'><strong>ut</strong></span> <span class='ocrx_word' id='word_1_325' title='bbox 173 2682 270 2736; x_wconf 86' lang='lat' dir='ltr'><strong>adesse</strong></span> <span class='ocrx_word' id='word_1_326' title='bbox 285 2682 379 2736; x_wconf 81' lang='lat' dir='ltr'><strong>virum</strong></span> <span class='ocrx_word' id='word_1_327' title='bbox 391 2683 492 2751; x_wconf 88' lang='lat' dir='ltr'><strong>ceruit,</strong></span> <span class='ocrx_word' id='word_1_328' title='bbox 508 2699 575 2737; x_wconf 82' lang='lat' dir='ltr'><strong>mox</strong></span> <span class='ocrx_word' id='word_1_329' title='bbox 590 2684 685 2739; x_wconf 88' lang='lat' dir='ltr'><strong>desilit</strong></span> <span class='ocrx_word' id='word_1_330' title='bbox 699 2686 756 2740; x_wconf 85' lang='lat' dir='ltr'><strong>alto</strong></span> <span class='ocrx_word' id='word_1_331' title='bbox 900 2686 990 2739; x_wconf 85' lang='lat' dir='ltr'><strong>latrat</strong></span> <span class='ocrx_word' id='word_1_332' title='bbox 1004 2690 1033 2739; x_wconf 89' lang='lat' dir='ltr'><strong>et</strong></span> <span class='ocrx_word' id='word_1_333' title='bbox 1048 2684 1153 2738; x_wconf 89' lang='lat' dir='ltr'><strong>invitus</strong></span> <span class='ocrx_word' id='word_1_334' title='bbox 1169 2684 1332 2754; x_wconf 71' lang='lat' dir='ltr'><strong>praecelsam</strong></span> <span class='ocrx_word' id='word_1_335' title='bbox 1350 2683 1434 2752; x_wconf 84' lang='lat' dir='ltr'><strong>Regis</strong></span> <span class='ocrx_word' id='word_1_336' title='bbox 1448 2683 1478 2736; x_wconf 89' lang='lat' dir='ltr'><strong>in</strong></span> <span class='ocrx_word' id='word_1_337' title='bbox 1494 2681 1597 2747; x_wconf 76' lang='lat' dir='ltr'><strong>aedem,</strong></span> 
     </span>
     <span class='ocr_line' id='line_1_30' title="bbox 85 2769 1593 2843; baseline -0.001 -21"><span class='ocrx_word' id='word_1_338' title='bbox 85 2787 118 2835; x_wconf 36' lang='lat' dir='ltr'><strong>ro,</strong></span> <span class='ocrx_word' id='word_1_339' title='bbox 133 2769 310 2841; x_wconf 87' lang='lat' dir='ltr'><strong>rutilumque</strong></span> <span class='ocrx_word' id='word_1_340' title='bbox 325 2775 410 2841; x_wconf 88' lang='lat' dir='ltr'><strong>caput</strong></span> <span class='ocrx_word' id='word_1_341' title='bbox 425 2772 585 2827; x_wconf 90' lang='lat' dir='ltr'><strong>diademate</strong></span> <span class='ocrx_word' id='word_1_342' title='bbox 601 2779 694 2838; x_wconf 77' lang='lat' dir='ltr'><strong>terra,</strong></span> <span class='ocrx_word' id='word_1_343' title='bbox 898 2777 911 2816; x_wconf 82' lang='lat' dir='ltr'><strong>b</strong></span> <span class='ocrx_word' id='word_1_344' title='bbox 928 2774 1060 2843; x_wconf 81' lang='lat' dir='ltr'><strong>Clypiaco</strong></span> <span class='ocrx_word' id='word_1_345' title='bbox 1077 2772 1127 2843; x_wconf 90' lang='lat' dir='ltr'><strong>qui</strong></span> <span class='ocrx_word' id='word_1_346' title='bbox 1144 2773 1192 2826; x_wconf 93' lang='lat' dir='ltr'><strong>illo</strong></span> <span class='ocrx_word' id='word_1_347' title='bbox 1209 2772 1355 2825; x_wconf 89' lang='lat' dir='ltr'><strong>residebat</strong></span> <span class='ocrx_word' id='word_1_348' title='bbox 1369 2776 1500 2841; x_wconf 87' lang='lat' dir='ltr'><strong>tempore</strong></span> <span class='ocrx_word' id='word_1_349' title='bbox 1515 2769 1593 2823; x_wconf 76' lang='lat' dir='ltr'><strong>villa,</strong></span> 
     </span>
     <span class='ocr_line' id='line_1_31' title="bbox 86 2858 1556 2933; baseline -0.001 -20"><span class='ocrx_word' id='word_1_350' title='bbox 86 2859 184 2913; x_wconf 86' lang='lat' dir='ltr'><strong>tforte</strong></span> <span class='ocrx_word' id='word_1_351' title='bbox 199 2860 242 2914; x_wconf 89' lang='lat' dir='ltr'><strong>Pii</strong></span> <span class='ocrx_word' id='word_1_352' title='bbox 258 2876 315 2930; x_wconf 91' lang='lat' dir='ltr'><strong>qua</strong></span> <span class='ocrx_word' id='word_1_353' title='bbox 329 2875 380 2929; x_wconf 90' lang='lat' dir='ltr'><strong>pes</strong></span> <span class='ocrx_word' id='word_1_354' title='bbox 395 2865 462 2914; x_wconf 91' lang='lat' dir='ltr'><strong>tuno</strong></span> <span class='ocrx_word' id='word_1_355' title='bbox 477 2860 593 2932; x_wconf 84' lang='lat' dir='ltr'><strong>pacifer,</strong></span> <span class='ocrx_word' id='word_1_356' title='bbox 612 2867 717 2933; x_wconf 72' lang='lat' dir='ltr'><strong>aequat,</strong></span> <span class='ocrx_word' id='word_1_357' title='bbox 900 2862 1025 2916; x_wconf 86' lang='lat' dir='ltr'><strong>Olfertur</strong></span> <span class='ocrx_word' id='word_1_358' title='bbox 1039 2876 1112 2930; x_wconf 92' lang='lat' dir='ltr'><strong>puer</strong></span> <span class='ocrx_word' id='word_1_359' title='bbox 1126 2861 1192 2913; x_wconf 89' lang='lat' dir='ltr'><strong>huie</strong></span> <span class='ocrx_word' id='word_1_360' title='bbox 1207 2859 1309 2913; x_wconf 89' lang='lat' dir='ltr'><strong>alienis</strong></span> <span class='ocrx_word' id='word_1_361' title='bbox 1323 2863 1418 2912; x_wconf 82' lang='lat' dir='ltr'><strong>rectus</strong></span> <span class='ocrx_word' id='word_1_362' title='bbox 1433 2859 1463 2912; x_wconf 95' lang='lat' dir='ltr'><strong>in</strong></span> <span class='ocrx_word' id='word_1_363' title='bbox 1480 2858 1556 2911; x_wconf 82' lang='lat' dir='ltr'><strong>rrlnis</strong></span> 
     </span>
     <span class='ocr_line' id='line_1_32' title="bbox 86 2944 1581 3023; baseline -0.002 -22"><span class='ocrx_word' id='word_1_364' title='bbox 86 2952 150 3001; x_wconf 91' lang='lat' dir='ltr'><strong>teus</strong></span> <span class='ocrx_word' id='word_1_365' title='bbox 164 2947 290 3017; x_wconf 87' lang='lat' dir='ltr'><strong>rigidum</strong></span> <span class='ocrx_word' id='word_1_366' title='bbox 305 2953 402 3002; x_wconf 91' lang='lat' dir='ltr'><strong>saneta</strong></span> <span class='ocrx_word' id='word_1_367' title='bbox 415 2949 450 3002; x_wconf 91' lang='lat' dir='ltr'><strong>ad</strong></span> <span class='ocrx_word' id='word_1_368' title='bbox 467 2949 584 3020; x_wconf 85' lang='lat' dir='ltr'><strong>vestigia</strong></span> <span class='ocrx_word' id='word_1_369' title='bbox 597 2952 718 3017; x_wconf 85' lang='lat' dir='ltr'><strong>collum3</strong></span> <span class='ocrx_word' id='word_1_370' title='bbox 864 2969 884 3023; x_wconf 76' lang='lat' dir='ltr'><strong>g</strong></span> <span class='ocrx_word' id='word_1_371' title='bbox 901 2950 961 3014; x_wconf 91' lang='lat' dir='ltr'><strong>llle,</strong></span> <span class='ocrx_word' id='word_1_372' title='bbox 978 2948 1167 3023; x_wconf 85' lang='lat' dir='ltr'><strong>quaterdeno</strong></span> <span class='ocrx_word' id='word_1_373' title='bbox 1182 2947 1227 3001; x_wconf 91' lang='grc'><strong>1111</strong></span> <span class='ocrx_word' id='word_1_374' title='bbox 1244 2949 1284 3001; x_wconf 92' lang='lat' dir='ltr'><strong>sol</strong></span> <span class='ocrx_word' id='word_1_375' title='bbox 1297 2948 1357 3018; x_wconf 84' lang='lat' dir='ltr'><strong>jam</strong></span> <span class='ocrx_word' id='word_1_376' title='bbox 1372 2944 1491 2999; x_wconf 84' lang='lat' dir='ltr'><strong>fulserat</strong></span> <span class='ocrx_word' id='word_1_377' title='bbox 1505 2951 1581 2999; x_wconf 93' lang='lat' dir='ltr'><strong>ortu.</strong></span> 
     </span>
     <span class='ocr_line' id='line_1_33' title="bbox 85 3033 1710 3105; baseline -0.002 -16"><span class='ocrx_word' id='word_1_378' title='bbox 85 3051 130 3089; x_wconf 82' lang='lat' dir='ltr'><strong>rra</strong></span> <span class='ocrx_word' id='word_1_379' title='bbox 145 3033 288 3105; x_wconf 75' lang='lat' dir='ltr'><strong>pulvereis</strong></span> <span class='ocrx_word' id='word_1_380' title='bbox 303 3037 493 3103; x_wconf 87' lang='lat' dir='ltr'><strong>prosternitur</strong></span> <span class='ocrx_word' id='word_1_381' title='bbox 508 3038 574 3091; x_wconf 90' lang='lat' dir='ltr'><strong>iude</strong></span> <span class='ocrx_word' id='word_1_382' title='bbox 588 3038 701 3102; x_wconf 81' lang='lat' dir='ltr'><strong>favillis,</strong></span> <span class='ocrx_word' id='word_1_383' title='bbox 900 3039 991 3102; x_wconf 86' lang='lat' dir='ltr'><strong>Quem</strong></span> <span class='ocrx_word' id='word_1_384' title='bbox 1008 3037 1140 3090; x_wconf 88' lang='lat' dir='ltr'><strong>manibus</strong></span> <span class='ocrx_word' id='word_1_385' title='bbox 1156 3035 1242 3089; x_wconf 86' lang='lat' dir='ltr'><strong>sacris</strong></span> <span class='ocrx_word' id='word_1_386' title='bbox 1256 3041 1286 3088; x_wconf 92' lang='lat' dir='ltr'><strong>ut</strong></span> <span class='ocrx_word' id='word_1_387' title='bbox 1302 3035 1423 3103; x_wconf 86' lang='lat' dir='ltr'><strong>sumpsit</strong></span> <span class='ocrx_word' id='word_1_388' title='bbox 1440 3033 1594 3105; x_wconf 87' lang='lat' dir='ltr'><strong>Episcopus</strong></span> <span class='ocrx_word' id='word_1_389' title='bbox 1609 3034 1710 3094; x_wconf 88' lang='lat' dir='ltr'><strong>almus,</strong></span> 
     </span>
     <span class='ocr_line' id='line_1_34' title="bbox 85 3124 1532 3197; baseline -0.003 -19"><span class='ocrx_word' id='word_1_390' title='bbox 85 3139 179 3196; x_wconf 84' lang='lat' dir='ltr'><strong>taque,</strong></span> <span class='ocrx_word' id='word_1_391' title='bbox 196 3141 258 3195; x_wconf 79' lang='lat' dir='ltr'><strong>quae</strong></span> <span class='ocrx_word' id='word_1_392' title='bbox 276 3124 361 3178; x_wconf 85' lang='lat' dir='ltr'><strong>variis</strong></span> <span class='ocrx_word' id='word_1_393' title='bbox 377 3125 501 3179; x_wconf 83' lang='lat' dir='ltr'><strong>dictabat</strong></span> <span class='ocrx_word' id='word_1_394' title='bbox 513 3127 580 3197; x_wconf 90' lang='lat' dir='ltr'><strong>jura</strong></span> <span class='ocrx_word' id='word_1_395' title='bbox 593 3127 754 3196; x_wconf 89' lang='lat' dir='ltr'><strong>phalangis.</strong></span> <span class='ocrx_word' id='word_1_396' title='bbox 901 3128 933 3180; x_wconf 90' lang='lat' dir='ltr'><strong>Et</strong></span> <span class='ocrx_word' id='word_1_397' title='bbox 948 3127 1010 3180; x_wconf 85' lang='lat' dir='ltr'><strong>insa</strong></span> <span class='ocrx_word' id='word_1_398' title='bbox 1024 3131 1067 3179; x_wconf 89' lang='lat' dir='ltr'><strong>est</strong></span> <span class='ocrx_word' id='word_1_399' title='bbox 1080 3131 1218 3196; x_wconf 70' lang='lat' dir='ltr'><strong>praestans</strong></span> <span class='ocrx_word' id='word_1_400' title='bbox 1235 3125 1326 3178; x_wconf 89' lang='lat' dir='ltr'><strong>oratio</strong></span> <span class='ocrx_word' id='word_1_401' title='bbox 1342 3138 1421 3176; x_wconf 88' lang='lat' dir='ltr'><strong>more</strong></span> <span class='ocrx_word' id='word_1_402' title='bbox 1436 3126 1532 3187; x_wconf 91' lang='lat' dir='ltr'><strong>sueto;</strong></span> 
     </span>
     <span class='ocr_line' id='line_1_35' title="bbox 85 3209 1607 3285; baseline -0.003 -19"><span class='ocrx_word' id='word_1_403' title='bbox 85 3217 104 3278; x_wconf 88' lang='lat' dir='ltr'><strong>t,</strong></span> <span class='ocrx_word' id='word_1_404' title='bbox 119 3216 152 3266; x_wconf 92' lang='lat' dir='ltr'><strong>ut</strong></span> <span class='ocrx_word' id='word_1_405' title='bbox 166 3212 296 3282; x_wconf 85' lang='lat' dir='ltr'><strong>ignoscat</strong></span> <span class='ocrx_word' id='word_1_406' title='bbox 310 3214 401 3266; x_wconf 89' lang='lat' dir='ltr'><strong>scelus</strong></span> <span class='ocrx_word' id='word_1_407' title='bbox 416 3213 597 3284; x_wconf 89' lang='lat' dir='ltr'><strong>indulgentia</strong></span> <span class='ocrx_word' id='word_1_408' title='bbox 612 3218 718 3267; x_wconf 84' lang='lat' dir='ltr'><strong>saneta.</strong></span> <span class='ocrx_word' id='word_1_409' title='bbox 900 3221 935 3270; x_wconf 84' lang='lat' dir='ltr'><strong>At</strong></span> <span class='ocrx_word' id='word_1_410' title='bbox 951 3215 1136 3285; x_wconf 90' lang='lat' dir='ltr'><strong>consignatus</strong></span> <span class='ocrx_word' id='word_1_411' title='bbox 1149 3212 1362 3267; x_wconf 87' lang='lat' dir='ltr'><strong>catechumenis</strong></span> <span class='ocrx_word' id='word_1_412' title='bbox 1382 3210 1488 3264; x_wconf 88' lang='lat' dir='ltr'><strong>exstitit</strong></span> <span class='ocrx_word' id='word_1_413' title='bbox 1504 3209 1607 3274; x_wconf 89' lang='lat' dir='ltr'><strong>infans,</strong></span> 
     </span>
     <span class='ocr_line' id='line_1_36' title="bbox 85 3298 1590 3374; baseline -0.002 -21"><span class='ocrx_word' id='word_1_414' title='bbox 85 3298 127 3353; x_wconf 87' lang='lat' dir='ltr'><strong>itis</strong></span> <span class='ocrx_word' id='word_1_415' title='bbox 141 3300 244 3366; x_wconf 89' lang='lat' dir='ltr'><strong>fuerat,</strong></span> <span class='ocrx_word' id='word_1_416' title='bbox 256 3300 302 3354; x_wconf 91' lang='lat' dir='ltr'><strong>cui</strong></span> <span class='ocrx_word' id='word_1_417' title='bbox 317 3301 399 3355; x_wconf 92' lang='lat' dir='ltr'><strong>dulce</strong></span> <span class='ocrx_word' id='word_1_418' title='bbox 415 3301 563 3372; x_wconf 90' lang='lat' dir='ltr'><strong>ignoscere</strong></span> <span class='ocrx_word' id='word_1_419' title='bbox 579 3301 694 3372; x_wconf 87' lang='lat' dir='ltr'><strong>probra,</strong></span> <span class='ocrx_word' id='word_1_420' title='bbox 901 3306 933 3359; x_wconf 88' lang='lat' dir='ltr'><strong>Et</strong></span> <span class='ocrx_word' id='word_1_421' title='bbox 948 3302 1039 3374; x_wconf 87' lang='lat' dir='ltr'><strong>precis</strong></span> <span class='ocrx_word' id='word_1_422' title='bbox 1053 3303 1083 3357; x_wconf 88' lang='lat' dir='ltr'><strong>in</strong></span> <span class='ocrx_word' id='word_1_423' title='bbox 1098 3302 1186 3356; x_wconf 82' lang='lat' dir='ltr'><strong>linem</strong></span> <span class='ocrx_word' id='word_1_424' title='bbox 1202 3302 1296 3354; x_wconf 92' lang='lat' dir='ltr'><strong>nullus</strong></span> <span class='ocrx_word' id='word_1_425' title='bbox 1312 3315 1446 3369; x_wconf 88' lang='lat' dir='ltr'><strong>respousa</strong></span> <span class='ocrx_word' id='word_1_426' title='bbox 1461 3298 1590 3351; x_wconf 89' lang='lat' dir='ltr'><strong>relerret.</strong></span> 
     </span>
     <span class='ocr_line' id='line_1_37' title="bbox 91 3388 1540 3459; baseline -0.002 -18"><span class='ocrx_word' id='word_1_427' title='bbox 91 3403 201 3453; x_wconf 89' lang='lat' dir='ltr'><strong>cerens,</strong></span> <span class='ocrx_word' id='word_1_428' title='bbox 219 3389 327 3458; x_wconf 90' lang='lat' dir='ltr'><strong>placide</strong></span> <span class='ocrx_word' id='word_1_429' title='bbox 340 3389 449 3459; x_wconf 89' lang='lat' dir='ltr'><strong>jugiter</strong></span> <span class='ocrx_word' id='word_1_430' title='bbox 464 3390 616 3445; x_wconf 87' lang='lat' dir='ltr'><strong>dulcedine</strong></span> <span class='ocrx_word' id='word_1_431' title='bbox 632 3392 755 3458; x_wconf 80' lang='lat' dir='ltr'><strong>larveus,</strong></span> <span class='ocrx_word' id='word_1_432' title='bbox 901 3394 963 3447; x_wconf 91' lang='lat' dir='ltr'><strong>Non</strong></span> <span class='ocrx_word' id='word_1_433' title='bbox 977 3390 1094 3447; x_wconf 90' lang='lat' dir='ltr'><strong>confusa</strong></span> <span class='ocrx_word' id='word_1_434' title='bbox 1108 3406 1214 3444; x_wconf 86' lang='lat' dir='ltr'><strong>sonans</strong></span> <span class='ocrx_word' id='word_1_435' title='bbox 1229 3389 1310 3444; x_wconf 91' lang='lat' dir='ltr'><strong>alliso</strong></span> <span class='ocrx_word' id='word_1_436' title='bbox 1325 3389 1412 3442; x_wconf 81' lang='lat' dir='ltr'><strong>verba</strong></span> <span class='ocrx_word' id='word_1_437' title='bbox 1425 3388 1540 3458; x_wconf 88' lang='lat' dir='ltr'><strong>palato;</strong></span> 
     </span>
     <span class='ocr_line' id='line_1_38' title="bbox 85 3477 1399 3550; baseline 0.002 -21"><span class='ocrx_word' id='word_1_438' title='bbox 85 3493 92 3529; x_wconf 86' lang='grc'><strong>1</strong></span> <span class='ocrx_word' id='word_1_439' title='bbox 107 3491 123 3530; x_wconf 87' lang='lat' dir='ltr'><strong>a</strong></span> <span class='ocrx_word' id='word_1_440' title='bbox 136 3481 212 3531; x_wconf 92' lang='lat' dir='ltr'><strong>terra</strong></span> <span class='ocrx_word' id='word_1_441' title='bbox 222 3483 411 3548; x_wconf 84' lang='lat' dir='ltr'><strong>prostratrum</strong></span> <span class='ocrx_word' id='word_1_442' title='bbox 428 3477 456 3532; x_wconf 94' lang='lat' dir='ltr'><strong>in</strong></span> <span class='ocrx_word' id='word_1_443' title='bbox 472 3480 589 3548; x_wconf 87' lang='lat' dir='ltr'><strong>pulvere</strong></span> <span class='ocrx_word' id='word_1_444' title='bbox 605 3480 711 3550; x_wconf 85' lang='lat' dir='ltr'><strong>Regem</strong></span> <span class='ocrx_word' id='word_1_445' title='bbox 899 3481 953 3535; x_wconf 87' lang='lat' dir='ltr'><strong>Sed</strong></span> <span class='ocrx_word' id='word_1_446' title='bbox 969 3480 1052 3534; x_wconf 90' lang='lat' dir='ltr'><strong>labiis</strong></span> <span class='ocrx_word' id='word_1_447' title='bbox 1067 3484 1096 3533; x_wconf 91' lang='lat' dir='ltr'><strong>et</strong></span> <span class='ocrx_word' id='word_1_448' title='bbox 1110 3480 1185 3533; x_wconf 84' lang='lat' dir='ltr'><strong>clara</strong></span> <span class='ocrx_word' id='word_1_449' title='bbox 1201 3495 1269 3532; x_wconf 89' lang='lat' dir='ltr'><strong>voce</strong></span> <span class='ocrx_word' id='word_1_450' title='bbox 1283 3477 1399 3531; x_wconf 88' lang='lat' dir='ltr'><strong>boando</strong></span> 
     </span>
     <span class='ocr_line' id='line_1_39' title="bbox 86 3565 1585 3639; baseline -0.003 -20"><span class='ocrx_word' id='word_1_451' title='bbox 86 3570 106 3633; x_wconf 88' lang='lat' dir='ltr'><strong>t,</strong></span> <span class='ocrx_word' id='word_1_452' title='bbox 122 3570 152 3621; x_wconf 87' lang='lat' dir='ltr'><strong>et</strong></span> <span class='ocrx_word' id='word_1_453' title='bbox 166 3566 248 3619; x_wconf 91' lang='lat' dir='ltr'><strong>citius</strong></span> <span class='ocrx_word' id='word_1_454' title='bbox 266 3566 418 3620; x_wconf 86' lang='lat' dir='ltr'><strong>commissa</strong></span> <span class='ocrx_word' id='word_1_455' title='bbox 432 3568 526 3637; x_wconf 90' lang='lat' dir='ltr'><strong>piacla</strong></span> <span class='ocrx_word' id='word_1_456' title='bbox 541 3568 657 3622; x_wconf 82' lang='lat' dir='ltr'><strong>relaxat.</strong></span> <span class='ocrx_word' id='word_1_457' title='bbox 900 3569 1032 3625; x_wconf 89' lang='lat' dir='ltr'><strong>lnsonuit</strong></span> <span class='ocrx_word' id='word_1_458' title='bbox 1045 3568 1159 3639; x_wconf 91' lang='lat' dir='ltr'><strong>populis</strong></span> <span class='ocrx_word' id='word_1_459' title='bbox 1175 3565 1346 3620; x_wconf 89' lang='lat' dir='ltr'><strong>mirantibus</strong></span> <span class='ocrx_word' id='word_1_460' title='bbox 1362 3579 1467 3636; x_wconf 89' lang='lat' dir='ltr'><strong>ocyus:</strong></span> <span class='ocrx_word' id='word_1_461' title='bbox 1486 3565 1585 3616; x_wconf 82' lang='lat' dir='ltr'><strong>Amen.</strong></span> 
     </span>
     <span class='ocr_line' id='line_1_40' title="bbox 85 3653 1560 3726; baseline -0.005 -18"><span class='ocrx_word' id='word_1_462' title='bbox 85 3653 302 3724; x_wconf 68' lang='lat' dir='ltr'><strong>alloquiturque</strong></span> <span class='ocrx_word' id='word_1_463' title='bbox 317 3653 420 3707; x_wconf 91' lang='lat' dir='ltr'><strong>dehinc</strong></span> <span class='ocrx_word' id='word_1_464' title='bbox 440 3654 491 3709; x_wconf 87' lang='lat' dir='ltr'><strong>hos</strong></span> <span class='ocrx_word' id='word_1_465' title='bbox 505 3654 641 3726; x_wconf 92' lang='lat' dir='ltr'><strong>Princeps</strong></span> <span class='ocrx_word' id='word_1_466' title='bbox 655 3655 761 3710; x_wconf 89' lang='lat' dir='ltr'><strong>famine</strong></span> <span class='ocrx_word' id='word_1_467' title='bbox 775 3657 845 3712; x_wconf 84' lang='lat' dir='ltr'><strong>San·</strong></span> <span class='ocrx_word' id='word_1_468' title='bbox 900 3658 968 3711; x_wconf 90' lang='lat' dir='ltr'><strong>lude</strong></span> <span class='ocrx_word' id='word_1_469' title='bbox 982 3657 1121 3711; x_wconf 81' lang='lat' dir='ltr'><strong>salutiferi</strong></span> <span class='ocrx_word' id='word_1_470' title='bbox 1135 3655 1313 3726; x_wconf 88' lang='lat' dir='ltr'><strong>baptismatis</strong></span> <span class='ocrx_word' id='word_1_471' title='bbox 1329 3669 1413 3707; x_wconf 89' lang='lat' dir='ltr'><strong>amne</strong></span> <span class='ocrx_word' id='word_1_472' title='bbox 1429 3655 1560 3715; x_wconf 83' lang='lat' dir='ltr'><strong>novatus,</strong></span> 
     </span>
    </p>

    <p class='ocr_par' dir='ltr' id='par_1_21' title="bbox 85 3739 1744 5312">
     <span class='ocr_line' id='line_1_41' title="bbox 733 3739 1576 3815; baseline -0.008 -17"><span class='ocrx_word' id='word_1_473' title='bbox 733 3745 819 3815; x_wconf 90' lang='lat' dir='ltr'><strong>[ctum</strong></span> <span class='ocrx_word' id='word_1_474' title='bbox 839 3762 846 3800; x_wconf 79' lang='grc'><strong>1</strong></span> <span class='ocrx_word' id='word_1_475' title='bbox 901 3745 1028 3803; x_wconf 89' lang='lat' dir='ltr'><strong>Viviiicis</strong></span> <span class='ocrx_word' id='word_1_476' title='bbox 1042 3745 1141 3799; x_wconf 89' lang='lat' dir='ltr'><strong>retulit</strong></span> <span class='ocrx_word' id='word_1_477' title='bbox 1156 3743 1291 3815; x_wconf 87' lang='lat' dir='ltr'><strong>Sigiberti</strong></span> <span class='ocrx_word' id='word_1_478' title='bbox 1305 3758 1413 3796; x_wconf 91' lang='lat' dir='ltr'><strong>nomen</strong></span> <span class='ocrx_word' id='word_1_479' title='bbox 1428 3743 1463 3794; x_wconf 86' lang='lat' dir='ltr'><strong>ab</strong></span> <span class='ocrx_word' id='word_1_480' title='bbox 1479 3739 1576 3804; x_wconf 92' lang='lat' dir='ltr'><strong>undis,</strong></span> 
     </span>
     <span class='ocr_line' id='line_1_42' title="bbox 85 3828 1592 3905; baseline -0.003 -21"><span class='ocrx_word' id='word_1_481' title='bbox 85 3833 133 3893; x_wconf 88' lang='lat' dir='ltr'><strong>tet,</strong></span> <span class='ocrx_word' id='word_1_482' title='bbox 150 3828 235 3895; x_wconf 86' lang='lat' dir='ltr'><strong>alme,</strong></span> <span class='ocrx_word' id='word_1_483' title='bbox 252 3832 343 3897; x_wconf 88' lang='lat' dir='ltr'><strong>tuam,</strong></span> <span class='ocrx_word' id='word_1_484' title='bbox 360 3830 475 3896; x_wconf 83' lang='lat' dir='ltr'><strong>Ductor,</strong></span> <span class='ocrx_word' id='word_1_485' title='bbox 488 3831 627 3902; x_wconf 86' lang='lat' dir='ltr'><strong>sprevisse</strong></span> <span class='ocrx_word' id='word_1_486' title='bbox 642 3833 785 3902; x_wconf 89' lang='lat' dir='ltr'><strong>loquelam</strong></span> <span class='ocrx_word' id='word_1_487' title='bbox 803 3850 809 3886; x_wconf 92' lang='lat'>:</span> <span class='ocrx_word' id='word_1_488' title='bbox 902 3837 940 3889; x_wconf 78' lang='lat' dir='ltr'><strong>dc</strong></span> <span class='ocrx_word' id='word_1_489' title='bbox 955 3838 1020 3905; x_wconf 89' lang='lat' dir='ltr'><strong>post</strong></span> <span class='ocrx_word' id='word_1_490' title='bbox 1032 3832 1190 3888; x_wconf 83' lang='lat' dir='ltr'><strong>Auslresias</strong></span> <span class='ocrx_word' id='word_1_491' title='bbox 1204 3831 1316 3886; x_wconf 90' lang='lat' dir='ltr'><strong>domuit</strong></span> <span class='ocrx_word' id='word_1_492' title='bbox 1330 3830 1440 3884; x_wconf 87' lang='lat' dir='ltr'><strong>ditione</strong></span> <span class='ocrx_word' id='word_1_493' title='bbox 1456 3833 1592 3882; x_wconf 87' lang='lat' dir='ltr'><strong>catervas.</strong></span> 
     </span>
     <span class='ocr_line' id='line_1_43' title="bbox 85 3912 1744 3990; baseline -0.005 -17"><span class='ocrx_word' id='word_1_494' title='bbox 85 3917 149 3985; x_wconf 88' lang='lat' dir='ltr'><strong>icet,</strong></span> <span class='ocrx_word' id='word_1_495' title='bbox 171 3922 255 3989; x_wconf 86' lang='lat' dir='ltr'><strong>atque</strong></span> <span class='ocrx_word' id='word_1_496' title='bbox 275 3933 339 3972; x_wconf 92' lang='lat' dir='ltr'><strong>meo</strong></span> <span class='ocrx_word' id='word_1_497' title='bbox 372 3920 448 3990; x_wconf 89' lang='lat' dir='ltr'><strong>quod</strong></span> <span class='ocrx_word' id='word_1_498' title='bbox 468 3922 551 3990; x_wconf 91' lang='lat' dir='ltr'><strong>jussu</strong></span> <span class='ocrx_word' id='word_1_499' title='bbox 572 3920 679 3990; x_wconf 88' lang='lat' dir='ltr'><strong>injuria</strong></span> <span class='ocrx_word' id='word_1_500' title='bbox 702 3921 775 3976; x_wconf 90' lang='lat' dir='ltr'><strong>faeta</strong></span> <span class='ocrx_word' id='word_1_501' title='bbox 794 3926 844 3978; x_wconf 88' lang='lat' dir='ltr'><strong>est.</strong></span> <span class='ocrx_word' id='word_1_502' title='bbox 939 3925 981 3976; x_wconf 87' lang='lat' dir='ltr'><strong>ll.</strong></span> <span class='ocrx_word' id='word_1_503' title='bbox 1002 3922 1052 3976; x_wconf 86' lang='lat' dir='ltr'><strong>llic</strong></span> <span class='ocrx_word' id='word_1_504' title='bbox 1067 3936 1190 3983; x_wconf 85' lang='lat' dir='ltr'><strong>mecum,</strong></span> <span class='ocrx_word' id='word_1_505' title='bbox 1215 3920 1323 3985; x_wconf 75' lang='lat' dir='ltr'><strong>tector,</strong></span> <span class='ocrx_word' id='word_1_506' title='bbox 1343 3918 1459 3971; x_wconf 90' lang='lat' dir='ltr'><strong>laudum</strong></span> <span class='ocrx_word' id='word_1_507' title='bbox 1480 3929 1618 3969; x_wconf 90' lang='lat' dir='ltr'><strong>concurre</strong></span> <span class='ocrx_word' id='word_1_508' title='bbox 1642 3912 1744 3978; x_wconf 87' lang='lat' dir='ltr'><strong>relatu,</strong></span> 
     </span>
     <span class='ocr_line' id='line_1_44' title="bbox 85 4003 1599 4077; baseline -0.003 -17"><span class='ocrx_word' id='word_1_509' title='bbox 85 4022 149 4060; x_wconf 81' lang='lat' dir='ltr'><strong>tune</strong></span> <span class='ocrx_word' id='word_1_510' title='bbox 162 4006 222 4073; x_wconf 90' lang='lat' dir='ltr'><strong>illa,</strong></span> <span class='ocrx_word' id='word_1_511' title='bbox 238 4022 346 4077; x_wconf 89' lang='lat' dir='ltr'><strong>precor,</strong></span> <span class='ocrx_word' id='word_1_512' title='bbox 363 4007 475 4077; x_wconf 88' lang='lat' dir='ltr'><strong>pietatis</strong></span> <span class='ocrx_word' id='word_1_513' title='bbox 490 4009 599 4063; x_wconf 81' lang='lat' dir='ltr'><strong>viscera</strong></span> <span class='ocrx_word' id='word_1_514' title='bbox 613 4010 716 4064; x_wconf 91' lang='lat' dir='ltr'><strong>cedant</strong></span> <span class='ocrx_word' id='word_1_515' title='bbox 732 4026 739 4064; x_wconf 77' lang='grc' dir='ltr'><strong><em>ε</em></strong></span> <span class='ocrx_word' id='word_1_516' title='bbox 904 4012 994 4067; x_wconf 88' lang='lat' dir='ltr'><strong>lticito</strong></span> <span class='ocrx_word' id='word_1_517' title='bbox 1008 4010 1150 4066; x_wconf 88' lang='lat' dir='ltr'><strong>sermonis</strong></span> <span class='ocrx_word' id='word_1_518' title='bbox 1165 4010 1188 4062; x_wconf 90' lang='lat' dir='ltr'><strong>si</strong></span> <span class='ocrx_word' id='word_1_519' title='bbox 1204 4009 1268 4063; x_wconf 90' lang='lat' dir='ltr'><strong>fons</strong></span> <span class='ocrx_word' id='word_1_520' title='bbox 1284 4008 1337 4061; x_wconf 92' lang='lat' dir='ltr'><strong>tibi</strong></span> <span class='ocrx_word' id='word_1_521' title='bbox 1351 4007 1447 4077; x_wconf 88' lang='lat' dir='ltr'><strong>largus</strong></span> <span class='ocrx_word' id='word_1_522' title='bbox 1462 4003 1599 4069; x_wconf 87' lang='lat' dir='ltr'><strong>abundat,</strong></span> 
     </span>
     <span class='ocr_line' id='line_1_45' title="bbox 85 4093 1602 4171; baseline -0.004 -23"><span class='ocrx_word' id='word_1_523' title='bbox 85 4109 194 4166; x_wconf 87' lang='lat' dir='ltr'><strong>unque,</strong></span> <span class='ocrx_word' id='word_1_524' title='bbox 208 4095 292 4149; x_wconf 88' lang='lat' dir='ltr'><strong>dante</strong></span> <span class='ocrx_word' id='word_1_525' title='bbox 306 4096 373 4163; x_wconf 85' lang='lat' dir='ltr'><strong>Deo,</strong></span> <span class='ocrx_word' id='word_1_526' title='bbox 387 4096 533 4151; x_wconf 89' lang='lat' dir='ltr'><strong>immerito</strong></span> <span class='ocrx_word' id='word_1_527' title='bbox 548 4097 621 4151; x_wconf 87' lang='lat' dir='ltr'><strong>mihi</strong></span> <span class='ocrx_word' id='word_1_528' title='bbox 636 4099 711 4152; x_wconf 88' lang='lat' dir='ltr'><strong>filius</strong></span> <span class='ocrx_word' id='word_1_529' title='bbox 726 4115 812 4169; x_wconf 90' lang='lat' dir='ltr'><strong>unus,</strong></span> <span class='ocrx_word' id='word_1_530' title='bbox 903 4101 937 4154; x_wconf 84' lang='lat' dir='ltr'><strong>Et</strong></span> <span class='ocrx_word' id='word_1_531' title='bbox 951 4098 1039 4171; x_wconf 89' lang='lat' dir='ltr'><strong>guttis</strong></span> <span class='ocrx_word' id='word_1_532' title='bbox 1053 4099 1158 4170; x_wconf 83' lang='lat' dir='ltr'><strong>pluviae</strong></span> <span class='ocrx_word' id='word_1_533' title='bbox 1174 4114 1203 4151; x_wconf 94' lang='lat' dir='ltr'><strong>se</strong></span> <span class='ocrx_word' id='word_1_534' title='bbox 1219 4097 1325 4167; x_wconf 86' lang='lat' dir='ltr'><strong>linguae</strong></span> <span class='ocrx_word' id='word_1_535' title='bbox 1337 4098 1485 4167; x_wconf 90' lang='lat' dir='ltr'><strong>comparat</strong></span> <span class='ocrx_word' id='word_1_536' title='bbox 1499 4093 1602 4150; x_wconf 81' lang='lat' dir='ltr'><strong>imber.</strong></span> 
     </span>
     <span class='ocr_line' id='line_1_46' title="bbox 85 4180 1624 4258; baseline -0.001 -23"><span class='ocrx_word' id='word_1_537' title='bbox 85 4201 92 4236; x_wconf 89' lang='grc'><strong>1</strong></span> <span class='ocrx_word' id='word_1_538' title='bbox 107 4187 158 4236; x_wconf 91' lang='lat' dir='ltr'><strong>tua</strong></span> <span class='ocrx_word' id='word_1_539' title='bbox 172 4188 317 4236; x_wconf 89' lang='lat' dir='ltr'><strong>consecret</strong></span> <span class='ocrx_word' id='word_1_540' title='bbox 332 4188 429 4238; x_wconf 84' lang='lat' dir='ltr'><strong>sancta</strong></span> <span class='ocrx_word' id='word_1_541' title='bbox 445 4189 476 4238; x_wconf 91' lang='lat' dir='ltr'><strong>ut</strong></span> <span class='ocrx_word' id='word_1_542' title='bbox 489 4185 660 4250; x_wconf 87' lang='lat' dir='ltr'><strong>benedictio,</strong></span> <span class='ocrx_word' id='word_1_543' title='bbox 675 4203 774 4257; x_wconf 90' lang='lat' dir='ltr'><strong>posco;</strong></span> <span class='ocrx_word' id='word_1_544' title='bbox 902 4189 971 4254; x_wconf 83' lang='lat' dir='ltr'><strong>Quis</strong></span> <span class='ocrx_word' id='word_1_545' title='bbox 987 4187 1082 4243; x_wconf 90' lang='lat' dir='ltr'><strong>docuit</strong></span> <span class='ocrx_word' id='word_1_546' title='bbox 1097 4203 1230 4258; x_wconf 88' lang='lat' dir='ltr'><strong>puerum,</strong></span> <span class='ocrx_word' id='word_1_547' title='bbox 1247 4185 1297 4257; x_wconf 90' lang='lat' dir='ltr'><strong>qui</strong></span> <span class='ocrx_word' id='word_1_548' title='bbox 1311 4200 1410 4238; x_wconf 91' lang='lat' dir='ltr'><strong>sensus</strong></span> <span class='ocrx_word' id='word_1_549' title='bbox 1424 4199 1520 4254; x_wconf 69' lang='lat' dir='ltr'><strong>quaeso</strong></span> <span class='ocrx_word' id='word_1_550' title='bbox 1536 4180 1624 4234; x_wconf 90' lang='lat' dir='ltr'><strong>suasit</strong></span> 
     </span>
     <span class='ocr_line' id='line_1_47' title="bbox 86 4246 1594 4346; baseline -0.003 -21"><span class='ocrx_word' id='word_1_551' title='bbox 86 4287 119 4326; x_wconf 91' lang='lat' dir='ltr'><strong>co</strong></span> <span class='ocrx_word' id='word_1_552' title='bbox 135 4287 166 4325; x_wconf 89' lang='lat' dir='ltr'><strong>ac</strong></span> <span class='ocrx_word' id='word_1_553' title='bbox 181 4270 283 4325; x_wconf 86' lang='lat' dir='ltr'><strong>Christi</strong></span> <span class='ocrx_word' id='word_1_554' title='bbox 299 4271 427 4342; x_wconf 87' lang='lat' dir='ltr'><strong>digneris</strong></span> <span class='ocrx_word' id='word_1_555' title='bbox 439 4272 519 4327; x_wconf 90' lang='lat' dir='ltr'><strong>fonte</strong></span> <span class='ocrx_word' id='word_1_556' title='bbox 536 4289 650 4343; x_wconf 88' lang='lat' dir='ltr'><strong>novare,</strong></span> <span class='ocrx_word' id='word_1_557' title='bbox 867 4246 1036 4331; x_wconf 84' lang='lat' dir='ltr'><strong>DHebraico</strong></span> <span class='ocrx_word' id='word_1_558' title='bbox 1052 4276 1147 4329; x_wconf 91' lang='lat' dir='ltr'><strong>souitu</strong></span> <span class='ocrx_word' id='word_1_559' title='bbox 1163 4275 1277 4346; x_wconf 91' lang='lat' dir='ltr'><strong>ignotos</strong></span> <span class='ocrx_word' id='word_1_560' title='bbox 1293 4273 1421 4344; x_wconf 90' lang='lat' dir='ltr'><strong>proferre</strong></span> <span class='ocrx_word' id='word_1_561' title='bbox 1438 4280 1448 4304; x_wconf 74' lang='lat'><em>⁰</em></span> <span class='ocrx_word' id='word_1_562' title='bbox 1463 4270 1594 4324; x_wconf 71' lang='lat' dir='ltr'><strong>fritillos?</strong></span> 
     </span>
     <span class='ocr_line' id='line_1_48' title="bbox 85 4358 1587 4436; baseline -0.003 -22"><span class='ocrx_word' id='word_1_563' title='bbox 85 4359 191 4414; x_wconf 82' lang='lat' dir='ltr'><strong>sillum</strong></span> <span class='ocrx_word' id='word_1_564' title='bbox 206 4360 307 4414; x_wconf 88' lang='lat' dir='ltr'><strong>doceas</strong></span> <span class='ocrx_word' id='word_1_565' title='bbox 324 4361 420 4414; x_wconf 89' lang='lat' dir='ltr'><strong>divina</strong></span> <span class='ocrx_word' id='word_1_566' title='bbox 434 4361 497 4432; x_wconf 90' lang='lat' dir='ltr'><strong>lege</strong></span> <span class='ocrx_word' id='word_1_567' title='bbox 512 4362 653 4432; x_wconf 79' lang='lat' dir='ltr'><strong>Magister.</strong></span> <span class='ocrx_word' id='word_1_568' title='bbox 901 4366 968 4429; x_wconf 83' lang='lat' dir='ltr'><strong>Quis</strong></span> <span class='ocrx_word' id='word_1_569' title='bbox 982 4365 1149 4436; x_wconf 85' lang='lat' dir='ltr'><strong>pedagogus</strong></span> <span class='ocrx_word' id='word_1_570' title='bbox 1164 4380 1229 4417; x_wconf 90' lang='lat' dir='ltr'><strong>eum</strong></span> <span class='ocrx_word' id='word_1_571' title='bbox 1244 4362 1296 4415; x_wconf 89' lang='lat' dir='ltr'><strong>hac</strong></span> <span class='ocrx_word' id='word_1_572' title='bbox 1308 4360 1395 4431; x_wconf 89' lang='lat' dir='ltr'><strong>jussit</strong></span> <span class='ocrx_word' id='word_1_573' title='bbox 1408 4375 1475 4413; x_wconf 90' lang='lat' dir='ltr'><strong>voce</strong></span> <span class='ocrx_word' id='word_1_574' title='bbox 1491 4358 1587 4420; x_wconf 89' lang='lat' dir='ltr'><strong>boare,</strong></span> 
     </span>
     <span class='ocr_line' id='line_1_49' title="bbox 85 4446 1580 4522; baseline -0.001 -20"><span class='ocrx_word' id='word_1_575' title='bbox 85 4463 99 4502; x_wconf 88' lang='lat' dir='ltr'><strong>e</strong></span> <span class='ocrx_word' id='word_1_576' title='bbox 114 4449 198 4501; x_wconf 90' lang='lat' dir='ltr'><strong>Pater</strong></span> <span class='ocrx_word' id='word_1_577' title='bbox 211 4448 294 4517; x_wconf 90' lang='lat' dir='ltr'><strong>pueri</strong></span> <span class='ocrx_word' id='word_1_578' title='bbox 308 4448 411 4503; x_wconf 91' lang='lat' dir='ltr'><strong>merito</strong></span> <span class='ocrx_word' id='word_1_579' title='bbox 426 4448 520 4503; x_wconf 89' lang='lat' dir='ltr'><strong>dicare</strong></span> <span class='ocrx_word' id='word_1_580' title='bbox 536 4450 687 4517; x_wconf 87' lang='lat' dir='ltr'><strong>secundus,</strong></span> <span class='ocrx_word' id='word_1_581' title='bbox 899 4452 989 4515; x_wconf 87' lang='lat' dir='ltr'><strong>Quem</strong></span> <span class='ocrx_word' id='word_1_582' title='bbox 1003 4451 1114 4522; x_wconf 82' lang='lat' dir='ltr'><strong>vagitus</strong></span> <span class='ocrx_word' id='word_1_583' title='bbox 1129 4450 1221 4506; x_wconf 88' lang='lat' dir='ltr'><strong>adhoc</strong></span> <span class='ocrx_word' id='word_1_584' title='bbox 1232 4448 1335 4521; x_wconf 88' lang='lat' dir='ltr'><strong>puerili</strong></span> <span class='ocrx_word' id='word_1_585' title='bbox 1355 4453 1437 4503; x_wconf 68' lang='lat' dir='ltr'><strong>aetate</strong></span> <span class='ocrx_word' id='word_1_586' title='bbox 1447 4446 1580 4501; x_wconf 80' lang='lat' dir='ltr'><strong>tenebat?</strong></span> 
     </span>
     <span class='ocr_line' id='line_1_50' title="bbox 90 4533 1658 4610; baseline -0.001 -22"><span class='ocrx_word' id='word_1_587' title='bbox 90 4534 185 4606; x_wconf 89' lang='lat' dir='ltr'><strong>gignis</strong></span> <span class='ocrx_word' id='word_1_588' title='bbox 200 4536 328 4590; x_wconf 92' lang='lat' dir='ltr'><strong>sobolem</strong></span> <span class='ocrx_word' id='word_1_589' title='bbox 343 4537 480 4607; x_wconf 75' lang='lat' dir='ltr'><strong>praeclaro</strong></span> <span class='ocrx_word' id='word_1_590' title='bbox 493 4539 608 4609; x_wconf 89' lang='lat' dir='ltr'><strong>gemine</strong></span> <span class='ocrx_word' id='word_1_591' title='bbox 622 4539 718 4595; x_wconf 86' lang='lat' dir='ltr'><strong>fontis.</strong></span> <span class='ocrx_word' id='word_1_592' title='bbox 900 4539 1005 4592; x_wconf 87' lang='lat' dir='ltr'><strong>Enerra</strong></span> <span class='ocrx_word' id='word_1_593' title='bbox 1020 4539 1102 4608; x_wconf 92' lang='lat' dir='ltr'><strong>mihi,</strong></span> <span class='ocrx_word' id='word_1_594' title='bbox 1119 4555 1231 4610; x_wconf 77' lang='lat' dir='ltr'><strong>quaes03</strong></span> <span class='ocrx_word' id='word_1_595' title='bbox 1246 4538 1326 4593; x_wconf 92' lang='lat' dir='ltr'><strong>dedit</strong></span> <span class='ocrx_word' id='word_1_596' title='bbox 1341 4553 1405 4607; x_wconf 83' lang='lat' dir='ltr'><strong>quae</strong></span> <span class='ocrx_word' id='word_1_597' title='bbox 1421 4535 1517 4590; x_wconf 88' lang='lat' dir='ltr'><strong>schola</strong></span> <span class='ocrx_word' id='word_1_598' title='bbox 1529 4533 1658 4604; x_wconf 89' lang='lat' dir='ltr'><strong>loquelas</strong></span> 
     </span>
     <span class='ocr_line' id='line_1_51' title="bbox 85 4623 1551 4697; baseline 0.003 -24"><span class='ocrx_word' id='word_1_599' title='bbox 85 4630 166 4691; x_wconf 57' lang='lat' dir='ltr'><strong>lacer,</strong></span> <span class='ocrx_word' id='word_1_600' title='bbox 182 4624 226 4677; x_wconf 91' lang='lat' dir='ltr'><strong>his</strong></span> <span class='ocrx_word' id='word_1_601' title='bbox 241 4623 323 4678; x_wconf 90' lang='lat' dir='ltr'><strong>dictis</strong></span> <span class='ocrx_word' id='word_1_602' title='bbox 338 4641 450 4680; x_wconf 90' lang='lat' dir='ltr'><strong>summo</strong></span> <span class='ocrx_word' id='word_1_603' title='bbox 467 4628 617 4681; x_wconf 90' lang='lat' dir='ltr'><strong>conamine</strong></span> <span class='ocrx_word' id='word_1_604' title='bbox 634 4627 703 4681; x_wconf 88' lang='lat' dir='ltr'><strong>lusis</strong></span> <span class='ocrx_word' id='word_1_605' title='bbox 899 4627 1034 4697; x_wconf 77' lang='lat' dir='ltr'><strong>ignaras?</strong></span> <span class='ocrx_word' id='word_1_606' title='bbox 1050 4626 1134 4681; x_wconf 90' lang='lat' dir='ltr'><strong>docili</strong></span> <span class='ocrx_word' id='word_1_607' title='bbox 1150 4642 1208 4696; x_wconf 93' lang='lat' dir='ltr'><strong>quo</strong></span> <span class='ocrx_word' id='word_1_608' title='bbox 1223 4625 1322 4679; x_wconf 88' lang='lat' dir='ltr'><strong>floruit</strong></span> <span class='ocrx_word' id='word_1_609' title='bbox 1336 4625 1385 4679; x_wconf 93' lang='lat' dir='ltr'><strong>ille</strong></span> <span class='ocrx_word' id='word_1_610' title='bbox 1401 4625 1551 4697; x_wconf 88' lang='lat' dir='ltr'><strong>magistro!</strong></span> 
     </span>
     <span class='ocr_line' id='line_1_52' title="bbox 87 4712 1656 4784; baseline -0.001 -21"><span class='ocrx_word' id='word_1_611' title='bbox 87 4713 108 4779; x_wconf 89' lang='grc'><strong>1,</strong></span> <span class='ocrx_word' id='word_1_612' title='bbox 124 4727 352 4766; x_wconf 85' lang='lat' dir='ltr'><strong>commemorans</strong></span> <span class='ocrx_word' id='word_1_613' title='bbox 369 4713 424 4767; x_wconf 88' lang='lat' dir='ltr'><strong>sibi</strong></span> <span class='ocrx_word' id='word_1_614' title='bbox 443 4714 557 4783; x_wconf 82' lang='lat' dir='ltr'><strong>jussum</strong></span> <span class='ocrx_word' id='word_1_615' title='bbox 580 4720 612 4770; x_wconf 91' lang='lat' dir='ltr'><strong>ut</strong></span> <span class='ocrx_word' id='word_1_616' title='bbox 635 4715 745 4769; x_wconf 89' lang='lat' dir='ltr'><strong>semina</strong></span> <span class='ocrx_word' id='word_1_617' title='bbox 765 4715 844 4770; x_wconf 78' lang='lat' dir='ltr'><strong>verbi</strong></span> <span class='ocrx_word' id='word_1_618' title='bbox 899 4714 1009 4770; x_wconf 87' lang='lat' dir='ltr'><strong>Scutica</strong></span> <span class='ocrx_word' id='word_1_619' title='bbox 1020 4729 1077 4768; x_wconf 93' lang='lat' dir='ltr'><strong>non</strong></span> <span class='ocrx_word' id='word_1_620' title='bbox 1094 4719 1208 4767; x_wconf 83' lang='lat' dir='ltr'><strong>teneros</strong></span> <span class='ocrx_word' id='word_1_621' title='bbox 1224 4728 1351 4784; x_wconf 88' lang='lat' dir='ltr'><strong>unquam</strong></span> <span class='ocrx_word' id='word_1_622' title='bbox 1368 4713 1426 4766; x_wconf 89' lang='lat' dir='ltr'><strong>ulla</strong></span> <span class='ocrx_word' id='word_1_623' title='bbox 1441 4712 1551 4766; x_wconf 89' lang='lat' dir='ltr'><strong>lacessit</strong></span> <span class='ocrx_word' id='word_1_624' title='bbox 1566 4716 1656 4776; x_wconf 87' lang='lat' dir='ltr'><strong>artus,</strong></span> 
     </span>
     <span class='ocr_line' id='line_1_53' title="bbox 85 4800 1628 4873; baseline -0.001 -22"><span class='ocrx_word' id='word_1_625' title='bbox 85 4803 163 4867; x_wconf 66' lang='lat' dir='ltr'><strong>geret,</strong></span> <span class='ocrx_word' id='word_1_626' title='bbox 180 4803 208 4852; x_wconf 92' lang='lat' dir='ltr'><strong>et</strong></span> <span class='ocrx_word' id='word_1_627' title='bbox 223 4803 324 4869; x_wconf 89' lang='lat' dir='ltr'><strong>gentes</strong></span> <span class='ocrx_word' id='word_1_628' title='bbox 338 4801 519 4870; x_wconf 87' lang='lat' dir='ltr'><strong>baptismatis</strong></span> <span class='ocrx_word' id='word_1_629' title='bbox 531 4819 615 4858; x_wconf 91' lang='lat' dir='ltr'><strong>amne</strong></span> <span class='ocrx_word' id='word_1_630' title='bbox 630 4806 764 4870; x_wconf 89' lang='lat' dir='ltr'><strong>sacraret,</strong></span> <span class='ocrx_word' id='word_1_631' title='bbox 900 4805 956 4857; x_wconf 91' lang='lat' dir='ltr'><strong>Nec</strong></span> <span class='ocrx_word' id='word_1_632' title='bbox 972 4802 1092 4873; x_wconf 89' lang='lat' dir='ltr'><strong>graciles</strong></span> <span class='ocrx_word' id='word_1_633' title='bbox 1107 4801 1189 4872; x_wconf 91' lang='lat' dir='ltr'><strong>digiti</strong></span> <span class='ocrx_word' id='word_1_634' title='bbox 1202 4817 1319 4872; x_wconf 82' lang='lat' dir='ltr'><strong>parram</strong></span> <span class='ocrx_word' id='word_1_635' title='bbox 1334 4805 1453 4855; x_wconf 89' lang='lat' dir='ltr'><strong>tenuere</strong></span> <span class='ocrx_word' id='word_1_636' title='bbox 1469 4800 1605 4854; x_wconf 88' lang='lat' dir='ltr'><strong>rebellam</strong></span> <span class='ocrx_word' id='word_1_637' title='bbox 1622 4814 1628 4851; x_wconf 92' lang='lat'>:</span> 
     </span>
     <span class='ocr_line' id='line_1_54' title="bbox 85 4887 1637 4962; baseline 0 -23"><span class='ocrx_word' id='word_1_638' title='bbox 85 4887 128 4940; x_wconf 92' lang='grc'><strong>1111</strong></span> <span class='ocrx_word' id='word_1_639' title='bbox 142 4890 254 4940; x_wconf 87' lang='lat' dir='ltr'><strong>tantum</strong></span> <span class='ocrx_word' id='word_1_640' title='bbox 270 4888 319 4942; x_wconf 90' lang='lat' dir='ltr'><strong>sed</strong></span> <span class='ocrx_word' id='word_1_641' title='bbox 335 4889 432 4942; x_wconf 91' lang='lat' dir='ltr'><strong>multis</strong></span> <span class='ocrx_word' id='word_1_642' title='bbox 447 4889 533 4944; x_wconf 86' lang='lat' dir='ltr'><strong>affore</strong></span> <span class='ocrx_word' id='word_1_643' title='bbox 549 4891 678 4946; x_wconf 90' lang='lat' dir='ltr'><strong>missum.</strong></span> <span class='ocrx_word' id='word_1_644' title='bbox 899 4893 931 4946; x_wconf 83' lang='lat' dir='ltr'><strong>Et</strong></span> <span class='ocrx_word' id='word_1_645' title='bbox 943 4893 1002 4962; x_wconf 89' lang='lat' dir='ltr'><strong>jam</strong></span> <span class='ocrx_word' id='word_1_646' title='bbox 1016 4889 1221 4961; x_wconf 86' lang='lat' dir='ltr'><strong>grandiloquos</strong></span> <span class='ocrx_word' id='word_1_647' title='bbox 1236 4894 1352 4961; x_wconf 87' lang='lat' dir='ltr'><strong>superat</strong></span> <span class='ocrx_word' id='word_1_648' title='bbox 1364 4891 1474 4943; x_wconf 88' lang='lat' dir='ltr'><strong>ratione</strong></span> <span class='ocrx_word' id='word_1_649' title='bbox 1486 4887 1637 4959; x_wconf 83' lang='lat' dir='ltr'><strong>sophistas.</strong></span> 
     </span>
     <span class='ocr_line' id='line_1_55' title="bbox 85 4973 1640 5049; baseline 0 -22"><span class='ocrx_word' id='word_1_650' title='bbox 85 4973 161 5038; x_wconf 89' lang='lat' dir='ltr'><strong>litnr,</strong></span> <span class='ocrx_word' id='word_1_651' title='bbox 178 4980 308 5029; x_wconf 86' lang='lat' dir='ltr'><strong>remanet</strong></span> <span class='ocrx_word' id='word_1_652' title='bbox 322 4981 428 5029; x_wconf 88' lang='lat' dir='ltr'><strong>cassata</strong></span> <span class='ocrx_word' id='word_1_653' title='bbox 443 4976 542 5046; x_wconf 90' lang='lat' dir='ltr'><strong>petitio</strong></span> <span class='ocrx_word' id='word_1_654' title='bbox 557 4979 652 5049; x_wconf 85' lang='lat' dir='ltr'><strong>Regis.</strong></span> <span class='ocrx_word' id='word_1_655' title='bbox 898 4980 1021 5034; x_wconf 89' lang='lat' dir='ltr'><strong>Vocibus</strong></span> <span class='ocrx_word' id='word_1_656' title='bbox 1036 4978 1162 5033; x_wconf 82' lang='lat' dir='ltr'><strong>externis</strong></span> <span class='ocrx_word' id='word_1_657' title='bbox 1176 4978 1316 5049; x_wconf 88' lang='lat' dir='ltr'><strong>loquitur,</strong></span> <span class='ocrx_word' id='word_1_658' title='bbox 1333 4978 1499 5048; x_wconf 81' lang='lat' dir='ltr'><strong>spernitque</strong></span> <span class='ocrx_word' id='word_1_659' title='bbox 1518 4976 1640 5029; x_wconf 89' lang='lat' dir='ltr'><strong>Latinas.</strong></span> 
     </span>
     <span class='ocr_line' id='line_1_56' title="bbox 85 5062 1583 5139; baseline 0.001 -23"><span class='ocrx_word' id='word_1_660' title='bbox 85 5077 143 5116; x_wconf 93' lang='lat' dir='ltr'><strong>non</strong></span> <span class='ocrx_word' id='word_1_661' title='bbox 157 5062 248 5117; x_wconf 84' lang='lat' dir='ltr'><strong>valuit</strong></span> <span class='ocrx_word' id='word_1_662' title='bbox 261 5069 442 5134; x_wconf 89' lang='lat' dir='ltr'><strong>contemptus</strong></span> <span class='ocrx_word' id='word_1_663' title='bbox 456 5064 523 5134; x_wconf 75' lang='lat' dir='ltr'><strong>Jure</strong></span> <span class='ocrx_word' id='word_1_664' title='bbox 537 5067 650 5135; x_wconf 87' lang='lat' dir='ltr'><strong>mereri,</strong></span> <span class='ocrx_word' id='word_1_665' title='bbox 897 5070 918 5122; x_wconf 83' lang='grc' dir='ltr'>Α</span> <span class='ocrx_word' id='word_1_666' title='bbox 933 5073 1035 5122; x_wconf 89' lang='lat' dir='ltr'><strong>natura</strong></span> <span class='ocrx_word' id='word_1_667' title='bbox 1050 5067 1141 5122; x_wconf 89' lang='lat' dir='ltr'><strong>docet.</strong></span> <span class='ocrx_word' id='word_1_668' title='bbox 1160 5069 1221 5122; x_wconf 89' lang='lat' dir='ltr'><strong>lien</strong></span> <span class='ocrx_word' id='word_1_669' title='bbox 1237 5084 1301 5139; x_wconf 85' lang='lat' dir='ltr'><strong>quae</strong></span> <span class='ocrx_word' id='word_1_670' title='bbox 1315 5068 1458 5136; x_wconf 90' lang='lat' dir='ltr'><strong>suggestio</strong></span> <span class='ocrx_word' id='word_1_671' title='bbox 1470 5064 1583 5119; x_wconf 83' lang='lat' dir='ltr'><strong>fundit‘l</strong></span> 
     </span>
     <span class='ocr_line' id='line_1_57' title="bbox 85 5150 1585 5225; baseline 0.001 -21"><span class='ocrx_word' id='word_1_672' title='bbox 85 5150 124 5205; x_wconf 90' lang='lat' dir='ltr'><strong>dit</strong></span> <span class='ocrx_word' id='word_1_673' title='bbox 137 5167 154 5204; x_wconf 91' lang='lat' dir='ltr'><strong>a</strong></span> <span class='ocrx_word' id='word_1_674' title='bbox 168 5150 280 5222; x_wconf 88' lang='lat' dir='ltr'><strong>proprii</strong></span> <span class='ocrx_word' id='word_1_675' title='bbox 295 5152 392 5206; x_wconf 85' lang='lat' dir='ltr'><strong>lateris</strong></span> <span class='ocrx_word' id='word_1_676' title='bbox 407 5153 573 5208; x_wconf 90' lang='lat' dir='ltr'><strong>custodibus</strong></span> <span class='ocrx_word' id='word_1_677' title='bbox 585 5154 679 5225; x_wconf 89' lang='lat' dir='ltr'><strong>ipsum</strong></span> <span class='ocrx_word' id='word_1_678' title='bbox 898 5155 955 5209; x_wconf 89' lang='lat' dir='ltr'><strong>lloc</strong></span> <span class='ocrx_word' id='word_1_679' title='bbox 968 5159 1073 5221; x_wconf 91' lang='lat' dir='ltr'><strong>musto,</strong></span> <span class='ocrx_word' id='word_1_680' title='bbox 1086 5172 1102 5209; x_wconf 97' lang='lat' dir='ltr'><strong>o</strong></span> <span class='ocrx_word' id='word_1_681' title='bbox 1117 5156 1131 5209; x_wconf 85' lang='lat' dir='ltr'>J</span> <span class='ocrx_word' id='word_1_682' title='bbox 1136 5155 1216 5210; x_wconf 85' lang='lat' dir='ltr'><strong>udrea</strong></span> <span class='ocrx_word' id='word_1_683' title='bbox 1231 5157 1324 5210; x_wconf 91' lang='lat' dir='ltr'><strong>solens</strong></span> <span class='ocrx_word' id='word_1_684' title='bbox 1336 5170 1442 5218; x_wconf 87' lang='lat' dir='ltr'><strong>errare,</strong></span> <span class='ocrx_word' id='word_1_685' title='bbox 1455 5152 1585 5207; x_wconf 84' lang='lat' dir='ltr'><strong>calebant</strong></span> 
     </span>
     <span class='ocr_line' id='line_1_58' title="bbox 85 5238 1670 5312; baseline 0.001 -20"><span class='ocrx_word' id='word_1_686' title='bbox 85 5238 195 5306; x_wconf 79' lang='lat' dir='ltr'><strong>indum,</strong></span> <span class='ocrx_word' id='word_1_687' title='bbox 210 5239 289 5295; x_wconf 90' lang='lat' dir='ltr'><strong>misit</strong></span> <span class='ocrx_word' id='word_1_688' title='bbox 303 5241 414 5295; x_wconf 89' lang='lat' dir='ltr'><strong>socialis</strong></span> <span class='ocrx_word' id='word_1_689' title='bbox 426 5242 532 5296; x_wconf 90' lang='lat' dir='ltr'><strong>amoris</strong></span> <span class='ocrx_word' id='word_1_690' title='bbox 547 5242 662 5308; x_wconf 74' lang='lat' dir='ltr'><strong>amictis,</strong></span> <span class='ocrx_word' id='word_1_691' title='bbox 897 5243 950 5307; x_wconf 85' lang='lat' dir='ltr'><strong>Qui</strong></span> <span class='ocrx_word' id='word_1_692' title='bbox 967 5248 1084 5298; x_wconf 85' lang='lat' dir='ltr'><strong>cunctas</strong></span> <span class='ocrx_word' id='word_1_693' title='bbox 1097 5244 1221 5299; x_wconf 90' lang='lat' dir='ltr'><strong>didicere</strong></span> <span class='ocrx_word' id='word_1_694' title='bbox 1237 5242 1313 5297; x_wconf 90' lang='lat' dir='ltr'><strong>brevi</strong></span> <span class='ocrx_word' id='word_1_695' title='bbox 1329 5241 1382 5296; x_wconf 89' lang='lat' dir='ltr'><strong>sub</strong></span> <span class='ocrx_word' id='word_1_696' title='bbox 1403 5246 1534 5312; x_wconf 90' lang='lat' dir='ltr'><strong>tempore</strong></span> <span class='ocrx_word' id='word_1_697' title='bbox 1548 5241 1670 5311; x_wconf 90' lang='lat' dir='ltr'><strong>linguas,</strong></span> 
     </span>
    </p>
   </div>
   <div class='ocr_carea' id='block_1_5' title="bbox 86 5362 1743 5435">
    <p class='ocr_par' dir='ltr' id='par_1_22' title="bbox 86 5362 1743 5435">
     <span class='ocr_line' id='line_1_59' title="bbox 86 5362 1743 5435; baseline -0.001 -16"><span class='ocrx_word' id='word_1_698' title='bbox 86 5363 163 5430; x_wconf 82' lang='lat' dir='ltr'><strong>ipore</strong></span> <span class='ocrx_word' id='word_1_699' title='bbox 176 5362 321 5433; x_wconf 75' lang='lat' dir='ltr'><strong>precipue</strong></span> <span class='ocrx_word' id='word_1_700' title='bbox 337 5364 372 5418; x_wconf 92' lang='lat' dir='ltr'><strong>de</strong></span> <span class='ocrx_word' id='word_1_701' title='bbox 385 5364 500 5433; x_wconf 90' lang='lat' dir='ltr'><strong>gallinis</strong></span> <span class='ocrx_word' id='word_1_702' title='bbox 515 5365 628 5420; x_wconf 87' lang='lat' dir='ltr'><strong>dicitnr.</strong></span> <span class='ocrx_word' id='word_1_703' title='bbox 932 5370 1080 5423; x_wconf 66' lang='grc' dir='ltr'><strong>ο1111111111</strong></span> <span class='ocrx_word' id='word_1_704' title='bbox 1096 5369 1195 5423; x_wconf 88' lang='lat' dir='ltr'><strong>tabula</strong></span> <span class='ocrx_word' id='word_1_705' title='bbox 1207 5372 1250 5421; x_wconf 91' lang='lat' dir='ltr'><strong>est</strong></span> <span class='ocrx_word' id='word_1_706' title='bbox 1264 5366 1381 5421; x_wconf 88' lang='lat' dir='ltr'><strong>lusoria.</strong></span> <span class='ocrx_word' id='word_1_707' title='bbox 1403 5367 1453 5420; x_wconf 89' lang='lat' dir='ltr'><strong>llic</strong></span> <span class='ocrx_word' id='word_1_708' title='bbox 1472 5366 1585 5421; x_wconf 82' lang='lat' dir='ltr'><strong>videtur</strong></span> <span class='ocrx_word' id='word_1_709' title='bbox 1604 5365 1669 5420; x_wconf 89' lang='lat' dir='ltr'><strong>llilo</strong></span> <span class='ocrx_word' id='word_1_710' title='bbox 1690 5381 1743 5435; x_wconf 90' lang='lat' dir='ltr'><strong>pro</strong></span> 
     </span>
    </p>
   </div>
   <div class='ocr_carea' id='block_1_6' title="bbox 85 5434 1118 5555">
    <p class='ocr_par' dir='ltr' id='par_1_23' title="bbox 85 5434 1118 5555">
     <span class='ocr_line' id='line_1_60' title="bbox 86 5434 1118 5555; baseline 0.006 -70"><span class='ocrx_word' id='word_1_711' title='bbox 86 5446 138 5555; x_wconf 55' lang='lat' dir='ltr'><strong>nroti</strong></span> <span class='ocrx_word' id='word_1_712' title='bbox 139 5434 305 5501; x_wconf 75' lang='lat' dir='ltr'><strong>Aurelianis,</strong></span> <span class='ocrx_word' id='word_1_713' title='bbox 323 5440 355 5488; x_wconf 93' lang='lat' dir='ltr'><strong>ut</strong></span> <span class='ocrx_word' id='word_1_714' title='bbox 376 5435 484 5489; x_wconf 88' lang='lat' dir='ltr'><strong>dictum</strong></span> <span class='ocrx_word' id='word_1_715' title='bbox 503 5451 591 5506; x_wconf 89' lang='lat' dir='ltr'><strong>supra</strong></span> <span class='ocrx_word' id='word_1_716' title='bbox 611 5442 640 5490; x_wconf 89' lang='lat' dir='ltr'><strong>et</strong></span> <span class='ocrx_word' id='word_1_717' title='bbox 660 5438 694 5492; x_wconf 88' lang='lat' dir='ltr'><strong>ad</strong></span> <span class='ocrx_word' id='word_1_718' title='bbox 709 5438 800 5492; x_wconf 88' lang='lat' dir='ltr'><strong>Vitam</strong></span> <span class='ocrx_word' id='word_1_719' title='bbox 815 5439 841 5493; x_wconf 87' lang='lat' dir='ltr'><strong>S.</strong></span> <span class='ocrx_word' id='word_1_720' title='bbox 896 5454 967 5492; x_wconf 89' lang='lat' dir='ltr'><strong>sono</strong></span> <span class='ocrx_word' id='word_1_721' title='bbox 979 5439 1118 5508; x_wconf 88' lang='lat' dir='ltr'><strong>accipere.</strong></span> 
     </span>
     <span class='ocr_line' id='line_1_61' title="bbox 85 5517 147 5555; baseline -0.032 0"><span class='ocrx_word' id='word_1_722' title='bbox 85 5517 100 5555; x_wconf 92' lang='lat' dir='ltr'><strong>e</strong></span> <span class='ocrx_word' id='word_1_723' title='bbox 142 5541 147 5553; x_wconf 95' lang='lat'><em>.</em></span> 
     </span>
    </p>
   </div>
   <div class='ocr_carea' id='block_1_7' title="bbox 0 0 1970 6098">
    <p class='ocr_par' dir='ltr' id='par_1_24' title="bbox 0 0 1970 6098">
     <span class='ocr_line' id='line_1_62' title="bbox 0 0 1970 6098; baseline 0 0"><span class='ocrx_word' id='word_1_724' title='bbox 0 0 1970 6098; x_wconf 95' lang='lat' dir='ltr'><strong> </strong></span> 
     </span>
    </p>
   </div>
  </div>
 </body>
</html>
