3930 6098
531 285 576 340 DE
594 286 758 343 Tuumne
777 286 983 344 SCRlPTURAE
1001 287 1188 344 vultuata.
1466 270 1470 282 ¹
1663 291 1731 344 l086

85 429 114 468 u.
132 411 287 479 Quoniam,
309 413 383 468 sicut
404 415 557 485 Apostolus
572 416 672 471 docet:
689 439 700 466 ‹
727 419 827 475 Omnis
845 417 1038 473 Adestinavit
1052 422 1199 472 aeternam.
1225 419 1350 474 Caeteros
1368 423 1475 484 autem,
1493 434 1565 489 quos
1576 419 1689 490 justitia
1699 425 1732 476 et

85 507 135 574 put
148 502 276 558 Christus
292 507 335 555 est
348 504 370 568 (l
384 503 444 560 cor.
456 518 495 570 ιι,
514 503 573 574 ι3);
590 526 601 552 ι
619 510 648 559 ιι
658 506 740 576 juxta
753 507 828 561 Psal-
879 505 988 577 judicio
1004 505 1036 559 in
1059 521 1152 559 massa
1166 505 1337 576 perditionis
1352 505 1479 576 reliquit,
1496 506 1641 577 periturus
1656 525 1729 580 prve-

91 606 200 657 vocem,
215 597 394 660 unguentum
409 591 438 645 in
459 593 551 662 capite
567 593 694 663 primum
711 595 829 650 descen·
883 594 973 662 scivit,
1002 593 1050 648 sed
1083 609 1141 647 non
1167 599 1198 646 ut
1221 593 1348 663 perirent
1377 594 1593 665 praedestinavit
1613 613 1727 666 poeuam

88 679 216 746 barbam,
234 678 352 734 barbam
369 683 475 748 Aaron,
492 686 521 735 et
536 681 683 738 descendit
697 683 784 738 etiam
798 684 829 738 in
883 682 1059 749 autemillis,
1076 681 1144 753 qnia
1155 681 1249 751 justus
1271 687 1323 749 est,
1345 683 1559 755 praedestinavit
1573 688 1728 753 aeternam;

85 768 207 824 alimenti
221 768 281 836 ejus
293 766 376 838 (Psoi.
392 784 494 835 cxxxii,
510 770 537 834 ι,
551 769 588 839 3).
884 786 915 824 ac
930 787 983 841 per
996 771 1050 825 hoc
1066 787 1153 825 unam
1166 771 1215 825 lici
1229 770 1512 840 praedestinationem
1528 774 1728 829 tantummodo

85 861 197 928 propter
212 856 291 911 omni
307 855 401 909 studio
423 860 452 909 et
475 856 624 928 vigilantia
650 858 766 929 pietatis
787 875 830 914 ca·
884 859 1014 921 dicimus,
1032 875 1097 930 quae
1113 858 1147 913 ad
1164 859 1272 914 donum
1283 859 1409 929 pertinet
1418 859 1529 930 gratiae,
1543 866 1592 914 aut
1605 860 1728 916 retribu-

93 948 136 999 est
153 942 338 998 immunditia
353 943 468 1012 erroris,
490 948 519 999 et
539 944 689 1001 humiliter
712 962 745 1000 ac
759 946 830 1002 lide-
883 948 993 1003 tionem
1007 947 1134 1018 justitiae.
1155 968 1165 995 ι

85 1031 328 1102 biemperandum
351 1033 486 1102 Apostolo
511 1032 563 1087 sub
588 1049 709 1104 persona
735 1035 829 1089 Timo·
919 1038 982 1093 Cae.
999 1038 1032 1091 ll.
1064 1058 1078 1085 ιι
1108 1036 1280 1090 Libertatem
1306 1035 1419 1090 arbitrii
1437 1035 1467 1089 in
1495 1037 1587 1106 primo
1611 1035 1729 1091 homine

85 1121 100 1174 d
122 1135 360 1191 iirrurnquemqua
384 1126 526 1176 rectorem
551 1122 680 1177 licclesiae
704 1122 828 1178 dicenti:
883 1125 1073 1196 perdidimus,
1089 1140 1176 1195 quarn
1193 1124 1402 1196 peerristum
1427 1124 1582 1178 Dominum
1597 1131 1728 1180 nostrum

85 1210 207 1276 motbee,
223 1209 387 1279 depositum
410 1210 532 1276 custodi,
552 1211 682 1266 devitans
697 1211 830 1282 profanas
882 1215 1054 1284 reponimus,
1079 1218 1107 1267 ιι
1131 1213 1271 1268 habemus
1294 1213 1416 1268 liberum
1444 1212 1592 1267 arbitrium
1617 1213 1652 1267 ad
1676 1214 1728 1268 bo·

100 1297 240 1352 novitates
254 1303 282 1351 et
297 1297 496 1369 oppositiones
510 1298 576 1353 falsi
598 1299 724 1354 nominis
738 1300 829 1354 scien·
883 1319 964 1370 num,
986 1306 1166 1373 praeventum
1180 1301 1228 1371 {et
1251 1301 1379 1371 adjutum
1404 1301 1515 1369 gratia;
1541 1306 1570 1355 et
1591 1301 1730 1356 habemus

85 1401 149 1440 nam
165 1385 281 1456 qnidam
297 1386 498 1456 promittentes
517 1387 592 1441 circa
606 1388 692 1442 tidem
714 1387 829 1442 excido·
882 1391 1007 1446 liberum
1031 1390 1181 1444 arbitrium
1207 1389 1242 1444 ad
1265 1390 1372 1443 malurn
1399 1390 1544 1444 desertum
1568 1389 1680 1460 gratia;
1696 1389 1729 1442 li·

85 1476 149 1530 lim.
167 1490 203 1541 vi,
224 1477 269 1539 ιθ,
284 1477 338 1542 ιι).
360 1497 370 1523 ι
388 1475 533 1531 Habemus
550 1491 676 1546 namque
692 1491 829 1546 maguum
882 1479 983 1535 berum
999 1482 1096 1533 autem
1111 1479 1252 1532 habemus
1277 1478 1440 1544 arbitrium,
1463 1478 1531 1547 quia
1552 1478 1644 1549 gratia
1658 1477 1729 1533 libe-

85 1568 138 1618 tum
150 1563 228 1629 tidei,
244 1568 273 1617 ιι
288 1563 426 1618 doctrinae
447 1563 574 1617 veritatis
590 1579 623 1617 ex
639 1563 742 1617 divinis
758 1564 830 1619 Scri·
883 1572 977 1622 ratum
993 1572 1022 1621 et
1035 1567 1128 1637 gratia
1140 1567 1175 1620 de
1188 1571 1323 1636 corrupto
1339 1570 1509 1619 sanatum.»
1599 1594 1604 1602 ·

89 1656 118 1707 et
135 1656 299 1705 sanctornm
324 1652 440 1707 Petrum
456 1652 549 1718 dictis,
571 1652 649 1707 volut
672 1652 828 1724 pretiosum
919 1656 982 1710 Cir.
998 1656 1074 1710 lll.‹
1102 1656 1176 1709 Deus
1199 1654 1382 1725 omnipotens
1408 1673 1422 1704 c
1447 1670 1546 1707 omnes
1568 1651 1728 1707 homines»

85 1737 172 1792 licem
186 1739 353 1793 thesaurum
376 1738 512 1793 divinitus
526 1739 609 1794 nobis
623 1740 658 1794 ad
672 1740 829 1795 custodiam
848 1715 945 1798 Bsine
965 1744 1131 1815 exceptione
1147 1761 1160 1794 ιι
1185 1743 1245 1797 vult
1267 1743 1359 1797 salvos
1377 1741 1440 1796 fieri
1464 1743 1488 1808 (l
1512 1742 1582 1795 Tim.
1603 1757 1633 1808 ιι,
1658 1741 1728 1810 lto

85 1827 238 1882 sudatum:
265 1843 351 1898 quem
371 1828 433 1882 sine
457 1828 671 1884 intermissione
695 1828 827 1896 Domino,
882 1831 950 1887 licet
975 1847 1034 1887 non
1061 1846 1162 1886 omnes
1189 1831 1352 1898 salventur3
1381 1830 1456 1901 quod
1485 1833 1581 1883 autem
1611 1827 1728 1899 qnidam

85 1920 148 1981 nte,
165 1915 304 1970 debemus
320 1915 470 1986 inspicere,
487 1922 644 1989 extergere,
666 1918 769 1989 polire,
784 1922 829 1972 at·
883 1921 1037 1984 salvantur,
1055 1920 1190 1974 salvantis
1205 1924 1248 1974 est
1262 1919 1369 1974 donum
1384 1938 1391 1985 ;
1406 1917 1482 1988 quod
1503 1923 1598 1972 autem
1610 1916 1728 1988 quidam

85 2008 194 2070 coiere,
212 2019 244 2057 ac
260 2003 479 2074 diligentissimo
496 2021 619 2074 servare,
637 2021 672 2060 ne
682 2021 735 2077 per
748 2005 828 2060 incu-
882 2013 1014 2080 pereunt,
1027 2007 1213 2079 pereuntium
1227 2012 1269 2061 est
1283 2008 1429 2061 meritum.
1448 2026 1461 2056 o

85 2097 103 2147 tt
117 2092 261 2160 ignaviam
276 2098 404 2147 nostram
419 2097 469 2149 ant
483 2095 600 2164 pulvere
610 2095 764 2161 sordescat,
778 2098 829 2148 aut
918 2098 981 2153 Cea.
1000 2097 1044 2152 lV.
1070 2116 1084 2146 «
1108 2096 1236 2152 Christus
1258 2097 1340 2150 lesus
1365 2094 1504 2150 Dominus
1529 2097 1634 2161 noster,
1656 2092 1730 2147 sicut

84 2197 111 2235 re
127 2181 171 2235 vel
191 2180 276 2235 tineis
295 2181 476 2246 demoliatur,
491 2187 541 2237 ant
561 2183 754 2254 malignorum
770 2181 826 2253 spi·
883 2186 979 2240 nullus
1001 2185 1087 2239 homo
1111 2190 1163 2252 est,
1187 2184 1243 2238 fuit
1263 2184 1307 2238 vel
1329 2184 1384 2237 erit
1402 2182 1483 2253 cujus
1506 2185 1608 2235 natura
1631 2179 1660 2232 in
1680 2177 1728 2231 illo

85 2267 230 2334 rinsidiis,
246 2268 291 2322 vel
306 2285 323 2323 a
339 2268 499 2340 nocturnis,
521 2273 550 2323 et
576 2270 693 2323 occultis
716 2269 828 2323 furibus
882 2277 1030 2344 assumpta
1051 2289 1109 2327 non
1135 2272 1243 2327 fuerit:
1269 2272 1309 2327 ita
1334 2270 1431 2327 nullus
1451 2275 1503 2338 est,
1530 2269 1585 2324 init
1607 2269 1648 2322 vel
1673 2265 1729 2321 erit

85 2361 137 2412 ¹tur
151 2372 183 2411 ac
197 2356 351 2427 diripiatur
370 2357 467 2429 (llere.
490 2373 529 2412 vi.
548 2357 601 2428 tu).
618 2357 730 2422 Quiaet
746 2357 829 2413 Sesac
881 2361 968 2416 homo
983 2377 1036 2433 pro
1060 2377 1119 2433 quo
1139 2377 1240 2432 passus
1260 2376 1318 2415 non
1336 2360 1433 2428 fuerit,
1459 2359 1525 2413 licet
1546 2374 1604 2412 non
1627 2371 1729 2411 omnes

85 2446 168 2518 gypti,
196 2461 354 2516 perquem
378 2445 556 2517 significatur
580 2446 714 2517 princeps
742 2446 828 2517 hujus
882 2449 1023 2521 passionis
1036 2450 1098 2520 ejus
1108 2448 1244 2521 mysterio
1254 2449 1445 2504 redimantur.
1461 2447 1534 2512 Quia
1545 2462 1612 2500 vero
1628 2459 1729 2500 omnes

85 2575 96 2602 ,,
129 2534 383 2590 armamentarium
415 2533 477 2589 veri
509 2534 671 2589 Salomonis
704 2535 828 2606 spoliare
881 2538 1023 2610 passionis
1039 2539 1101 2610 ejus
1116 2537 1254 2610 mysterio
1275 2553 1331 2591 non
1355 2537 1547 2602 redimuntur,
1563 2549 1622 2588 non
1637 2530 1728 2603 respi-

85 2662 97 2678 ,.
114 2624 148 2678 Et
175 2626 301 2677 trecenta
329 2626 408 2676 scuta
434 2638 521 2677 aurea
551 2628 712 2693 exportans,
741 2623 770 2678 id
786 2626 828 2677 est
880 2627 967 2681 eitad
987 2626 1217 2698 magnitudinem
1233 2631 1260 2681 et
1281 2626 1369 2697 pretii
1389 2623 1598 2695 copiositatem,
1623 2621 1672 2676 sed
1691 2620 1728 2674 ad

85 2716 103 2766 ιι
117 2726 204 2765 merae
214 2710 281 2765 fidei
291 2710 460 2782 mysterium
470 2712 506 2767 de
520 2712 604 2766 corde
620 2711 828 2783 negligentium
881 2715 1043 2770 infidelium
1061 2720 1090 2770 et
1111 2715 1147 2769 ad
1169 2730 1227 2769 non
1246 2714 1422 2769 credentium
1444 2729 1477 2766 aa
1491 2712 1547 2767 tide
1570 2726 1662 2782 ‹quoe
1677 2725 1729 2780 per

88 2816 132 2868 ns,
152 2816 204 2869 pro
230 2798 325 2853 aureis
351 2798 574 2871 oeroalabricari
602 2800 749 2869 compellit
775 2801 830 2868 (lll
882 2803 1066 2858 dilectionem
1090 2807 1226 2872 operatur
1250 2802 1324 2872 (Gai.
1346 2818 1373 2867 v,
1388 2802 1454 2871 6),»
1476 2799 1591 2871 respicit
1604 2802 1726 2868 partem,

85 2906 115 2958 v,
133 2892 176 2957 26,
192 2888 247 2957 27),
263 2893 295 2943 ut
309 2888 393 2943 iaciat
414 2905 478 2956 nos,
494 2889 570 2960 quod
586 2889 670 2955 absit,
687 2911 701 2937 «
717 2889 826 2944 habeu-
881 2890 949 2962 quia
966 2891 1101 2960 poculum
1127 2891 1262 2945 humanae
1286 2889 1385 2943 salutis
1408 2887 1486 2959 qnod
1510 2887 1671 2942 conlectum
1686 2890 1729 2940 eat

85 2977 172 3032 eciem
199 2977 315 3047 quidem
340 2977 465 3048 pietatis,
489 2976 623 3032 virtutem
645 2981 740 3031 autem
764 2976 826 3046 ejus
846 2978 1050 3061 Cinlirmitate
1066 2984 1162 3032 nostra
1188 2982 1217 3032 et
1240 2978 1344 3032 virtute
1368 2976 1475 3044 divina,
1501 2975 1588 3029 habet
1610 2973 1727 3044 quidem

85 3066 154 3118 mtes
169 3063 236 3135 »(11
252 3066 320 3119 Tim.
337 3082 378 3133 ιιι,
401 3064 437 3136 5).
881 3067 911 3123 in
926 3083 968 3137 se,
982 3071 1017 3122 ιιι
1038 3066 1173 3122 omnibus
1193 3066 1294 3137 prosit,
1323 3065 1371 3120 sed
1396 3064 1420 3118 si
1444 3079 1503 3119 non
1526 3063 1645 3123 bibitur,
1667 3074 1728 3114 non
1800 3129 1802 3132 ι

316 3187 430 3243 CAPUT
449 3187 485 3243 ll.
881 3155 1052 3212 medetur.»

918 3246 982 3299 llaec
993 3243 1082 3314 igitur
1091 3259 1157 3298 cunr
1169 3242 1347 3313 legissemus,
1361 3241 1552 3311 ‹etadjuucto
1564 3237 1646 3292 nobis
1661 3238 1728 3292 Fra·

85 3309 143 3364 :ium
161 3309 336 3366 “Mummii
354 3315 472 3395 ‘ludium'
495 3312 674 3367 imminuisti
691 3313 827 3370 flamia&
882 3337 958 3386 trum
975 3336 1147 3394 nostrorum,
1168 3331 1225 3385 Deo
1243 3331 1378 3393 donante,
1400 3328 1472 3383 bene
1496 3325 1684 3393 studentium,
1699 3329 1728 3379 et

336 3382 468 3451 capnula‘
881 3427 957 3477 recte
971 3420 1194 3493 intelligentium
1217 3420 1347 3491 collegio,
1371 3419 1419 3491 pia
1433 3424 1461 3472 et
1477 3416 1555 3472 fideli
1570 3414 1728 3469 attentione

95 3504 201 3560 idcirco
216 3505 347 3575 dicimus,
373 3506 441 3578 quia
456 3505 587 3576 pervenit
610 3506 645 3561 ad
664 3522 727 3576 nos,
742 3507 770 3562 id
786 3511 829 3562 est
882 3510 996 3582 singula
1004 3514 1269 3581 pertractassemus,
1281 3508 1429 3580 »graviter
1438 3505 1561 3578 perculsi
1575 3510 1604 3559 et
1618 3501 1728 3558 contusi

85 3609 129 3648 um
161 3594 378 3664 Lugdunensem,
415 3594 540 3664 quedam
572 3595 704 3651 schedula
734 3595 827 3651 studio
883 3598 990 3664 animo,
1004 3597 1128 3652 vidimus
1149 3596 1235 3650 ineis
1260 3602 1288 3650 et
1309 3597 1463 3666 Scriptura
1479 3599 1583 3648 sauctae
1604 3591 1728 3646 certissi-

85 3697 122 3750 m,
138 3686 167 3736 et
177 3681 317 3738 bonorum
331 3683 471 3750 virorum,
485 3683 578 3754 quiet
592 3698 651 3738 suos
666 3686 694 3737 ιι
704 3683 826 3739 aliorum
884 3701 961 3741 mom
977 3685 1127 3740 veritatem
1138 3691 1165 3740 ιι
1177 3685 1410 3740 beatissimorum
1423 3686 1553 3748 Petrum,
1567 3678 1727 3751 principue-

97 3770 197 3825 devote
210 3787 243 3825 ac
263 3771 445 3826 landabiliter
472 3770 696 3826 sollicitudinem
712 3777 827 3843 gerunt,
883 3790 938 3846 que
958 3773 1049 3828 sancti
1068 3772 1222 3843 Augustini
1245 3772 1443 3839 reverendam,
1465 3775 1494 3824 et
1517 3770 1548 3823 in
1574 3768 1655 3822 omni
1674 3766 1728 3820 Ec-

85 3874 150 3914 ram
164 3859 299 3915 notitiam
312 3861 433 3931 perlata,
454 3863 541 3931 atque
556 3863 588 3914 ut
603 3860 636 3915 ud
652 3875 715 3915 eam
730 3860 829 3915 sedulo
883 3863 968 3919 clesia
995 3861 1134 3917 catholica
1167 3860 1393 3932 receptissimam
1425 3859 1624 3915 auctoritatem
1654 3870 1728 3909 noso

88 3947 156 4003 dere
166 3948 336 4003 deberemus
349 3948 486 4004 attentius
502 3948 710 4004 commendata.
724 3949 756 4003 ln
771 3965 829 4020 qua
883 3954 988 4005 conatu
1014 3953 1042 4003 et
1068 3965 1141 4004 ausu
1171 3949 1257 4003 nimis
1285 3947 1439 4004 temerario
1472 3942 1662 4018 impugnari?
1689 3945 1727 4009 ιι,

93 4040 217 4106 quatuor
230 4034 355 4106 capitula
377 4035 501 4090 maxime
525 4051 663 4090 novarum
682 4034 829 4091 delinitio-
883 4037 1069 4111 quantumin
1094 4037 1165 4109 ipsis
1184 4037 1249 4105 luit,
1275 4036 1436 4108 improvide
1461 4038 1547 4106 atque
1570 4031 1728 4086 insolenter

85 4138 184 4194 nuper,
207 4128 237 4178 ut
261 4124 465 4195 comperimus,
493 4124 524 4178 in
557 4125 680 4196 quodam
708 4125 829 4180 fratrum
883 4127 1056 4182 labefactari.
1080 4125 1162 4184 Unde
1181 4125 1245 4197 ipsa
1264 4126 1402 4180 charitate
1425 4121 1571 4195 provocati
1595 4125 1624 4175 et
1648 4134 1727 4174 com·

85 4227 149 4267 rum
173 4212 376 4283 episcoporum
399 4217 539 4267 conventu
562 4218 694 4279 tractata,
718 4214 829 4285 digesta
884 4214 997 4282 moniti,
1013 4231 1066 4286 per
1085 4230 1198 4285 quam«
1228 4213 1258 4267 in
1282 4229 1340 4268 nno
1362 4211 1468 4267 Christi
1491 4224 1612 4279 corpere
1628 4220 1728 4262 omnes

85 4301 253 4371 conscripta,
278 4301 356 4356 velut
374 4302 410 4357 ad
425 4301 672 4373 comprimendam
687 4306 715 4356 ιι
729 4307 826 4357 ratnn·
847 4300 869 4354 u
886 4319 976 4358 unum
985 4318 1046 4358 esse
1057 4303 1144 4373 (Rom.
1156 4318 1203 4368 ιιι,
1215 4301 1252 4372 5).
1265 4301 1438 4366 debemus,»
1451 4302 1483 4354 ιιι
1492 4298 1565 4353 sicut
1578 4295 1729 4368 Apostolus

85 4405 109 4443 m
123 4389 273 4460 cujusdam
288 4389 397 4461 garruli
412 4393 440 4444 ιι
453 4388 577 4461 inquieti
592 4389 718 4444 hominis
733 4391 831 4462 loqua-
884 4393 963 4459 dicit,
979 4413 989 4440 ι
1006 4391 1129 4445 invicem
1145 4407 1197 4462 pro
1216 4407 1245 4445 se
1261 4389 1381 4444 sollicita
1403 4390 1459 4443 sint
1474 4388 1614 4453 membra,
1628 4389 1657 4439 et
1671 4382 1729 4438 eive

85 4493 110 4544 o,
130 4477 181 4549 qui
205 4494 354 4544 novarum,
377 4482 408 4532 ut
426 4478 526 4544 iertnr,
555 4477 748 4548 quaestionum
769 4478 829 4531 avi·
884 4479 1026 4550 gloriatur
1051 4494 1141 4533 unum
1169 4478 1331 4533 membrum
1361 4482 1390 4531 et
1411 4477 1611 4547 congaudeant
1632 4472 1730 4529 omnia

94 4564 325 4636 indisciplinatus
340 4566 503 4634 ventilator,
520 4571 548 4620 et
560 4566 624 4621 aliis
638 4582 696 4621 non
712 4581 830 4636 parvam
884 4566 1024 4632 membra,
1036 4567 1131 4620 etsive
1141 4566 1306 4620 infirmatur
1318 4582 1408 4620 onum
1425 4565 1597 4631 membrum,
1613 4577 1729 4632 compa·

85 4652 231 4708 bationem
256 4659 284 4707 at
309 4653 362 4708 sibi
394 4655 449 4724 ipsi
476 4669 636 4708 varumnam
661 4653 831 4708 miserrimae
884 4655 993 4709 tiantur
1023 4652 1119 4708 omnia
1140 4654 1269 4708 membra
1288 4652 1312 4724 (l
1334 4655 1396 4710 Cor.
1425 4669 1474 4722 ιιι,
1498 4656 1543 4721 25,
1562 4655 1605 4719 26)
1623 4649 1731 4716 ;»hac

87 4741 212 4796 induxit.
230 4743 357 4806 Quorum
380 4742 571 4812 capitulorum
588 4742 687 4807 series,
703 4741 775 4796 sicut
794 4742 831 4796 ad
883 4744 1014 4814 inquam,
1038 4742 1186 4797 charitatis
1200 4742 1351 4796 affectione
1367 4742 1459 4796 visum
1472 4747 1518 4806 ¹cst
1540 4739 1623 4795 nobis
1645 4741 1729 4807 atque

85 4832 160 4886 irlata
175 4836 227 4897 est,
242 4831 283 4886 ita
297 4848 326 4886 se
342 4831 437 4887 habet.
884 4830 1067 4901 complacuit,
1090 4835 1122 4884 ut
1143 4831 1203 4885 haec
1223 4831 1435 4902 qualiacunque
1459 4834 1536 4894 sunt,
1556 4833 1583 4881 et
1602 4826 1636 4880 ad
1650 4840 1729 4879 com·

99 4918 121 4973 l.
138 4920 439 4991 «deusomnipotens
457 4919 604 4974 hominem
629 4919 690 4973 siue
715 4920 831 4990 peccato
886 4921 1042 4975 motionem
1058 4925 1197 4985 nostram,
1219 4924 1248 4974 et
1261 4919 1296 4974 ad
1321 4934 1420 4973 eorum
1443 4918 1494 4989 qui
1519 4917 1612 4984 legere
1634 4913 1729 4968 volne-

85 5022 94 5060 ι
110 5022 175 5060 eom
190 5007 280 5061 libero
307 5007 426 5062 arbitrio
445 5007 583 5074 condidit,
604 5012 632 5061 et
654 5007 684 5061 in
698 5006 831 5077 paradiso
886 5008 943 5062 rint
958 5006 1177 5063 edificationem
1191 5012 1218 5060 ιι
1240 5008 1501 5072 confirmationem,
1526 5003 1730 5075 compendioso

85 5136 89 5161 ‚
106 5111 193 5166 qnam
208 5096 237 5150 iu
254 5096 402 5151 sanctitate
417 5095 536 5167 justitiae
547 5111 714 5166 permanere
730 5095 828 5149 voluit.
885 5102 913 5152 et
928 5096 1032 5165 lucido,
1048 5102 1136 5167 prout
1149 5096 1289 5153 Dominus
1299 5095 1426 5167 aspirare
1437 5093 1580 5164 dignatur,
1598 5105 1730 5146 sermone

85 5183 326 5239 ,liberoarbitrio
354 5185 429 5238 male
445 5189 540 5251 utens,
556 5183 693 5254 peccavit,
716 5187 744 5236 et
758 5182 830 5236 ceci·
884 5182 1087 5248 scriberemus,
1118 5181 1258 5253 quidquid
1280 5181 1309 5235 in
1336 5197 1370 5234 ec
1390 5180 1543 5235 dicendum
1569 5178 1732 5248 putavimus

94 5270 186 5326 lactus
199 5277 242 5326 est
265 5288 357 5326 massa
381 5257 549 5343 perditionis
572 5271 691 5325 humani
706 5271 830 5342 generis.
886 5287 944 5324 non
957 5276 1055 5325 nostro
1076 5286 1161 5325 sensu
1181 5275 1231 5325 eut
1245 5267 1479 5342 presumptione,
1495 5267 1542 5322 sed
1559 5264 1729 5320 manifestis-

85 5359 279 5415 mtemhouus
305 5368 332 5416 et
350 5360 445 5431 justus
465 5360 552 5431 elegit
574 5359 722 5414 excudam
740 5376 832 5413 massa
886 5358 966 5413 simis
1009 5359 1222 5429 scripturarum
1260 5356 1441 5421 testimoniis,
1479 5360 1508 5410 et
1544 5353 1732 5425 prelatorum

85 5447 165 5514 ionis,
177 5448 335 5501 secundum
349 5447 561 5518 prescientiam
576 5461 668 5513 suam,
686 5462 759 5517 quos
780 5463 832 5518 per
886 5452 1048 5523 sanctorum
1072 5448 1189 5502 Petrum
1211 5444 1365 5499 venerabili
1384 5442 1552 5496 auctoritate
1564 5440 1730 5507 firmantee3

85 5551 109 5589 m
122 5535 338 5606 predestinavit
351 5536 386 5590 ad
410 5534 510 5602 vitam,
525 5539 555 5588 et
574 5534 663 5590 vitam
681 5534 738 5589 illis
758 5551 830 5605 prse-
886 5531 1040 5609 equorum
1062 5535 1191 5605 vestigiis
1213 5539 1242 5588 et
1266 5531 1375 5587 unitate
1400 5531 1475 5586 absit
1497 5534 1530 5585 ut
1543 5531 1587 5585 vel
1609 5545 1672 5598 nos,
1688 5529 1732 5584 vel
