3930 6098
592 259 638 315 DE
657 259 738 315 vlva
759 260 787 315 S.
808 260 949 317 dlthDl.
965 293 999 301 -
1015 259 1080 320 tta.
1100 263 1123 317 1.
1681 273 1734 328 938

94 391 124 442 et
135 386 272 441 eximium
283 386 393 442 coelesti
409 387 438 442 in
454 387 519 442 sede
534 394 676 455 senatum,
848 400 872 452 Α
886 391 1014 455 Quorum
1030 393 1130 463 lingua
1143 393 1218 448 valet
1232 410 1358 450 reserare
1373 400 1401 450 et
1415 396 1548 453 claudere
1560 401 1674 455 coetum.

85 491 142 530 scer
156 475 202 529 hic
218 475 311 528 cordis
325 476 485 545 penetralia
500 476 648 546 pulchrius
663 493 778 546 ornans,
890 481 962 551 Ergo
978 481 1033 536 iter
1049 497 1211 552 aggressus,
1226 483 1350 553 quodam
1366 485 1520 541 comitante
1536 487 1679 557 ministro,

86 565 214 619 ustrabat
227 564 304 631 hinc,
321 564 388 619 inde
403 566 513 619 rosaria
527 565 633 628 adibat,
888 568 1023 640 Squalida
1036 571 1223 639 perlustrans,
1240 577 1268 624 et
1281 571 1362 626 devia
1376 588 1499 645 quosque
1514 591 1679 647 peragrans,

86 652 112 706 is
125 652 232 706 vicibus
248 669 300 722 per
314 653 427 721 singula
442 658 534 707 castra
548 669 712 720 recurrans;
889 659 1009 712 Romam
1025 659 1155 728 pervenit
1171 659 1243 712 miro
1258 659 1419 715 flammatus
1437 678 1543 718 amore.

86 740 134 796 uid
149 741 303 811 conspicuo
319 742 458 796 virtutum
473 741 543 796 llore
559 743 655 813 vigere
887 745 989 815 Aspice
1003 762 1079 800 nunc
1092 747 1190 817 quales
1205 747 1296 800 socios
1311 749 1420 803 curavit
1431 749 1555 818 habere3

92 829 147 885 hoc
161 829 294 901 proprios
307 829 451 885 sitientem
467 831 553 885 traxit
567 832 602 886 ad
619 836 708 886 actus.
889 833 1015 901 Petrum,
1028 833 1147 888 sidereae
1163 834 1205 889 est
1220 834 1266 889 cui
1281 835 1367 890 clavis
1381 837 1487 892 tradita
1501 843 1604 909 portoe,

888 924 926 975 Ac
940 923 1060 977 Paulum
1075 923 1175 977 mundi
1186 923 1335 994 egregium
1350 941 1402 995 per
1415 927 1498 981 saecla
1513 929 1694 1001 magistrum.

889 1010 910 1065 0
927 1011 948 1064 si
963 1010 1085 1065 describi
1100 1016 1216 1080 possent
1230 1012 1363 1067 incendia
1376 1014 1494 1083 amoris,
1583 1047 1586 1054 ·

891 1099 996 1153 Littera
1012 1100 1055 1154 vel
1071 1101 1155 1155 sciret
1169 1101 1264 1155 cordis
1278 1101 1402 1173 suspiria
1415 1102 1483 1156 laril

891 1188 989 1242 Dicere
1001 1204 1120 1243 conarer
1136 1194 1277 1258 quantum
1293 1189 1426 1245 dilexerit
1438 1190 1515 1257 illos,

889 1272 1020 1328 Postibus
1034 1274 1065 1328 in
1081 1291 1203 1346 quornm
1223 1277 1339 1331 sacratis
1357 1279 1454 1332 oscula
1470 1278 1542 1333 lixit.

890 1360 961 1425 Quid
975 1362 1074 1416 credas
1089 1363 1203 1431 laceret,
1218 1365 1242 1417 si
1254 1365 1320 1418 illos
1335 1365 1365 1419 in
1379 1381 1465 1421 carne
1480 1367 1609 1423 videret:

825 1503 827 1506 ,
891 1449 1031 1505 Omnibus
1043 1451 1152 1505 interea
1168 1468 1220 1522 par
1233 1453 1348 1522 singula
1361 1456 1468 1525 templa
1482 1455 1582 1510 diebus

891 1537 1039 1605 Currebat,
1052 1539 1150 1609 plures
1165 1541 1274 1595 socians
1290 1541 1345 1596 sibi
1360 1542 1470 1596 honore
1485 1543 1608 1598 sodales.

892 1627 1032 1697 Principis
1047 1632 1074 1682 et
1088 1628 1165 1682 Petri
1181 1628 1274 1683 sedin
1289 1631 1379 1684 aedem
1396 1631 1519 1685 intrabat
1533 1633 1664 1699 anhelus,
1741 1621 1744 1628 ’

854 1679 874 1732 Β
891 1714 962 1768 Gum
978 1715 1020 1770 sol
1039 1715 1168 1769 lucillnos
1182 1716 1284 1786 pelago
1300 1717 1428 1788 tingebat
1443 1719 1573 1772 amictus.

86 972 218 1043 Dumque
246 971 302 1026 iter
313 971 463 1041 inceptum
487 971 562 1027 felici
588 973 702 1028 tramite
731 972 832 1037 adiret,

88 1061 220 1115 Ditnricae
236 1075 293 1131 quo
309 1061 419 1131 pollent
432 1061 539 1115 moenia
554 1061 648 1129 venit;

85 1148 258 1219 iconspicuo
272 1148 410 1202 vernabat
425 1148 593 1219 pontillcatu

85 1254 105 1291 is
120 1237 298 1292 sanctiticaus
317 1236 429 1309 plebem
445 1236 642 1308 austrigisilus
656 1237 746 1303 illam,

85 1325 153 1381 licus
167 1326 283 1396 praesul,
298 1326 440 1396 rebusque
452 1326 574 1397 insignis
588 1326 718 1380 honestis

88 1417 118 1469 et
133 1413 278 1485 obsequiis
292 1414 414 1469 sociatus
429 1415 458 1467 in
475 1415 535 1469 rede
552 1414 666 1485 vigebat

85 1503 137 1568 ius,
154 1502 205 1573 qui
222 1507 290 1556 tunc
304 1507 366 1556 erat
381 1502 611 1571 archidiaconus,
627 1506 731 1573 etpost

85 1596 100 1645 ‚t
118 1590 237 1645 illustris
250 1591 358 1644 meritis
373 1596 460 1661 atque
474 1591 574 1645 ordine
589 1592 705 1661 praesul,

85 1684 138 1735 erat
151 1680 198 1734 hic
216 1679 314 1749 digitis
331 1679 410 1748 ignes
426 1680 539 1749 placare
554 1680 691 1747 limentes,

85 1784 180 1839 esque
195 1768 286 1822 crucis
302 1767 383 1838 signo
399 1784 577 1839 compescere
590 1768 730 1822 flammas.

85 1858 152 1910 meti
166 1856 419 1926 paritersanctum
435 1857 590 1910 clementer
602 1856 763 1911 Amandum
929 1831 969 1883 13.
987 1829 1034 1882 llis
1053 1829 1093 1882 ita
1107 1829 1244 1892 decursis,
1260 1835 1376 1901 superat
1391 1847 1455 1909 quta
1479 1836 1558 1902 gesta
1573 1849 1708 1888 canamus
1727 1849 1734 1889 ;

85 1961 152 2011 ΜΘ,
167 1945 214 2016 pie
229 1945 343 2015 piemis
358 1961 455 1998 amore
471 1947 597 1999 commas
613 1962 619 1999 :
889 1918 930 1972 hd
944 1918 1032 1972 tinem
1044 1917 1136 1973 tendit
1150 1918 1218 1989 quia
1230 1919 1289 1987 jam
1305 1934 1370 1988 pars
1385 1920 1478 1988 prima
1492 1920 1591 1975 libelli.

86 2038 116 2088 et
130 2033 160 2086 ,n
176 2048 258 2086 mum
274 2032 376 2086 cepam
391 2037 520 2086 struxere
534 2031 670 2101 benigno,
889 2007 1010 2061 Feruens
1026 2022 1094 2076 ergo
1105 2007 1161 2061 lide
1177 2007 1246 2060 dum
1262 2022 1354 2061 sacras
1369 2008 1471 2062 circuit
1487 2009 1573 2076 redes,

85 2121 153 2176 ,vir
168 2121 283 2175 Domini
300 2121 452 2175 conclusus
465 2125 582 2192 μωρίη
595 2136 734 2186 amorem,
890 2094 1007 2148 intravit
1021 2095 1098 2149 Petri
1113 2095 1312 2165 perpulchram
1326 2111 1448 2150 cernuus
1463 2096 1557 2150 aulam
1576 2112 1582 2150 :

85 2215 138 2264 [Μ
153 2210 218 2263 ,im
231 2209 353 2280 degebat
368 2210 402 2264 ad
418 2209 508 2263 ardua
523 2209 642 2264 pendens
888 2183 936 2237 Sol
947 2183 1346 2254 quoquellammicomusjam
1357 2199 1493 2255 magnum
1504 2186 1604 2238 innare
1616 2185 1736 2256 parabat

85 2327 86 2339 ,
101 2303 202 2362 pectus,
215 2297 319 2352 cineris
332 2313 503 2368 conspersus
517 2313 628 2351 acmo·
646 2250 653 2276 ’
889 2272 1046 2338 Oceanum,
1064 2277 1093 2326 ct
1107 2272 1193 2325 rutilo
1206 2272 1333 2342 fulgebat
1348 2274 1489 2342 Hesperus
1505 2278 1579 2326 ortu.

891 2361 1003 2415 Interea
1022 2359 1122 2430 templi
1135 2358 1284 2414 custodum
1301 2375 1368 2413 cura
1381 2358 1495 2429 repellit

893 2447 1076 2502 Commistam
1092 2447 1216 2518 plebem,
1232 2445 1399 2518 foribusque
1414 2447 1542 2518 patentia
1557 2447 1678 2514 claudit;

888 2534 1106 2606 Subsistausque
1122 2550 1225 2604 parum
1240 2533 1284 2587 vir
1298 2539 1412 2588 sanctus
1426 2533 1457 2588 in
1473 2533 1533 2589 aede
1549 2535 1699 2603 remansit,

887 2623 919 2677 ln
933 2623 1064 2693 precibus
1080 2628 1194 2677 noctem
1208 2622 1326 2694 cupiens
1342 2623 1483 2677 deducere
1498 2627 1602 2678 totam:

887 2710 942 2764 Sed
953 2716 1047 2765 custos
1059 2711 1161 2781 templi
1174 2711 1242 2766 dum
1256 2727 1335 2766 sacra
1350 2711 1451 2767 altaria
1465 2712 1575 2778 lustrat,

887 2798 1057 2869 Pervigilem
1072 2799 1179 2854 invenit
1190 2799 1308 2870 psalmis
1318 2800 1507 2871 precibusque
1520 2801 1636 2854 beatum
1654 2815 1661 2854 :

890 2886 964 2940 Falla
979 2886 1068 2956 igitur
1084 2892 1179 2941 motus
1194 2887 1294 2942 mitem
1307 2888 1462 2942 violentius
1480 2904 1587 2958 urgens

853 2967 873 3022 C
888 2973 1018 3028 Gasdibns
1033 2974 1152 3040 insanis,
1167 2975 1310 3045 patienter
1324 2979 1425 3031 cuncta
1439 2975 1581 3030 ferentem

84 3090 279 3162 ospraeceltis3
297 3090 384 3145 micat
399 3090 445 3144 bio
460 3091 605 3160 speciosus
616 3086 763 3143 Amandus
889 3062 1009 3132 E¹P¹¹¹str
1024 3067 1110 3133 at‘1¹¹⁸
1125 3063 1219 3133 ΨΜ
1234 3062 1432 3134 1³⁰r¹i³⁰¹¹¹i⁸²it
1445 3062 1561 3133 aperti&

85 3177 145 3232 Μ
159 3177 276 3241 PhoebO,
292 3182 394 3232 cuncto
410 3177 574 3232 rutilantior
589 3193 671 3244 auro,
888 3152 945 3206 h'ec
957 3152 1047 3205 valuit
1061 3151 1177 3205 turbare
1192 3151 1285 3205 virum
1298 3150 1448 3205 dulcedine
1463 3151 1582 3221 plenum

100 3271 128 3319 te
140 3266 291 3319 conclusus
301 3265 414 3335 pepuli,
425 3264 485 3318 „ni
500 3280 550 3319 ΜΘ
564 3264 719 3334 liqumm,
886 3240 932 3294 lra
951 3244 1065 3295 tumens
1083 3238 1219 3302 hominis,
1241 3238 1306 3294 tulit
1320 3239 1382 3293 haec
1401 3238 1470 3309 quia
1484 3241 1585 3292 cuncta
1599 3236 1731 3292 libenter.

85 2403 94 2441 s
108 2392 177 2443 tunc
190 2392 304 2457 poteras
319 2386 388 2440 urbs
402 2385 556 2440 formidare
572 2386 669 2439 ruinas

85 2475 173 2531 'atidis
187 2475 282 2528 lucras
297 2490 360 2545 qnae
378 2478 535 2528 sustentata
549 2473 709 2528 columnis?

85 2562 263 2617 ;bellantum
279 2564 382 2634 quibus
397 2567 464 2616 tunc
480 2560 537 2616 tela
555 2578 669 2632 pavere,

85 2651 261 2721 irmlulgebas
276 2651 363 2705 tantis
378 2651 493 2705 defensa
509 2650 657 2720 patronis?

85 2738 168 2793 t'ecere
179 2739 227 2792 alii
242 2744 272 2793 tu
283 2739 336 2793 scis
352 2755 359 2792 ε
376 2754 443 2792 nam
459 2738 580 2808 belliger
595 2738 647 2792 iste

96 2827 125 2880 in
142 2843 204 2881 arce
219 2831 267 2881 tua
282 2827 435 2898 quindenis
450 2827 578 2881 constitit
593 2825 690 2893 annis;

86 2915 183 2985 vitque
198 2921 263 2970 tuos
278 2917 340 2986 ejus
356 2917 514 2970 constantia
529 2932 636 2970 muros.

85 3002 237 3072 ronspicnis
254 3003 359 3056 renites
375 3002 481 3055 conlisa
495 3002 641 3072 magistris

85 3369 166 3408 amno
182 3357 260 3407 satur
276 3358 305 3407 et
321 3370 379 3407 non
395 3353 460 3407 ullis
473 3355 538 3407 vitre
554 3352 705 3420 alimentis,
924 3356 965 3410 tl.
983 3355 1094 3411 interea
1106 3359 1172 3409 ante
1187 3355 1261 3409 tores
1277 3354 1379 3425 templi
1391 3353 1536 3409 residente
1550 3353 1635 3409 Beato

85 3442 167 3514 aqui
180 3457 272 3496 saram
288 3441 419 3495 sumebat
433 3441 538 3512 pabola
551 3441 580 3495 in
596 3456 699 3509 escam,
887 3443 988 3499 Dentis
1007 3444 1037 3497 in
1057 3458 1184 3509 excessu,
1207 3447 1236 3497 et
1249 3443 1355 3497 sotium
1370 3447 1540 3514 penetrante
1559 3457 1731 3515 supernam;

89 3531 162 3586 tiam
177 3531 272 3585 tenuis
288 3530 422 3584 hauribat
435 3530 538 3599 pocula
555 3530 689 3600 lymphae,
885 3532 994 3587 ianitor
1006 3532 1139 3586 aethereas
1155 3548 1220 3586 mor
1234 3532 1335 3586 Petrus
1345 3531 1496 3602 Apostolus
1510 3530 1583 3585 aulae

85 3635 193 3690 emque
204 3620 264 3673 soto
284 3619 372 3672 uitam
389 3622 550 3672 constanter
561 3617 681 3688 agebat3
888 3620 969 3673 Veste
984 3617 1095 3684 alacris,
1116 3619 1196 3672 vultu
1208 3618 1310 3684 dulcis,
1328 3634 1461 3673 sermone
1476 3618 1580 3687 suavis,

85 3723 140 3778 pus
152 3708 292 3772 crucians,
308 3707 434 3760 animam
450 3707 584 3777 pascebat
598 3705 726 3759 honestis
886 3709 1044 3778 hpparans,
1060 3706 1173 3760 blandis
1186 3707 1296 3761 solatur
1310 3707 1426 3761 vocibus
1438 3707 1537 3772 illum,-

85 3811 132 3850 nm
146 3796 277 3866 dapibus,
294 3795 399 3850 Christi
418 3799 562 3865 praecepta
572 3797 699 3859 secutus3
887 3796 1081 3865 hortaturque
1092 3809 1176 3847 suum
1191 3793 1284 3848 verbis
1297 3794 1411 3864 pietatis
1425 3794 1561 3854 amicum.

85 3899 116 3937 ro
132 3884 305 3954 multiplices
322 3888 398 3937 terra
412 3883 573 3953 pelagoque
588 3881 699 3934 labores
887 3882 923 3937 Ut
935 3881 1086 3953 repedaret
1101 3881 1165 3946 iter,
1182 3897 1239 3952 quo
1253 3887 1371 3935 venerat
1383 3881 1450 3936 inde
1466 3885 1619 3948 revertens,

85 3988 107 4034 s,
125 3972 256 4038 sillictus,
274 3975 465 4042 contemptus,
482 3986 599 4041 egenus,
617 3969 746 4039 angelus,
888 3970 1032 4024 Gallorum
1049 3974 1078 4022 et
1091 3968 1205 4039 populis
1220 3975 1333 4023 aeternae
1348 3969 1460 4023 semina
1472 3968 1537 4023 vitae

85 4061 161 4115 iciter
175 4059 287 4114 Christo
301 4061 418 4114 tandum
430 4057 573 4128 preconia
588 4057 722 4124 reddens,
888 4057 996 4113 Divinis
1010 4063 1119 4112 sereret
1133 4057 1235 4123 verbis,
1252 4057 1413 4129 coleretque
1430 4057 1546 4127 rigaret,

87 4148 119 4214 it,
132 4153 217 4219 atque
233 4148 297 4202 ideo
313 4147 418 4201 truitur
433 4147 519 4201 modo
532 4147 594 4200 luce
612 4145 747 4216 perenni;
889 4148 1103 4217 conversosque
1115 4145 1186 4199 sacri
1202 4145 1381 4217 baptismatis
1396 4160 1480 4200 amne
1493 4145 1612 4199 lavaret.

85 4252 130 4307 ipe
145 4236 257 4302 esuriit,
276 4235 360 4289 modo
376 4234 440 4288 coeli
454 4250 528 4305 pane
543 4234 669 4302 cibatur;
853 4259 875 4314 D
890 4237 1035 4301 Quatenus
1049 4235 1084 4288 ad
1103 4235 1254 4289 Dominum
1270 4234 1340 4288 tanti
1357 4233 1487 4288 mercede
1502 4232 1607 4287 laboris

85 4339 123 4378 ,us
139 4328 167 4378 et
181 4323 288 4387 sitiens,
306 4327 423 4392 potatur
437 4321 517 4376 sonte
533 4337 669 4391 superno,
889 4322 1018 4394 Frugifer
1033 4322 1179 4387 accedens,
1197 4321 1297 4376 messis
1307 4320 1447 4393 portando
1462 4320 1605 4391 maniplos

85 4412 186 4467 ondam
201 4411 304 4479 nudus,
321 4427 398 4465 nunc
413 4410 481 4481 agni
497 4414 540 4465 est
555 4411 661 4464 vellere
673 4414 777 4476 tectus;
887 4412 1019 4467 Sumeret
1034 4411 1151 4465 uberius
1165 4411 1285 4466 coelestis
1299 4409 1419 4481 praemia
1433 4408 1526 4480 regni.

85 4501 125 4555 im
139 4516 249 4571 pauper
262 4504 332 4567 erat,
346 4498 430 4554 modo
446 4497 528 4568 regni
543 4513 663 4552 munere
678 4496 767 4565 dives,

310 4587 316 4597 .
347 4587 351 4596 .
925 4537 967 4589 15.
984 4534 1103 4588 Sanctm
1118 4500 1280 4603 apostolico
1292 4531 1409 4587 tandem
1425 4546 1557 4585 sermone
1572 4530 1692 4603 potitus,

87 4604 169 4644 emor
182 4593 213 4642 ut
227 4591 318 4642 nostri
331 4592 373 4644 srt.
389 4602 519 4658 corpore,
537 4586 621 4641 corde
636 4601 798 4656 precamur.

888 4621 1035 4692 Insignem
1051 4621 1171 4675 Romam
1188 4621 1324 4690 praecelso
1337 4618 1461 4673 culmine
1474 4618 1632 4689 linquens,'

86 4717 120 4771 Et
130 4713 320 4787 quiasanctus
335 4728 417 4766 amor
432 4727 545 4782 semper
557 4726 732 4765 succrescere
745 4708 834 4772 novit,
891 4710 1032 4777 Deseruit,
1048 4709 1199 4778 Gallosque
1212 4707 1282 4762 adiit
1297 4707 1442 4762 medicina
1457 4707 1587 4761 salubris.

85 4803 216 4874 ilicesque
233 4818 285 4856 suo
303 4802 449 4856 cumulare
462 4800 557 4854 labore
572 4799 731 4871 maniplos;
890 4799 958 4864 Quae
970 4814 1044 4868 spes,
1055 4813 1116 4864 oro,
1132 4795 1187 4850 luit
1201 4796 1312 4851 diverso
1325 4795 1418 4850 limite
1433 4796 1543 4851 clausas

85 4891 172 4946 nmini
186 4906 300 4961 semper
311 4905 415 4959 magno
434 4887 574 4959 flagrabat
586 4904 694 4955 amore,
890 4889 992 4943 Gentes
1008 4889 1066 4940 tam
1084 4900 1171 4939 saevas
1187 4900 1277 4938 unum
1293 4883 1491 4939 indubitanter
1505 4883 1593 4950 adire,

86 4995 116 5033 re
132 4979 262 5045 lassatus,
277 4977 326 5032 sed
341 4976 446 5031 mentis
458 4974 561 5030 robore
572 4974 655 5029 lortis
674 4991 680 5028 :
892 4975 1034 5044 Vaccejos,
1051 4972 1155 5038 Gallos,
1170 4972 1282 5026 Salaros
1298 4975 1447 5042 penetrare
1463 4968 1592 5024 feroces?

84 5084 138 5123 nus
154 5068 188 5122 ad
204 5067 286 5121 celsae
302 5070 471 5138 properaret
485 5063 590 5118 moenia
604 5065 712 5129 Romae,
891 5062 925 5116 In
939 5065 1017 5115 tanta
1029 5060 1094 5114 lecit
1109 5059 1178 5131 quid
1193 5075 1283 5112 messe
1299 5057 1448 5130 operarius
1459 5072 1542 5122 unns,

85 5161 167 5211 'etrus
181 5156 343 5226 Paulusque
358 5154 417 5209 solo
433 5153 562 5224 coeloque
577 5150 690 5206 venusti
892 5150 1031 5220 Apparet;
1047 5148 1163 5202 veniens
1177 5147 1284 5202 etenim
1300 5164 1352 5216 per
1366 5146 1457 5201 multa
1471 5144 1602 5198 laborum

89 5245 220 5315 sepulcra
234 5248 341 5309 tenent,
359 5241 466 5296 mundo
481 5240 663 5312 splendentia
678 5242 749 5303 toto,
893 5239 1080 5308 Argumenta,
1097 5237 1206 5290 matum
1221 5235 1296 5300 tulit,
1313 5232 1401 5305 impia
1416 5248 1538 5304 qnaeqne
1554 5231 1704 5286 revellens.

85 5333 126 5388 vite
145 5334 280 5388 Proceres
293 5332 436 5403 fulgentes
448 5345 529 5385 more
545 5330 684 5394 lucernae3
894 5327 939 5382 Sic
953 5327 1075 5397 populos
1091 5325 1269 5396 evangelicos
1283 5321 1392 5394 aptavit
1405 5321 1441 5376 ad
1454 5337 1532 5389 usus,

85 5507 127 5548 rec
141 5491 232 5547 iusins
247 5491 401 5561 explanata
416 5489 447 5543 in
462 5489 524 5559 ejas
539 5487 612 5555 Vita,
630 5489 662 5541 ll
676 5487 784 5541 ianuar
800 5441 823 5539 c..
840 5488 864 5540 5.

156 5586 303 5648 Parnon.
326 5583 439 5646 CXXI.
1536 5576 1576 5635 30
