3930 6098
104 270 156 326 363
639 262 900 322 enitesceret!
919 262 1135 320 usercensis
1156 263 1312 322 nentem

143 400 256 457 Utinam
270 398 334 466 hoc,
351 396 482 465 Domine,
500 394 662 466 legentibus
676 398 705 450 et
723 394 952 467 intelligentibus
971 396 1047 452 lttie
1073 395 1158 450 simnl
1185 412 1217 450 ec
1235 395 1363 450 facinora
1391 395 1521 451 remittas
1543 394 1658 467 penitus
1682 412 1715 452 ac
1740 411 1742 420 ¹

106 487 270 560 hujusmodi
295 485 376 557 (sicut
395 489 439 540 est
464 485 549 555 opus)
572 482 714 554 inspirare
734 483 863 555 digneris
886 483 953 538 effe·
1005 487 1106 540 Amen.
1126 485 1235 540 Gratias
1250 501 1304 556 ago
1321 484 1373 539 tibi
1388 490 1637 557 quantoscunque,
1662 485 1738 541 trine

106 581 194 643 etum,
221 579 251 628 nl
277 577 394 627 exorent
409 577 436 627 te
455 571 631 643 suppliciter,
661 586 718 643 quo
742 571 874 626 celeriter
898 571 953 625 hoc
1006 572 1170 627 dominator
1184 573 1304 628 Domine
1326 575 1410 639 Deus,
1428 573 1507 645 qnod
1532 573 1567 627 ad
1583 573 1669 628 tidem
1684 574 1742 630 cati

107 665 195 720 enimi
208 663 266 718 mei
281 661 454 716 desiderium
484 675 582 715 meum
606 659 678 714 sicut
702 659 812 731 indiget
831 660 953 715 Ecclesia
1007 660 1043 715 de
1069 661 1318 732 predestinatione
1341 662 1512 717 credendam
1538 667 1567 716 et
1587 662 1742 718 confitenda

106 757 164 815 tua,
188 752 328 824 perducas
352 750 387 804 ad
412 749 556 814 effectum,
586 752 615 803 et
644 748 789 820 siquidem
808 753 836 803 te
850 748 952 803 suffra·
1007 749 1243 821 gretisdignatus
1264 767 1294 805 es
1314 751 1486 822 etdignaris
1504 750 1544 819 (et
1567 755 1599 806 ut
1618 750 1703 806 credo
1727 767 1742 806 a

106 845 193 912 gaute
216 840 251 894 de
267 838 376 894 eunetis
390 837 494 892 illaesas
507 836 651 907 prodiero,
668 837 865 908 amplexentur
881 837 953 892 veri·
1008 838 1099 909 magis
1107 855 1140 893 ae
1151 840 1243 911 magis
1251 857 1312 894 esse
1323 840 1370 894 diu
1383 847 1528 911 noctuque
1539 840 1673 910 deinceps
1683 839 1742 912 aigi

105 933 205 994 tatem,
218 933 247 982 et
258 931 441 981 exsecrantur
455 925 625 993 salsitatem
649 924 693 979 sin
714 930 811 980 eutem
824 925 901 997 quod
918 941 954 980 ex
1006 928 1173 998 illustrator,
1189 928 1385 983 inflammator
1399 944 1429 982 ac
1452 928 1624 1000 suffragator
1645 945 1736 984 meus.

97 1014 145 1086 te,
160 1031 212 1086 per
225 1019 264 1083 te,
288 1018 317 1068 et
340 1012 583 1081 intercedendo,
612 1012 785 1080 confitendo,
812 1012 953 1084 sperando
1042 1020 1146 1074 Precor
1160 1019 1424 1090 (quantumcunque
1442 1017 1513 1072 mibi
1535 1019 1621 1072 datur
1644 1016 1742 1072 divinit

106 1110 134 1159 et
149 1103 283 1165 amando,
299 1103 398 1173 tuique
414 1094 613 1157 tantummodo
627 1117 756 1168 securus,
771 1107 886 1173 tueque
907 1117 953 1155 so·
1008 1107 1138 1179 militate)
1158 1123 1253 1162 eoram
1281 1107 1366 1162 trinae
1394 1106 1524 1173 unitatis,
1550 1111 1578 1161 et
1599 1105 1685 1161 unius
1709 1107 1742 1162 Tr

105 1192 254 1247 lummodo
269 1192 368 1263 gratiae
382 1197 477 1246 certus
489 1191 637 1262 polliceor,
654 1191 697 1245 vel
713 1191 848 1246 inchoare
864 1191 953 1263 trepi-
1007 1197 1231 1267 praesentissima
1255 1196 1413 1267 maJestate‚
1430 1199 1461 1250 ut
1476 1195 1605 1267 quisquis
1622 1196 1675 1250 hoc
1690 1210 1742 1250 nov

106 1281 279 1347 devero,vel
301 1295 502 1335 consummare
525 1278 728 1348 formidavero,
745 1280 886 1352 inignem
907 1295 953 1334 me
1008 1284 1134 1355 corvino,
1158 1285 1321 1340 sedamore
1342 1285 1439 1355 potius
1457 1284 1621 1339 columbino
1649 1281 1742 1355 tegeri:

105 1370 237 1440 protinus
254 1368 377 1436 mittant,
395 1374 422 1422 et
437 1368 544 1423 ibidem
560 1368 951 1439 meritonerirepermittant.
1007 1373 1142 1429 teschalci
1166 1373 1323 1444 peccatoris
1346 1378 1412 1427 ante
1438 1374 1527 1427 ileum
1554 1372 1733 1443 memineris,

105 1458 278 1529 Suppliciter
297 1463 394 1512 tamen
419 1461 458 1523 te,
489 1457 618 1518 Domine,
644 1456 762 1528 rogoin
788 1456 953 1512 dulcissimo
1007 1468 1090 1517 terno
1105 1462 1164 1517 sive
1182 1462 1308 1517 fraterno
1325 1461 1427 1516 ellectu
1442 1461 1611 1532 simpliciter
1622 1462 1742 1532 implore

105 1548 223 1600 nomine
238 1551 301 1613 tuo,
316 1550 350 1600 ut
364 1561 449 1599 nemo
464 1561 509 1598 nie
525 1545 730 1599 catholicorum
744 1552 851 1600 temere
866 1547 953 1617 (qnod
1008 1551 1177 1621 guissimam
1194 1551 1285 1622 ipsius
1301 1550 1493 1616 clementiam,
1511 1555 1542 1604 ut
1557 1550 1693 1620 dignetur
1703 1548 1742 1603 mi

106 1634 190 1704 absit)
206 1633 397 1704 reprehendet
417 1634 447 1687 in
472 1634 568 1686 animo
588 1649 650 1699 suo,
672 1634 740 1703 quia
763 1649 880 1705 prorsus
900 1650 951 1688 au·
1008 1640 1082 1694 tuite
1096 1640 1201 1711 pietate
1223 1639 1324 1710 largiri
1346 1656 1420 1694 vierae
1445 1656 1558 1710 semper
1573 1644 1602 1693 et
1623 1638 1733 1710 ubique

106 1738 169 1776 sum
189 1723 256 1777 talia
272 1721 389 1792 petendi
404 1722 565 1793 (sicutipse
579 1723 683 1777 melius
697 1723 869 1789 nostiiame
885 1704 1039 1794 pro-Bse
1068 1729 1240 1784 humititatis
1278 1728 1486 1795 excellentiam,
1525 1732 1553 1781 et
1577 1727 1694 1781 sincerae
1734 1741 1742 1780 v

104 1812 169 1882 pria
186 1812 346 1867 tomeritate
362 1827 423 1865 non
443 1827 599 1882 praesumo,
616 1811 663 1867 sed
686 1811 736 1866 ebs
751 1816 778 1866 te
793 1811 891 1883 potius
905 1817 954 1866 tua
1007 1819 1044 1872 tis
1068 1817 1275 1889 perpetualiter
1296 1817 1483 1872 eminentiam
1501 1832 1507 1872 :
1536 1817 1632 1887 sicque
1650 1831 1696 1870 me
1723 1830 1742 1885 p

106 1901 283 1972 benignitate
295 1917 388 1956 sunio.
404 1927 405 1930 ¹
1008 1905 1206 1962 indesinenter
1220 1907 1250 1960 in
1266 1905 1450 1960 tabernaculo
1467 1904 1719 1959 econtradictione
1739 1907 1742 1960 j

142 1991 203 2045 lmo
227 1990 357 2062 quisquis
371 1995 399 2044 te
421 1990 524 2044 timens
543 2006 621 2056 vere,
646 1989 827 2061 diligensque
843 1990 953 2045 sincere
1008 2011 1072 2050 rum
1089 1994 1179 2066 (Paul.
1200 2010 1264 2061 xxx,
1289 1996 1347 2062 2l,)
1371 1994 1464 2057 idest,
1483 1994 1512 2047 in
1530 1992 1585 2047 lide
1601 1997 1678 2047 recta
1708 2007 1742 2046 ca

105 2079 241 2149 dignatur
255 2079 315 2132 haec
336 2078 442 2149 legere,
460 2079 505 2133 vel
528 2079 625 2133 audite
643 2080 803 2149 percipere,
818 2079 954 2151 implorat
1009 2083 1138 2138 Ecclesiae
1158 2082 1339 2136 acalumniis
1354 2081 1564 2146 haereticorum,
1589 2086 1621 2134 ut
1635 2079 1731 2150 potius

106 2168 262 2237 gratuitam
292 2165 517 2220 misericordiam
547 2171 629 2221 tuam
661 2166 787 2221 fraterna
822 2160 953 2238 compes·
1008 2170 1174 2243 parabiliter
1188 2176 1283 2241 optem
1300 2174 1418 2240 propter
1430 2185 1534 2223 nomeu
1552 2168 1665 2222 Domini
1682 2167 1734 2222 Dei

108 2254 198 2323 sione,
213 2271 244 2309 ac
260 2254 375 2326 gemina
390 2254 476 2308 simol
492 2255 643 2309 dilectione
663 2260 695 2310 ut
709 2261 750 2323 tu,
765 2255 815 2327 qui
830 2256 908 2310 solus
924 2273 954 2310 es
1008 2265 1036 2314 et
1051 2275 1180 2313 amorem
1195 2258 1320 2312 veritatis
1341 2257 1475 2311 universa
1495 2254 1717 2326 presentialiter
1739 2273 1742 2307 i

108 2344 223 2414 adjutor
236 2344 266 2397 in
281 2343 547 2414 opportunitatibus
563 2345 645 2415 (Paul.
664 2360 702 2411 ix,
722 2344 777 2414 t0),
793 2342 952 2398 intribula-
1009 2348 1118 2420 perpeti
1139 2346 1387 2418 persecutionibus
1414 2346 1542 2414 illorum,
1563 2361 1650 2416 quam
1671 2343 1742 2398 vela

105 2434 183 2488 tione
199 2433 327 2504 digneris
343 2433 485 2488 instanter
498 2433 633 2504 adjuvare
649 2449 695 2488 me
710 2433 885 2500 credentem,
903 2433 955 2486 sei·
1009 2441 1138 2491 mentum
1155 2434 1307 2489 titubando
1320 2433 1439 2502 ‚deviare
1455 2433 1544 2505 (quod
1569 2432 1650 2496 absit)
1669 2449 1685 2485 a
1705 2431 1742 2486 dil

108 2522 174 2577 licet
197 2526 360 2592 sperantem
380 2521 411 2576 in
433 2526 483 2576 tna
504 2522 629 2592 gratuita
653 2522 848 2590 miseratione,
865 2521 953 2575 dites·
1008 2525 1053 2579 vel
1077 2522 1254 2578 confessione
1272 2522 1410 2588 veritatis,
1432 2522 1477 2576 vel
1502 2539 1518 2574 a
1540 2519 1742 2591 prescriptah'

108 2627 164 2682 que
179 2627 226 2665 me
240 2610 325 2665 simul
340 2611 375 2665 ad
391 2610 421 2665 id
436 2614 464 2664 et
479 2610 674 2681 incipiendum
701 2616 729 2665 et
746 2608 953 2681 perficiendum
1008 2612 1192 2680 tholicnrum,
1220 2627 1284 2682 quae
1308 2616 1335 2665 et
1351 2610 1442 2680 ipsius
1458 2610 1641 2680 potissimum
1666 2607 1742 2663 verit

107 2700 220 2770 integra
239 2699 306 2766 side,
321 2699 490 2753 corrobores
505 2715 621 2771 quoque
641 2698 730 2753 solida
742 2715 801 2770 spe,
817 2715 849 2752 ac
864 2697 954 2752 dones
1010 2714 1060 2753 ore
1075 2698 1228 2766 declarata,
1248 2702 1276 2752 et
1290 2696 1485 2751 invictissimis
1501 2711 1615 2767 qnoque
1629 2711 1742 2750 suorum

107 2789 195 2844 etiarn
206 2787 374 2843 sincerrima
388 2789 539 2856 charitate,
555 2794 641 2859 etque
657 2787 745 2856 gratis
766 2788 854 2842 etiam
869 2776 954 2842 deco·
1009 2787 1142 2841 nitatibus
1158 2785 1367 2840 ministrorum.
1392 2785 1465 2849 Ouia
1487 2786 1615 2854 prolecto
1638 2784 1742 2855 proxin

108 2893 154 2932 res
169 2876 349 2931 veracissima
364 2892 461 2930 coram
481 2879 509 2930 te
523 2891 638 2946 semper
657 2876 830 2930 hnmilitate.
846 2876 954 2946 Depul·
1010 2875 1076 2930 dem
1091 2879 1291 2942 mactantem,
1309 2881 1445 2944 quantem
1462 2873 1534 2927 mihi
1553 2871 1722 2927 charitatem

108 2982 196 3037 saque
213 2966 312 3037 procul
335 2965 543 3020 aborthodoxa
566 2965 687 3020 Ecclesia
711 2970 760 3019 tue
785 2970 844 3019 tam
869 2963 954 3018 lethi·
975 2965 1068 3055 CDeo
1095 2969 1192 3018 autem
1217 2979 1249 3017 ex
1274 2968 1345 3031 toto,
1375 2962 1511 3033 quoniam
1541 2961 1681 3033 quidquid
1706 2976 1742 3016 no

108 3055 169 3110 lero
185 3054 325 3126 dogmatis
339 3054 473 3122 falsitate,
489 3055 576 3108 facias
596 3069 642 3109 me
657 3053 792 3124 deinceps
807 3068 872 3108 cum
897 3052 955 3107 ele·
1008 3053 1077 3110 boui
1094 3053 1136 3107 vel
1150 3052 1210 3122 ipse
1223 3056 1275 3114 est,
1292 3051 1338 3105 vel
1353 3050 1389 3105 ab
1403 3067 1448 3104 eo.

109 3144 147 3199 cti
161 3145 218 3199 tuis
233 3144 359 3215 gaudere
384 3160 436 3216 pro
460 3143 602 3214 patefacte
623 3143 756 3198 lidelibus
777 3141 832 3197 tuis
855 3141 955 3195 catho-
1044 3143 1085 3196 Tu
1106 3157 1173 3195 vero
1193 3140 1322 3212 quisquis
1338 3139 1424 3210 hujus
1440 3137 1517 3204 lidei,
1544 3144 1572 3192 et
1586 3137 1742 3192 confession

108 3234 162 3288 lica
175 3233 242 3289 lidei
256 3233 373 3288 veritate
389 3250 395 3288 :
410 3233 510 3304 Sitque
525 3232 608 3286 nobis
621 3231 656 3286 de
676 3236 778 3286 caetero
798 3230 829 3284 in
845 3234 872 3284 te
896 3229 955 3284 solo
1010 3229 1138 3300 dignaris
1153 3246 1224 3299 esse,
1240 3229 1304 3301 pius
1322 3229 1411 3283 lector
1425 3232 1453 3282 et
1467 3227 1577 3299 peritus
1596 3227 1742 3282 intellecto

109 3322 247 3395 gaudium
262 3337 361 3374 verum
376 3326 462 3391 atque
477 3321 632 3384 sincerum,
647 3319 865 3389 tripudiumque
880 3333 956 3371 sum·
1010 3318 1123 3387 pienter
1160 3317 1297 3382 admittis,
1328 3321 1466 3387 tanquam
1504 3320 1616 3386 patrem
1656 3331 1742 3371 vener

109 3426 189 3465 mum
212 3425 243 3463 ac
266 3409 401 3475 solidum,
426 3413 456 3462 et
479 3407 613 3478 gloriatio
627 3406 798 3470 communis,
820 3405 896 3476 quod
921 3405 956 3458 ab
1009 3421 1111 3475 precor
1132 3405 1287 3471 simutrct
1317 3405 1390 3459 sicut
1418 3405 1534 3459 tratrem
1560 3404 1684 3459 fideliter
1711 3421 1742 3459 er

92 3495 311 3552 'haereticorum
325 3500 384 3549 tam
400 3494 479 3565 gravi
494 3493 614 3566 pertidia
628 3494 745 3548 tandem
761 3492 840 3564 plebs
855 3496 883 3547 et
902 3508 955 3563 pn·
1010 3493 1034 3547 si
1049 3493 1089 3546 vis
1104 3494 1134 3548 in
1150 3497 1289 3548 aeternum
1311 3493 1460 3548 veritatem
1483 3493 1591 3558 videre,
1616 3497 1645 3547 et
1664 3508 1731 3548 cum

108 3587 194 3658 putus
210 3589 330 3652 tuus,te
354 3582 509 3638 miserante
532 3583 622 3637 factus
646 3587 689 3637 est
710 3581 859 3636 immunis.
885 3580 957 3646 Quia
1011 3580 1120 3651 angelis
1146 3585 1175 3634 et
1199 3579 1364 3634 hominibus
1386 3580 1495 3649 electis,
1521 3578 1712 3651 fidelibusque
1738 3588 1742 3626 t

110 3674 235 3745 prolecto
250 3674 346 3727 nullus
367 3688 493 3744 unquam
515 3671 672 3726 electorum
695 3675 813 3726 tuorum
836 3670 889 3725 tibi
911 3671 955 3723 vet
1011 3668 1140 3738 ejusdem
1153 3668 1292 3734 veritatis,
1309 3668 1342 3722 de
1365 3667 1425 3739 ipsa
1454 3669 1619 3739 perenniter
1644 3668 1742 3722 veritat

109 3762 145 3817 ad
162 3766 338 3817 momentum
363 3759 476 3834 placere
491 3761 592 3831 potuit,
609 3764 714 3832 potest,
737 3760 781 3815 rel
795 3759 902 3831 poterit
922 3758 956 3813 de
1011 3755 1078 3811 dere
1093 3757 1209 3810 festines
1224 3757 1341 3811 omuino
1364 3757 1640 3827 perniciosissimum
1660 3762 1689 3811 ct
1714 3773 1742 3812 ei

109 3868 181 3907 suo:
196 3851 246 3906 scd
260 3867 360 3906 omnes
374 3850 470 3922 potius
481 3850 522 3904 tui
538 3849 590 3904 tibi
602 3865 656 3921 per
665 3849 819 3921 gratuitam
834 3848 956 3919 gretiam
1011 3844 1114 3899 simum
1130 3861 1221 3917 genus
1237 3846 1390 3910 mendacii,
1408 3845 1485 3916 quod
1500 3846 1708 3901 detestabiliter
1729 3862 1742 3900 c

108 3946 188 3995 tuam
204 3941 375 4010 placuerunt
399 3939 536 3994 hactenus
558 3943 644 4009 atque
659 3938 781 4009 placent,
804 3952 837 3991 ac
861 3935 956 4006 placa·
1011 3934 1082 3988 titur
1104 3933 1135 3988 in
1153 3934 1282 3989 doctrina
1307 3933 1463 4005 religionis,
1484 3951 1543 4006 prce
1564 3938 1657 3989 morte
1672 3950 1742 4005 corp

108 4027 181 4081 bunt
195 4044 309 4098 semper
324 4028 428 4081 deluo.
1011 4022 1139 4090 horrere,
1156 4027 1185 4078 et
1199 4022 1239 4078 ita
1253 4022 1407 4078 secundnm
1422 4024 1498 4094 quod
1521 4039 1574 4093 per
1589 4023 1706 4078 beatum
1725 4023 1742 4078 d

144 4116 201 4170 llac
215 4131 283 4185 ergo
298 4115 388 4186 gratis
404 4112 547 4168 animatus
561 4113 627 4181 ilde,
641 4112 779 4169 solidatos
794 4111 880 4168 etiam
896 4129 956 4184 spe,
1011 4110 1118 4166 dictum
1134 4117 1178 4166 est
1204 4113 1405 4183 hvigustinum‚
1429 4112 1566 4182 suscipiat
1591 4116 1741 4183 gratanter

107 4209 135 4256 et
152 4203 345 4257 inflammatus
361 4203 469 4272 pariter
484 4201 632 4268 charitate,
653 4218 705 4273 por
726 4203 861 4273 teipsum,
883 4203 957 4257 Deus
1011 4200 1118 4254 nostris
1148 4199 1178 4254 in
1203 4200 1338 4255 cordibus
1365 4200 1560 4271 pulcherrima
1589 4206 1617 4254 et
1644 4201 1742 4256 modes

108 4291 227 4361 optime,
244 4292 412 4361 suppliciter
427 4290 554 4359 obsecro,
577 4294 610 4345 ut
624 4307 691 4345 vera
706 4291 777 4344 mihi
794 4290 957 4345 humilitate
977 4288 1133 4351 ocharitas
1152 4289 1282 4343 osculum
1296 4289 1505 4354 columbarum,
1522 4295 1553 4344 nt
1575 4289 1618 4343 vel
1641 4289 1734 4362 evitet,

108 4378 183 4448 data,
199 4379 289 4434 solido
316 4379 379 4444 vite
394 4379 498 4450 gaudio
521 4396 634 4451 semper
649 4380 736 4434 iacies
757 4379 883 4451 gaudere
898 4396 955 4435 me.
1010 4377 1083 4431 sima
1097 4377 1256 4443 humilitas,
1272 4378 1315 4432 vel
1331 4378 1464 4432 retundat
1479 4377 1650 4433 solidissima
1667 4377 1742 4432 verit

110 4468 240 4538 Denique
255 4467 308 4523 tibi
324 4473 432 4539 tuoque
446 4467 557 4523 nomini
568 4468 695 4523 debitam
711 4484 763 4539 per
781 4469 884 4524 saecule
899 4470 957 4540 glo·
1012 4471 1069 4521 tem
1084 4466 1230 4521 caninum.
1248 4465 1300 4521 Ubi
1321 4466 1459 4520 nimirum
1484 4482 1536 4538 per
1558 4467 1688 4521 osculum
1713 4484 1742 4523 cc

107 4557 192 4623 riam,
206 4563 232 4612 et
248 4561 367 4627 propter
386 4555 527 4627 justitiam
548 4556 675 4627 quidem,
691 4556 760 4628 quie
781 4555 885 4610 merito
904 4572 955 4610 su·
1009 4571 1089 4623 num,
1102 4560 1244 4610 rectorum
1262 4555 1346 4610 corde
1365 4554 1566 4627 veraciumque
1588 4557 1663 4611 cirea
1687 4572 1730 4624 se,

107 4645 210 4715 perbos
228 4645 373 4713 humilias,
392 4645 523 4699 incurvas
546 4652 575 4700 et
593 4644 725 4713 inclinas,
750 4648 868 4716 propter
890 4659 955 4715 gra·
1009 4643 1083 4698 dicte
1097 4644 1239 4715 significat
1260 4644 1478 4715 inspectionem.
1499 4645 1682 4700 Pendentem
1700 4653 1742 4701 aul

108 4734 177 4787 tiam
192 4737 300 4800 autem,
321 4734 390 4804 quia
410 4733 499 4802 gratis
519 4734 643 4788 humiles
669 4734 786 4798 exaltas,
804 4734 896 4787 elevas
911 4737 953 4787 et·
1009 4732 1110 4787 ninum
1130 4734 1286 4804 malignam
1306 4748 1516 4803 perversorum,
1543 4733 1743 4806 irrisoriamqu

108 4838 164 4894 que
179 4823 330 4889 sublimas;
351 4839 403 4894 per
417 4838 500 4894 quam
518 4821 627 4877 scilicet
644 4827 799 4892 utramque
821 4822 953 4892 supplico
1008 4821 1085 4876 cium
1099 4822 1363 4892 reprehensionem.
1382 4820 1504 4876 Obseera
1517 4839 1585 4894 ergo
1601 4827 1628 4878 et
1642 4839 1742 4880 exorat

106 4911 169 4977 tibi,
198 4911 395 4983 cunctipotens
429 4915 457 4966 et
486 4911 611 4966 clemens
641 4911 764 4966 Trinitas
791 4909 898 4981 pariter
927 4916 955 4966 et
1009 4910 1164 4965 Dominum
1191 4912 1281 4966 Deum
1308 4916 1450 4977 nostrum,
1478 4912 1596 4983 ejusque
1617 4912 1740 4983 majesta

106 5001 201 5055 unitas
222 5004 254 5055 ut
270 5000 404 5055 omuibus
423 5000 548 5055 inimicis
563 5001 619 5054 tuis
633 4999 808 5072 (qrricunque
829 4999 888 5054 sint
908 4999 953 5054 in·
1008 5003 1105 5052 contra
1128 4999 1248 5054 latratus
1269 4998 1465 5053 hereticorum
1491 5000 1679 5068 verissimam,
1706 5001 1742 5056 sir

106 5089 182 5144 vidia
198 5090 325 5144 nominis
341 5089 394 5158 tui,
410 5089 469 5144 sive
484 5089 657 5158 nescienter,
680 5089 739 5144 sive
755 5088 841 5144 etiam
863 5089 954 5144 scien·
1008 5086 1121 5156 simam,
1134 5103 1166 5141 ac
1177 5086 1412 5159 benignissimam
1427 5088 1742 5145 habeamuseheritetet

106 5183 150 5232 ter
160 5182 330 5246 nocuerunt,
345 5179 404 5234 imo
415 5195 518 5233 nocere
528 5178 683 5233 voluerunt
695 5176 776 5243 mihi,
793 5183 954 5233 nocuerunt
1008 5180 1166 5230 extremum
1180 5191 1297 5248 quoque
1322 5175 1510 5233 retundemus
1525 5177 1625 5233 dentes
1648 5195 1742 5234 eornn

107 5270 201 5320 autem
228 5267 324 5337 potius
349 5267 458 5339 absque
495 5266 582 5321 dubio
608 5265 670 5335 sibi)
698 5266 832 5322 universe
856 5266 953 5323 debita
1007 5264 1252 5319 mordacissimam
1280 5264 1432 5320 salsitatem
1446 5282 1500 5336 per
1520 5265 1742 5323 invictissimam

106 5368 157 5406 sua
172 5351 323 5425 indulgeas
337 5353 476 5422 funditus,
496 5359 525 5408 et
539 5353 677 5424 ignoscet,
701 5358 730 5407 et
749 5353 847 5409 omnia
870 5353 952 5426 flagi·
1007 5351 1109 5423 nolint)
1131 5369 1163 5408 ac
1177 5352 1380 5408 solidissimam
1395 5355 1545 5410 veritatem
1561 5371 1568 5409 ε
1585 5354 1687 5427 siquis
1702 5372 1742 5410 vei

142 5528 155 5556 ⁸
170 5522 254 5612 [least
264 5524 311 5579 hic
320 5524 439 5598 aliquid.
