3930 6098
108 259 144 312 33
648 259 694 317 ul:
715 257 1051 320 PRAEDESTINATIONE
1072 262 1139 320 nul
1159 293 1193 305 -
1208 264 1274 321 LIB.
1295 266 1317 320 l.
1825 272 1859 330 st

105 392 161 448 tice
176 391 280 447 Filium
304 397 400 456 tunm,
417 394 431 440 ›'›
447 391 572 448 ostendit
593 408 680 448 omne
695 398 820 465 tempus,
846 394 957 466 etquid
976 394 1077 461 Acuti,
1098 399 1308 468 consequenter
1339 397 1429 453 electi.
1455 398 1500 453 llli
1523 414 1591 470 ergo
1614 400 1706 471 electi,
1727 406 1760 458 ut
1782 420 1858 476 saepe

105 480 222 554 qnaumu
242 479 360 546 laceret,
376 480 419 535 vol
435 480 499 535 lieri
513 481 629 548 sineret,
643 481 679 536 ab
692 482 743 536 illo
758 498 819 537 asse
834 483 956 554 disposi-
1013 483 1121 539 dictum
1149 489 1201 553 ost,
1229 484 1279 555 qui
1307 486 1463 540 secundnm
1484 488 1666 558 propositum
1686 491 1787 557 vocati,
1807 493 1858 562 qui

105 574 178 635 tum,
206 569 256 641 qui
280 568 404 639 tempori
427 568 557 624 subditus
579 586 637 625 uon
652 580 703 638 est,
726 573 863 642 quoniam
892 588 957 644 quae
1012 571 1099 626 etiam
1122 571 1320 642 praedestinati
1344 577 1430 643 etque
1454 577 1587 645 praesciti.
1610 579 1718 632 florum
1741 580 1764 634 si
1779 580 1858 650 quis·

104 657 203 711 futura
226 656 341 711 inerant
354 673 407 728 per
428 657 541 728 singula
556 663 687 729 tempora
701 659 731 714 iu
747 660 799 715 nei
817 661 958 732 sapientia
1011 675 1099 732 quum
1123 660 1207 732 perit,
1224 659 1333 716 fallitur
1358 662 1449 729 Dens;
1482 664 1531 718 sed
1555 681 1639 720 nemo
1654 681 1755 721 eorum
1775 669 1860 739 perit,

104 757 203 797 causes
218 743 376 800 efficientes
390 746 507 808 habent,
524 746 555 799 iu
570 761 627 815 qna
641 747 721 802 nulla
735 752 801 802 sunt
815 753 955 819 tempore.
1011 749 1080 817 quie
1102 763 1161 802 uon
1182 749 1292 804 fallitur
1315 751 1398 803 Dens.
1429 751 1534 804 ilerum
1551 752 1574 805 si
1599 752 1752 824 quisquam
1772 755 1857 826 perit,

103 830 213 895 Quibus
229 833 326 888 verbis
346 833 485 888 docemur
499 834 642 906 quidquid
664 835 728 890 lieri
744 836 863 892 diversis
883 843 956 892 tem·
1011 835 1080 890 vitiu
1093 836 1221 891 hornuno
1237 837 1359 891 vincitur
1374 836 1448 891 lieus
1465 853 1472 891 :
1489 841 1537 892 sed
1554 854 1638 894 nemo
1655 856 1755 896 eorum
1772 843 1859 911 perit,

103 921 223 991 poribus
249 921 392 990 videmus,
424 923 467 978 vel
488 929 565 978 certa
591 924 722 980 iacienda
746 932 824 992 sunt,
850 928 880 980 in
908 927 957 981 liei
1011 924 1080 995 quia
1103 926 1182 980 nulle
1212 942 1242 979 re
1262 925 1385 981 vincitur
1403 927 1488 982 Dens.
1525 926 1613 982 Electi
1633 929 1710 984 enim
1735 935 1801 984 snut
1823 929 1858 985 ed

104 1009 360 1079 predestinatione
384 1026 493 1077 causas,
520 1028 571 1066 cur
587 1013 659 1068 liunt
679 1014 834 1081 liubanici
856 1030 956 1071 secuu-
1010 1014 1189 1084 ragunudum
1204 1030 1270 1068 cnm
1284 1014 1404 1082 Christo,
1422 1030 1478 1070 nou
1495 1017 1640 1086 quomodo
1652 1017 1857 1073 electusludes

104 1098 172 1152 dnm
184 1099 266 1169 quod
281 1099 342 1170 ipse
356 1100 409 1172 qui
424 1101 574 1156 ordinator
588 1105 631 1156 est
641 1107 804 1173 temporum
816 1103 955 1175 disponit,
1010 1102 1047 1155 ad
1062 1117 1134 1172 opus
1149 1103 1196 1156 cui
1218 1103 1402 1174 congruebat.
1418 1103 1462 1158 Ab
1486 1102 1535 1158 illo
1557 1103 1665 1175 quippe
1682 1104 1787 1158 electus
1801 1110 1854 1171 est,

105 1187 240 1242 universa
263 1187 338 1242 lteri.
356 1189 435 1244 Unda
458 1188 546 1244 etiam
570 1195 600 1244 et
614 1190 645 1244 in
659 1192 903 1261 consequentibus
918 1192 958 1246 ait
1011 1189 1157 1261 quinovit
1174 1190 1247 1246 hene
1263 1191 1303 1245 nti
1326 1191 1412 1247 etiam
1436 1191 1529 1259 mulis,
1546 1196 1579 1245 ul
1593 1196 1621 1245 et
1636 1207 1689 1262 per
1711 1207 1782 1262 opus
1796 1192 1859 1262 ejus

104 1277 206 1345 (Troet.
221 1277 293 1345 end.)
309 1293 316 1331 :
333 1277 386 1341 uui
402 1277 479 1331 enim
494 1277 579 1333 certis
601 1283 630 1333 et
643 1278 874 1335 immutabilibus
893 1296 959 1335 ceu·
1011 1276 1185 1346 damnabile,
1200 1278 1271 1335 illud
1287 1278 1405 1351 proptc'r
1419 1280 1495 1351 qood
1508 1281 1570 1350 ipse
1585 1286 1711 1348 venerut,
1729 1296 1801 1350 opus
1811 1294 1859 1333 va-

103 1363 141 1418 sis
153 1365 254 1420 omnia
267 1365 366 1420 lutura
381 1365 609 1437 praedestinavit,
626 1368 703 1438 quod
717 1368 846 1424 tacturus
861 1377 902 1424 est
918 1369 958 1426 le-
1011 1367 1138 1423 nerebile
1151 1369 1351 1439 compleretur.
1366 1371 1437 1423 Cum
1451 1368 1548 1440 ituqne
1561 1367 1717 1424 andimus-t
1733 1388 1746 1421 u
1759 1370 1781 1424 N
1785 1383 1860 1423 onue

104 1453 150 1507 cit.
170 1454 245 1508 Nam
260 1459 290 1508 et
304 1470 357 1525 per
371 1455 542 1525 prophetem
558 1456 592 1510 de
608 1455 657 1510 illo
668 1455 777 1511 dictum
793 1460 836 1510 est
852 1472 858 1511 :
873 1478 887 1507 o
902 1456 957 1522 Qui
1011 1471 1065 1526 ego
1080 1472 1130 1511 vos
1145 1456 1296 1512 duodecim
1311 1457 1396 1528 elegi,
1411 1462 1439 1512 et
1452 1472 1526 1511 unus
1542 1474 1575 1511 ex
1587 1457 1861 1513 vohisdiabolusest

103 1541 168 1595 iecit
183 1557 251 1612 quui
275 1543 375 1597 future
386 1549 454 1598 sunt
468 1546 533 1609 (iso.
549 1560 611 1611 xiv,
631 1545 686 1614 Η).
703 1563 717 1596 ι
732 1545 761 1600 Si
776 1561 845 1617 ergo
858 1545 956 1601 omnia
1010 1545 1098 1616 (loon.
1117 1562 1154 1611 vr,
1176 1549 1233 1611 ll),
1251 1545 1316 1599 illos
1337 1546 1474 1600 debemus
1499 1546 1661 1616 intelligere
1678 1547 1783 1600 electos
1808 1546 1860 1617 per

103 1643 166 1697 quae
180 1627 314 1682 tacturus
329 1635 372 1684 est
387 1630 470 1698 Deus,
494 1631 524 1684 in
540 1632 789 1701 praedestinatione
802 1633 862 1704 jam
878 1633 954 1700 lecit,
1012 1633 1249 1702 misericordiam,
1265 1634 1348 1688 illum
1364 1650 1418 1703 per
1428 1635 1585 1706 judicium3
1602 1635 1666 1689 illos
1681 1637 1714 1690 ad
1731 1635 1860 1690 obtinen-

103 1716 232 1785 prolecto
247 1717 355 1787 quibus
370 1718 526 1790 largiturus
547 1725 589 1774 est
604 1736 736 1791 regnum,
753 1721 784 1775 iu
805 1722 955 1793 praedesti-
1013 1722 1216 1805 dnmregnum
1232 1738 1328 1790 suum,
1343 1723 1427 1777 illum
1442 1723 1475 1777 ad
1491 1723 1671 1778 fundendum
1688 1723 1858 1792 sanguinem

104 1804 220 1859 natione
232 1805 297 1874 jam
311 1805 407 1870 dedit;
419 1810 448 1860 et
462 1822 535 1877 qnos
545 1807 727 1876 judicaturus
737 1809 771 1863 nd
788 1825 914 1880 poenam,
926 1811 957 1865 in
1012 1808 1121 1882 sunm]
1139 1811 1172 1864 Et
1187 1810 1216 1864 in
1239 1811 1292 1865 hac
1316 1811 1459 1865 sententia
1482 1811 1625 1881 duplicem
1651 1811 1778 1865 ostendit
1801 1814 1858 1865 ele-

104 1892 361 1963 praedestiuatiuns
373 1897 434 1965 jem
447 1894 595 1963 judicavit.
1011 1899 1148 1966 ctionem,
1165 1898 1241 1971 quud
1257 1899 1305 1954 aiii
1319 1899 1427 1953 scilicet
1441 1899 1585 1970 eligantur
1605 1915 1661 1954 nun
1677 1898 1859 1986 permansuri

138 1981 211 2035 ltem
226 1981 307 2052 qnod
324 1983 407 2036 electi
421 1986 577 2038 secundnm
593 1985 643 2038 liei
655 1985 833 2056 propositum
849 1986 957 2057 praede·
1011 1989 1040 2042 in
1057 1989 1194 2058 operibus
1212 1988 1343 2059 justitioe,
1361 1988 1516 2059 dequibus
1539 1988 1643 2043 dicitur
1658 2004 1665 2042 :
1681 2008 1694 2038 o
1713 1987 1792 2042 llulti
1812 2002 1860 2040 vo·

104 2069 212 2135 atinati,
229 2077 259 2124 et
283 2071 376 2125 vocati
390 2077 466 2139 sunt,
490 2072 567 2127 idem
585 2073 686 2128 doctor
707 2074 738 2127 iu
752 2074 825 2128 libro
840 2075 876 2130 de
890 2091 957 2146 gra·
1011 2076 1119 2143 cuti3u
1143 2075 1192 2130 ulii
1211 2092 1278 2130 vcro
1305 2077 1344 2130 sic
1368 2076 1525 2145 eliguntur,
1548 2078 1580 2128 ut
1600 2080 1799 2143 pernionum,
1824 2074 1859 2129 da

104 2159 143 2212 tin
156 2165 185 2212 et
199 2161 383 2230 correptione
394 2160 467 2231 (cop.
485 2164 501 2214 d
516 2167 541 2215 et
555 2161 581 2229 7)
594 2163 633 2216 sic
643 2162 772 2233 loquitur
787 2162 813 2235 ι)
826 2163 900 2229 Quid
913 2169 958 2218 est
1011 2163 1116 2235 qviibus
1140 2165 1181 2218 eit
1195 2164 1347 2234 Apostolus
1361 2180 1368 2218 ε
1387 2185 1397 2211 ι
1415 2163 1491 2227 Quos
1512 2162 1737 2232 predestinavit,
1752 2163 1818 2217 illos
1832 2168 1860 2216 et

105 2246 193 2301 etiam
209 2247 290 2313 quod
313 2247 345 2302 in
361 2250 556 2318 apostolurum
571 2251 686 2304 Actibus
708 2251 852 2321 legimus:
871 2273 885 2303 u
899 2255 955 2306 Au·
1011 2251 1122 2306 vocavit
1141 2251 1227 2322 (dom.
1245 2268 1304 2317 viri,
1319 2249 1376 2319 29).
1396 2272 1407 2300 ι
1425 2253 1464 2305 Ex
1488 2251 1549 2305 istis
1564 2255 1661 2305 autem
1684 2252 1779 2305 nullus
1794 2266 1859 2322 per·

106 2334 217 2388 dientes
239 2342 340 2390 autem
363 2341 463 2406 gentes
494 2337 599 2409 gavisus
625 2343 702 2405 siunt,
728 2345 756 2393 et
783 2345 959 2410 exceperunt
1012 2340 1053 2395 ire
1068 2345 1184 2411 potest:
1201 2355 1268 2395 uem
1284 2345 1312 2395 et
1326 2340 1429 2395 tudem
1445 2338 1515 2393 dicit
1531 2339 1664 2404 electum,
1681 2339 1729 2393 sed
1746 2355 1803 2394 uon
1825 2339 1860 2393 ad

105 2422 226 2477 verbnm
242 2423 367 2490 Domini,
384 2430 413 2479 et
431 2424 614 2480 crediderunt
629 2431 772 2498 quotquot
787 2433 869 2482 erant
881 2444 957 2498 pru·
1010 2445 1145 2500 reguum,
1168 2429 1216 2483 sed
1231 2428 1265 2483 ud
1285 2429 1459 2499 apostolatus
1485 2428 1635 2502 honorem.
1659 2427 1739 2492 Quod
1763 2431 1859 2481 antem

105 2510 280 2566 ordinetiin
301 2513 389 2567 vitam
415 2519 552 2569 aeternem
580 2515 654 2584 (Act.
677 2531 737 2583 xvu,
765 2516 820 2587 48).
849 2535 863 2568 ι
888 2516 958 2581 Quis
1011 2518 1093 2573 illum
1109 2517 1179 2572 dicit
1193 2517 1314 2572 electum
1330 2517 1364 2571 ad
1380 2516 1559 2572 tundendum
1574 2517 1745 2587 sanguinem
1763 2531 1859 2582 surim,

104 2608 243 2671 operatus
267 2606 309 2656 est
332 2618 380 2656 eos
396 2601 426 2655 in
454 2605 541 2656 vitam
566 2617 715 2672 aeternem,
739 2605 795 2659 nisi
814 2605 865 2676 qui
892 2621 958 2660 vnsa
1012 2610 1129 2678 propter
1140 2606 1221 2659 illum
1235 2606 1352 2659 occultes
1364 2604 1626 2675 predestinutionis
1638 2604 1768 2658 ordinem
1781 2603 1858 2670 dicit,

105 2690 314 2744 misericordiae
330 2697 465 2760 operatus
480 2697 522 2746 est
537 2693 605 2747 eos?
618 2692 667 2764 qui
680 2697 709 2746 et
723 2714 734 2742 ι
753 2693 912 2764 elegitillos
927 2695 957 2749 in
1012 2710 1070 2766 qun
1085 2695 1285 2749 universorum
1300 2697 1389 2760 actus,
1402 2693 1432 2748 id
1444 2692 1650 2758 estbouorum,
1664 2697 1692 2746 et
1706 2693 1859 2758 malorum,

106 2776 178 2831 Filio
194 2793 249 2832 suo
263 2784 330 2832 ante
355 2779 587 2834 constitutionem
611 2780 713 2834 mundi
727 2782 846 2851 (Ephes.
862 2798 881 2851 ι,
898 2784 926 2853 4)
944 2805 955 2833 ι
1013 2783 1123 2838 occulto
1134 2782 1244 2853 judicio
1258 2781 1391 2852 disponit.
1411 2782 1483 2847 Onia
1498 2781 1550 2834 etsi
1566 2781 1641 2835 bonu
1656 2796 1753 2852 opere,
1770 2784 1799 2834 et
1813 2794 1862 2833 co·

104 2879 158 2932 per
182 2864 354 2921 electionem
370 2868 480 2938 gratiae.
499 2886 512 2919 v
529 2868 558 2923 Si
574 2875 672 2924 nutem
695 2871 797 2941 gratie,
819 2871 881 2940 jam
900 2887 957 2927 nou
1014 2872 1165 2943 gitatiunes
1181 2870 1264 2926 bonne
1279 2886 1296 2924 e
1310 2872 1368 2925 lieo
1386 2874 1451 2925 sunt
1466 2874 1590 2931 tentum.
1608 2870 1690 2924 malae
1707 2873 1802 2923 autern
1818 2883 1862 2922 eo-

105 2967 139 3006 sx
161 2952 311 3021 operibus,
344 2954 473 3027 alioquin
503 2956 596 3026 gratia
622 2958 683 3028 jum
707 2974 767 3013 non
800 2963 844 3013 est
865 2959 957 3030 gretia
975 2962 995 3018 C
1012 2958 1165 3030 gitationes
1195 2974 1228 3012 ex
1262 2957 1493 3029 concupiscentie
1523 2956 1673 3011 rationulis
1706 2961 1859 3021 creaturae,

108 3042 194 3103 (Rom.
216 3058 255 3108 xi,
287 3045 324 3106 d).
349 3044 537 3098 »Nunenim
559 3044 598 3099 sic
629 3049 696 3100 sunt
726 3047 828 3110 vocati,
854 3052 960 3102 utnon
1014 3045 1717 3117 sicutctmelaopereexmalaconcupiscentiu‚
1735 3060 1861 3099 nonan·

107 3134 205 3183 essent
220 3129 317 3199 electi3
330 3132 536 3203 propterquod
552 3132 712 3187 dictumest
729 3149 736 3187 :
755 3152 769 3184 u
786 3134 866 3189 llrvlti
880 3135 958 3188 enim
1013 3140 1071 3189 tem
1086 3150 1101 3188 a
1119 3135 1189 3188 Deo.
1209 3136 1340 3188 Attamen
1355 3133 1460 3188 divinae
1473 3132 1668 3202 dispositionis
1682 3133 1783 3187 ordine
1799 3148 1861 3186 mo·

109 3217 212 3282 vocati,
228 3218 313 3288 penui
327 3235 395 3273 vem
416 3220 497 3274 electi
516 3220 628 3291 (llottlu.
647 3236 693 3286 xx,
715 3221 770 3290 ld).
787 3241 801 3273 s
817 3222 871 3277 Sed
886 3239 958 3294 qno·
1013 3221 1171 3276 derantur:
1188 3221 1255 3292 quie
1270 3221 1301 3275 iu
1316 3221 1368 3275 hac
1389 3220 1545 3291 republica,
1562 3236 1626 3291 quoa
1649 3224 1690 3273 cst
1712 3220 1862 3274 universus

107 3305 189 3360 niam
214 3307 373 3362 secundum
388 3308 568 3380 propositum
583 3310 673 3364 vocati
697 3315 772 3378 snut,
790 3310 916 3382 proiecto
930 3314 960 3365 et
1013 3310 1150 3377 mundus,
1167 3310 1352 3381 omnipotens
1364 3311 1447 3371 Deus,
1461 3309 1533 3364 sicut
1547 3314 1575 3362 et
1589 3313 1692 3377 rector,
1707 3308 1748 3362 ita
1763 3313 1792 3363 ct
1805 3308 1862 3363 dis·

109 3395 193 3449 electi
217 3399 286 3449 sunt
307 3411 359 3465 per
384 3397 564 3465 electionem,
588 3404 621 3452 nt
638 3398 745 3453 dictum
769 3405 820 3465 est,
846 3400 957 3472 gratim,
1014 3399 1124 3471 positor
1144 3404 1198 3465 est,
1214 3404 1243 3453 et
1273 3399 1370 3453 omnia
1386 3414 1451 3470 quae
1467 3397 1552 3465 flunt,
1573 3397 1651 3452 illius
1681 3396 1861 3468 dispositioni

108 3498 166 3538 nou
192 3484 415 3554 praecedentium
431 3488 601 3540 meritorum
625 3502 763 3552 suorum3
783 3487 853 3559 quia
867 3487 959 3559 gratis
1013 3487 1150 3542 serviunt.
1169 3487 1240 3541 Nam
1251 3486 1380 3558 quumvis
1394 3486 1486 3540 multa
1502 3485 1581 3552 liunt,
1595 3501 1660 3556 quse
1673 3491 1771 3539 contre
1783 3483 1863 3539 illius

106 3571 165 3626 illis
179 3576 222 3626 est
246 3588 331 3626 omne
347 3573 493 3628 meritum.
514 3574 554 3629 De
577 3574 683 3629 talibus
699 3575 768 3630 dicit
783 3578 934 3645 spostolus
951 3594 957 3632 :
1014 3577 1190 3631 voluntatem
1206 3574 1269 3629 lieri
1283 3574 1446 3642 videantur,
1463 3574 1540 3629 unde
1556 3580 1652 3628 tumen
1667 3574 1745 3628 illius
1760 3574 1861 3628 volun·

108 3680 121 3711 ι
137 3660 254 3715 Scimus
270 3661 407 3731 quoniam
426 3662 614 3734 diligentibus
637 3665 725 3718 licum
741 3667 839 3718 omnia
853 3681 960 3735 coope—
1012 3664 1067 3719 tati
1081 3679 1242 3736 repugnare
1258 3663 1401 3727 videntur,
1424 3664 1490 3719 inde
1505 3663 1591 3718 etiem
1605 3663 1666 3733 ejus
1681 3660 1862 3733 dispositioni

107 3756 210 3803 rantur
223 3749 255 3803 in
271 3750 377 3804 bonum
393 3751 448 3819 his,
463 3751 514 3822 qui
531 3752 688 3806 seeundum
704 3753 887 3823 propositum
909 3770 958 3808 vo·
1016 3753 1151 3810 serviunt.
1168 3753 1238 3807 ltem
1255 3752 1332 3822 quod
1352 3753 1402 3823 qui
1417 3756 1549 3823 pereunt,
1571 3752 1605 3806 de
1621 3766 1741 3804 numero
1757 3750 1863 3804 electo·

107 3839 163 3891 cati
179 3843 248 3891 snut
263 3853 270 3891 ε
286 3838 423 3908 quonism
448 3855 521 3909 quos
539 3845 605 3894 ante
629 3841 781 3909 prescivit.
799 3847 828 3896 et
849 3843 958 3913 preede-
1015 3857 1080 3896 rum
1094 3856 1154 3895 nou
1169 3845 1246 3907 sunt;
1264 3840 1293 3893 in
1310 3840 1411 3894 eodem
1435 3840 1508 3894 libro
1521 3840 1594 3909 (cup.
1611 3838 1638 3907 7)
1652 3839 1692 3892 sic
1705 3838 1861 3893 doeemur:

108 3926 226 3980 stinavit
260 3925 421 3981 conformes
446 3927 581 3997 imaginis
616 3928 677 3983 Filii
700 3929 755 3993 sui,
779 3935 809 3984 ut
828 3930 865 3985 sit
897 3931 959 4001 ipsc
1018 3932 1146 3999 [Horum
1162 3928 1266 4000 inquit,
1283 3927 1353 3982 tides
1368 3944 1432 3998 qum
1447 3943 1499 3998 per
1517 3926 1700 3980 dilectionem
1716 3931 1860 3995 operatur,

108 4014 324 4084 primogenitus
340 4014 369 4069 in
384 4016 483 4070 multis
505 4015 663 4071 iratribus:
681 4032 754 4087 quos
773 4023 869 4072 autem
884 4035 958 4090 prm·
1015 4019 1142 4090 proiecto
1155 4022 1204 4071 ant
1219 4016 1337 4071 omnino
1354 4031 1414 4071 nou
1429 4015 1535 4084 delicit,
1550 4019 1600 4068 urit
1614 4013 1637 4067 si
1652 4013 1703 4084 qui
1717 4013 1775 4067 sint
1789 4030 1861 4084 quo·

108 4103 273 4162 destinavit.
302 4104 367 4158 illos
395 4109 422 4159 ot
454 4104 581 4170 vocavit;
616 4121 688 4176 quos
720 4110 816 4160 autem
839 4107 959 4174 vocavit,
1016 4122 1080 4161 rum
1097 4105 1202 4173 delicit,
1226 4109 1378 4176 reparatur
1403 4109 1556 4175 antequam
1581 4102 1635 4157 ista
1657 4101 1715 4156 vita
1733 4101 1861 4167 liniatur,

110 4189 187 4260 ipsos
203 4196 233 4246 et
245 4190 430 4261 justificavit3
447 4208 519 4264 quos
534 4199 630 4248 eutem
642 4194 820 4264 justificavit,
842 4195 920 4266 ipsos
932 4200 961 4251 ct
1015 4200 1044 4248 et
1058 4194 1151 4249 deleta
1166 4209 1229 4264 quae
1245 4193 1485 4248 intercucurrerat
1497 4191 1659 4264 iniquitate,
1676 4206 1767 4262 usque
1782 4190 1813 4245 in
1825 4189 1863 4245 fi-

111 4279 282 4350 glorificavit
299 4280 388 4350 [Rom.
398 4295 463 4349 vin,
478 4282 583 4353 att-30).
601 4300 616 4334 v
632 4283 670 4337 Ex
685 4281 747 4336 istis
763 4284 859 4337 nullus
874 4284 958 4355 perit,
1015 4299 1080 4338 nem
1095 4282 1313 4354 perseverantie
1328 4282 1491 4354 deputatur.
1507 4280 1562 4346 Qui
1576 4296 1641 4335 vero
1653 4277 1863 4352 perseveraturi

111 4367 176 4438 qnia
191 4383 295 4422 omnes
315 4369 398 4423 electi
421 4374 496 4425 sunt.
514 4371 601 4424 Elecli
615 4375 682 4426 sunt
696 4375 804 4438 eutem,
821 4372 888 4443 quia
912 4389 960 4427 se·
1015 4387 1073 4426 unu
1096 4375 1173 4438 sunt,
1198 4385 1230 4424 ac
1246 4371 1317 4425 sice
1341 4370 1397 4426 fide
1416 4370 1576 4428 Christiana
1600 4372 1628 4424 et
1646 4367 1863 4423 conversatione

111 4457 237 4510 eundum
254 4456 437 4526 propositum
455 4457 544 4512 vocoti
559 4462 627 4513 suut
643 4474 650 4512 τ
666 4460 847 4530 propositum
864 4464 959 4515 eutem
1013 4460 1123 4530 lapsuri
1137 4464 1215 4528 sunt,
1239 4464 1271 4514 ut
1293 4460 1365 4514 tales
1380 4475 1430 4514 cos
1443 4459 1507 4513 vitae
1530 4457 1617 4528 hujus
1636 4457 1703 4511 linis
1723 4456 1861 4524 inveniat,

110 4560 165 4599 nou
180 4560 278 4611 snum,
297 4544 347 4599 scd
364 4544 437 4617 ilci]
452 4547 522 4600 ltem
536 4547 611 4618 quod
627 4548 723 4602 nullus
738 4549 895 4603 electorum
910 4547 960 4620 qui
1015 4546 1216 4621 proculdubio
1232 4564 1284 4602 nec
1302 4548 1352 4602 illo
1372 4552 1514 4618 tempore,
1531 4562 1588 4618 quo
1603 4546 1675 4601 bene
1697 4545 1803 4616 pieque
1819 4543 1862 4598 vi·

112 4633 308 4704 predestinati
331 4638 407 4701 sunt,
432 4635 525 4705 perire
550 4639 654 4706 potest,
680 4640 709 4690 et
728 4637 763 4692 de
785 4637 867 4700 luda,
884 4639 959 4709 qnod
1014 4642 1095 4703 vnnt,
1112 4635 1140 4689 in
1153 4635 1273 4690 istorum
1287 4651 1408 4690 numero
1417 4634 1603 4704 computandi
1618 4638 1694 4687 sunt.
1709 4633 1771 4687 Non
1786 4632 1864 4688 cuim
1916 4626 1919 4632 ’

113 4721 216 4776 electus
230 4721 261 4775 in
283 4723 460 4792 apostolatus
475 4722 615 4777 honoreus
631 4739 683 4794 per
695 4723 847 4793 judicium,
864 4724 907 4778 vel
925 4724 960 4779 ad
1015 4731 1112 4778 sunta
1128 4738 1220 4777 messe
1233 4723 1282 4777 illa
1296 4723 1465 4794 perditionis
1481 4721 1661 4792 praescientia
1681 4721 1731 4776 liei
1746 4725 1773 4775 el
1788 4736 1864 4792 pree·

114 4809 318 4864 effundendum
352 4811 521 4879 sanguinem
556 4811 670 4875 Christi,
699 4828 764 4866 curn
794 4818 962 4883 loqueretur
1015 4810 1207 4868 destinatione
1222 4810 1347 4879 discreti,
1367 4816 1396 4866 et
1408 4811 1473 4865 ideo
1488 4825 1541 4865 nce
1556 4810 1714 4865 secundum
1730 4807 1863 4880 proposi·

113 4898 248 4965 prefatus
268 4896 369 4952 doctor
383 4898 413 4952 in
435 4899 535 4954 eodem
548 4899 624 4955 libro
648 4899 717 4970 (cop.
740 4901 768 4968 7)
785 4899 819 4954 de
836 4899 961 4970 capitulo
1015 4906 1077 4954 tum
1092 4898 1194 4967 vocati,
1220 4915 1252 4954 ac
1267 4914 1319 4969 per·
1331 4899 1386 4953 huc
1401 4914 1454 4953 nec
1475 4899 1569 4964 electi,
1584 4900 1633 4954 sed
1659 4900 1689 4954 iu
1705 4899 1747 4952 eis
1771 4893 1863 4949 vocati

114 4986 243 5054 apostoli,
267 4985 298 5039 in
322 5001 380 5056 quo
404 4986 443 5041 ait
459 5002 466 5040 ι
484 5005 497 5037 o
516 4987 594 5052 Quos
617 4992 713 5042 eutem
736 4987 960 5058 praedestinavit,
1015 4992 1091 5052 sunt,
1114 4987 1149 5041 dc
1164 4987 1269 5058 quibus
1283 4987 1390 5042 dictum
1406 4992 1449 5042 est
1473 4987 1581 5058 (Mettis.
1602 5003 1647 5052 xx,
1665 4989 1708 5053 ld)
1726 4999 1733 5038 :
1752 5000 1765 5033 s
1781 4979 1861 5036 Multi

112 5071 174 5128 illos
191 5075 355 5140 eluceant,
374 5074 606 5146 uitesthuuxit
622 5091 629 5129 :
646 5074 901 5148 [Eositaquevult
917 5077 960 5130 iu·
1015 5074 1117 5144 vocnti,
1152 5075 1297 5130 elnoniu
1323 5075 1364 5130 eis
1394 5076 1551 5148 dequibus
1574 5075 1680 5130 dictum
1705 5075 1759 5137 est,
1777 5067 1863 5139 pauci

116 5163 215 5235 tetigi,
239 5178 313 5234 quus
330 5184 344 5211 v
369 5163 525 5218 secundum
549 5164 732 5234 propositum
757 5164 876 5233 vocavit,
893 5185 907 5214 ιι
924 5180 960 5220 ne
1015 5179 1082 5217 vero
1105 5161 1198 5218 electi.
1217 5183 1228 5211 ι
1247 5164 1279 5218 Et
1303 5167 1400 5218 tumen
1423 5163 1472 5235 qui
1489 5181 1538 5218 eos
1562 5165 1648 5232 neget
1670 5159 1774 5212 electos
1797 5173 1863 5212 cum

113 5255 249 5321 putentur
263 5252 293 5305 in
309 5250 352 5306 eis
367 5251 456 5324 aliqui
470 5267 530 5306 essa
544 5251 649 5319 vocati,
666 5256 695 5307 ct
709 5268 768 5307 non
784 5252 878 5319 electi,
893 5268 961 5324 pru·
1015 5251 1145 5318 credunt,
1177 5255 1205 5305 et
1235 5250 1427 5322 baptizantur,
1457 5257 1486 5305 at
1512 5247 1668 5305 secundum
1698 5244 1788 5300 lteum
1816 5246 1862 5301 vi·

114 5343 173 5409 pter
194 5339 275 5394 illem
298 5338 477 5394 llominicum
493 5341 664 5395 senteutiam
680 5357 718 5395 :o
742 5341 823 5396 uuiti
844 5341 960 5409 vocati„
1014 5339 1110 5394 vunt?
1134 5338 1222 5395 Plane
1250 5340 1385 5396 dicuntur
1410 5338 1493 5395 electi
1521 5354 1537 5391 u
1564 5333 1757 5390 nescientibus
1794 5336 1862 5408 quid

114 5427 194 5497 ponci
208 5426 291 5482 electi
304 5426 413 5497 (Multi.
426 5442 473 5494 xx,
491 5430 544 5495 ld).
562 5447 576 5478 s
591 5428 761 5499 Quicunque
776 5429 854 5484 enim
866 5430 959 5500 electi,
1015 5427 1106 5484 luturi
1125 5432 1201 5497 sunt,
1226 5444 1286 5484 non
1308 5429 1414 5485 abillo
1446 5427 1496 5498 qni
1526 5439 1575 5479 eos
1607 5422 1687 5479 novit
1720 5441 1778 5481 non
1811 5427 1864 5482 hu·

114 5512 170 5568 sine
194 5513 283 5570 dubio
300 5513 387 5569 etiam
402 5515 495 5571 vocati
511 5532 519 5571 τ
537 5532 596 5572 nou
615 5520 711 5572 autem
728 5517 894 5590 quicunque
916 5533 962 5572 vo·
1015 5517 1084 5574 here
1109 5518 1352 5590 perseverantium
1378 5531 1444 5588 qure
1467 5512 1503 5569 sd
1534 5513 1646 5568 bustam
1678 5514 1766 5570 vitani
1797 5531 1865 5587 per·
