3930 6098
51 277 102 330 137
606 275 650 331 DE
671 274 834 331 CORPORE
862 277 905 331 nr
924 277 1098 333 sanantur
1120 277 1251 334 nortui.
1521 284 1524 294 '
1756 288 1804 340 tta

50 406 230 460 sanctificare
263 402 409 476 quiverit?
441 404 497 458 Nec
529 407 626 458 tamea
663 405 832 475 Apostolum
870 406 936 463 iah
958 407 1252 479 ipsamquamhodie
1275 411 1397 480 populus
1420 411 1599 468 credentium
1625 413 1656 469 ia
1681 416 1806 473 Ecclesia

50 495 166 550 Christo
181 494 309 547 locutum
323 492 462 546 audemus
481 492 575 546 dicere
593 493 669 563 quod
696 509 752 547 non
777 510 842 548 rere
859 494 904 548 di·
958 496 1113 551 manducat
1128 503 1154 551 et
1169 498 1240 552 bihit
1254 498 1335 568 (Vide
1344 515 1417 554 1111111.
1430 502 1486 565 rat.
1509 502 1569 555 Nou
1586 503 1663 559 enim
1686 504 1752 559 licet
1766 508 1807 561 di·

51 583 241 654 seritpatres
265 581 424 635 nostrosiu
446 580 523 635 nuhe
553 581 669 634 etmari
698 580 783 635 fuisse
811 581 902 653 bapti·
959 601 1070 640 rersam
1087 586 1218 656 intelligi,
1246 585 1383 657 quoniam
1410 604 1483 642 uuus
1509 591 1644 662 idemque
1676 594 1806 650 Christus

51 677 141 726 zatus.
960 679 1010 735 est,
1028 675 1077 745 qui
1094 681 1121 728 et
1136 677 1275 745 poputum
1295 674 1324 728 iu
1337 675 1459 735 deserto,
1482 677 1512 730 iu
1534 681 1610 735 rruho
1635 686 1666 736 et
1687 682 1717 736 ia
1732 676 1805 738 mari

85 760 340 832 XXhiitquamris
356 759 516 830 baptismus
540 757 589 812 ilie
609 759 732 813 formam
749 758 904 830 baptisma·
959 761 1147 833 baptizatum,
1163 779 1214 817 sua
1228 781 1312 818 carne
1335 764 1422 835 pavit,
1440 782 1492 821 siro
1517 770 1655 839 sanguino
1671 774 1739 826 tunc
1759 790 1806 844 po·

51 850 88 904 tis
100 850 219 915 Christi,
235 850 311 921 quod
329 848 415 902 hodie
430 849 541 918 geritur
558 848 587 900 in
604 848 737 914 Ecclesia,
755 864 904 918 1101111111-
961 851 1038 917 tavit,
1059 857 1087 905 et
1107 852 1136 905 iu
1161 852 1281 906 Ecclesia
1297 869 1373 907 nrrnc
1403 855 1580 910 credentium
1595 860 1744 930 {populum
1761 863 1804 916 sui

51 939 162 1002 tulerit,
184 938 359 1008 baptismum
384 942 480 990 taurea
496 936 644 1002 exstitisse,
668 942 696 989 et
711 937 740 989 in
756 952 788 990 eo
811 944 905 1009 patres
959 939 1087 1009 corporis
1098 956 1182 1010 pane,
1198 940 1242 995 sai
1257 941 1404 1010 sanguinis
1419 943 1495 998 uada
1506 944 1597 1014 pascit
1613 951 1698 1017 utque
1712 955 1804 1018 potat.

51 1035 168 1083 nostrus
184 1027 341 1097 baptizatos
356 1024 452 1091 fuisse,
468 1026 563 1078 nullus
583 1040 688 1096 negare
704 1041 790 1079 sanus
814 1026 903 1079 aude·
993 1027 1081 1084 xxii.
1099 1029 1178 1093 Quod
1207 1030 1305 1083 volens
1329 1032 1483 1102 Apostolus
1507 1031 1651 1102 intimare,
1681 1038 1805 1093 cumdi-

52 1116 178 1181 bit,uisi
203 1115 297 1171 rerbis
319 1115 447 1186 Apostoli
469 1114 665 1168 contradicere
690 1129 811 1168 resenas
835 1130 906 1184 pra·
958 1116 1044 1170 nisset
1080 1122 1175 1188 patres
1203 1124 1316 1172 nostros
1346 1119 1476 1174 eanrlem
1506 1137 1599 1176 escam
1628 1124 1805 1194 spiritualem

53 1204 220 1276 sumpserit.
237 1204 328 1274 Igitur
345 1209 373 1257 et
399 1218 476 1257 mare
501 1207 530 1256 et
556 1203 720 1257 uubesuon
746 1204 903 1257 secuudum
960 1204 1155 1273 manducasse,
1194 1207 1384 1279 eumdemque
1417 1215 1518 1278 potum
1550 1210 1730 1280 spiritualem
1763 1215 1806 1269 bi·

54 1293 109 1346 hoc
124 1292 206 1364 quod
220 1307 324 1362 corpus
337 1291 512 1356 exstiterant,
528 1291 760 1345 sanctificationis
788 1292 904 1344 mundi·
960 1292 1044 1359 bisse,
1057 1300 1266 1365 consequenter
1280 1296 1405 1365 adjecit:
1433 1298 1569 1353 Bibehaut
1594 1307 1685 1355 aretem
1705 1301 1808 1372 despi-

56 1382 125 1436 tiam
146 1381 310 1452 praebuere,
335 1395 435 1433 rerum
460 1379 616 1448 secandum
631 1379 707 1450 qirod
724 1362 906 1434 invisibiliter
959 1383 1057 1436 ritant-i
1070 1387 1241 1453 consequenti
1254 1398 1297 1439 eos
1317 1390 1407 1453 petra.
1434 1388 1513 1440 Petra
1534 1393 1624 1442 cirtem
1652 1394 1712 1444 erat
1728 1391 1806 1447 Cleri·

55 1471 143 1524 sancti
174 1470 299 1541 Spiritus
327 1468 579 1522 sanctificationem
610 1467 805 1521 euritinchant.
842 1468 907 1521 Erat
959 1476 1017 1524 stris
1050 1470 1071 1539 (l
1102 1472 1161 1525 Cor.
1189 1488 1216 1539 x,
1246 1473 1281 1542 i).
1307 1474 1341 1527 ra
1367 1473 1608 1546 intelligeremus,
1637 1477 1665 1531 iu
1695 1479 1807 1534 deserto

55 1574 182 1630 namque
199 1559 229 1611 iu
255 1558 296 1612 eis
321 1557 441 1611 risibilis
459 1557 562 1623 forma,
591 1557 822 1628 quoe'corporeis
841 1571 905 1610 sea·
960 1559 1104 1614 Christum
1121 1560 1148 1613 in
1173 1561 1315 1630 spirituali
1341 1566 1422 1631 petra
1438 1564 1608 1630 constitisse,
1637 1567 1806 1622 etsuisan-

55 1647 132 1701 sibus
152 1652 316 1718 appareret,
336 1661 394 1700 non
419 1645 450 1700 iu
464 1644 601 1714 imagine,
618 1644 665 1700 sed
681 1645 712 1699 in
728 1646 860 1710 raritate3
878 1647 905 1698 et
960 1648 1056 1718 guinis
1069 1648 1173 1702 aradam
1184 1650 1468 1720 papalopriahuisse,
1481 1653 1530 1723 qni
1543 1659 1641 1722 postea
1652 1671 1756 1726 corpus
1772 1656 1806 1711 de

54 1736 175 1790 interius
190 1735 348 1807 spiritualis
363 1734 489 1804 potentia
503 1733 673 1805 refulgebat,
690 1749 754 1805 quae
768 1749 826 1787 non
846 1749 905 1786 car·
921 1707 941 1761 B
960 1736 1075 1806 Virgine
1086 1741 1244 1808 sumptum,
1259 1744 1288 1790 et
1303 1755 1353 1808 pro
1367 1741 1458 1793 sirlute
1473 1740 1651 1796 eredentium
1669 1743 1698 1797 in
1723 1760 1805 1799 cruce

55 1825 96 1878 uis
112 1824 218 1888 aculis,
232 1823 279 1879 sed
294 1823 399 1878 mentis
418 1823 575 1878 luminibus
589 1827 749 1893 appareret.
960 1840 1140 1895 suspensum,
1158 1826 1263 1879 nostris
1291 1826 1401 1880 saeculis
1429 1828 1568 1892 exhibuit,
1595 1834 1670 1884 etex
1689 1848 1806 1885 eusan-

86 1913 172 1968 xxti.
191 1911 332 1967 Similiter
347 1926 450 1966 manua
474 1912 583 1982 populo
597 1911 632 1965 de
655 1911 725 1965 coelo
751 1910 861 1975 datum,
878 1913 907 1962 et
960 1914 1055 1983 guinis
1068 1914 1173 1967 undam
1190 1914 1291 1968 etiudit
1310 1924 1392 1985 aeque)
1404 1931 1462 1970 nou
1477 1917 1570 1971 solnm
1584 1919 1804 1986 redimeremur,

56 2000 297 2073 aquaprniluens
326 2000 361 2055 de
386 2005 476 2072 petra,
504 2000 667 2069 corporales
696 1999 907 2052 exstiterautet
959 2002 1162 2055 verumetiam
1181 2009 1358 2073 potaremur.

56 2090 247 2161 corporaliter
261 2088 401 2160 populum
424 2089 467 2143 rel
491 2087 647 2158 pascebant
674 2086 718 2140 rel
744 2087 905 2157 potabant:
995 2090 1069 2145 XXV.
1086 2091 1187 2144 iliram
1212 2096 1299 2156 certe,
1316 2090 1454 2162 quoniam
1470 2090 1764 2161 incomprehensibile
1779 2097 1807 2147 ot

56 2185 182 2233 attamen
200 2178 352 2248 Apostolus
370 2178 412 2232 rel
425 2176 495 2232 iliud
513 2177 681 2242 manumve!
697 2177 775 2230 illam
790 2192 905 2246 aquam,
959 2178 1174 2234 inaestimabilet
1192 2179 1325 2233 Nondum
1347 2179 1494 2234 hominem
1511 2186 1714 2250 assumpserat,
1732 2197 1805 2236 non·

57 2267 237 2338 spiritualem
251 2281 345 2320 escam
369 2265 608 2335 spiritualemque
636 2271 737 2334 putum
768 2264 903 2336 appellat.
959 2268 1027 2323 dum
1044 2283 1096 2337 pro
1114 2267 1204 2321 salute
1226 2268 1326 2322 mandi
1355 2274 1478 2323 mortem
1500 2269 1711 2339 degustaverat,
1738 2286 1806 2325 uon·

58 2353 201 2411 Curhoc?
215 2355 357 2419 Quoniam
372 2354 465 2408 inerat
488 2352 631 2424 corporeis
657 2353 713 2407 iliis
741 2352 907 2406 substantiis
960 2354 1027 2408 dum
1044 2354 1183 2424 sanguino
1197 2371 1312 2408 suanos
1331 2355 1502 2423 redemerat,
1519 2358 1617 2428 etjam
1643 2358 1733 2413 nostri
1758 2376 1808 2430 pa·

57 2446 218 2516 spiritualis
232 2444 316 2499 Verbi
332 2448 467 2514 potestas,
483 2459 548 2513 quae
564 2446 673 2497 mentes
698 2441 793 2511 potius
819 2456 906 2512 quam
960 2442 1185 2496 tresindeserto
1205 2458 1361 2513 perescam
1384 2444 1563 2514 spiritualem
1590 2451 1748 2518 potumque
1763 2448 1806 2500 in·

57 2550 174 2606 corpora
206 2532 386 2587 credentiam
414 2536 542 2602 pasceret
570 2535 656 2602 atque
687 2535 800 2601 potaret
823 2529 907 2601 (Vide
959 2530 1525 2600 risibilemejuscorpusmunducabant
1550 2536 1660 2603 atejus
1684 2536 1805 2604 sangui·

58 2623 197 2692 mmm).
217 2622 250 2676 tn
275 2637 340 2675 curu
366 2620 501 2674 cibusrol
532 2625 615 2690 potos
646 2620 694 2673 ilie
722 2618 811 2672 futuri
846 2635 905 2670 eor·
960 2618 1492 2674 nemhihchant:reiuttastisexstat
1515 2623 1808 2691 Apostolusclamans

59 2710 133 2780 poris
148 2708 256 2764 Christi
273 2707 479 2780 sanguinisque
495 2709 674 2780 mysterium,
690 2708 765 2778 qarod
782 2707 908 2761 celebrat
960 2709 1089 2762 eamdem
1116 2723 1208 2762 escam
1237 2707 1418 2777 spiritualem
1443 2709 1641 2777 manducasse,
1671 2713 1804 2767 eumdem

60 2799 191 2866 Ecclesia,
226 2802 470 2868 praemonstraret,
509 2797 640 2851 eamdem
683 2800 779 2850 tamen
814 2811 906 2850 escam
960 2802 1060 2867 potum
1078 2795 1254 2867 spiritualem
1267 2795 1371 2851 bibisse
1387 2802 1482 2866 patres
1498 2805 1618 2853 nostros.
1638 2801 1700 2855 h'on
1721 2800 1806 2856 isthic

60 2886 236 2956 spiritualem
253 2886 449 2952 manducasse,
466 2884 599 2939 eumdem
614 2889 712 2956 potum
727 2884 907 2955 spiritualem
960 2885 1033 2939 ratio
1049 2901 1105 2955 qua
1121 2885 1184 2939 lieri
1199 2887 1334 2955 potuerit,
1351 2885 1551 2956 disquirenda;
1569 2889 1617 2943 sed
1644 2889 1715 2943 fides
1731 2891 1806 2961 quod

60 2976 159 3030 iniusso
177 2973 815 3044 patresnostrossauctusPaalrrsassererat.
921 2974 1065 3059 Cinctum
1086 2975 1131 3038 sit,
1160 2973 1438 3044 adhibendailpse
1467 2977 1655 3048 namquequi
1684 2994 1760 3032 nunc
1779 2978 1806 3031 in

87 3065 182 3120 hilii.
198 3062 310 3128 Quaeris
332 3062 452 3116 fortasse
475 3077 561 3133 quam
587 3061 741 3116 eamdem?
765 3061 906 3115 Nimirum
961 3061 1085 3115 Ecclesia
1101 3061 1293 3130 omnipotenti
1308 3061 1414 3115 virtute
1429 3078 1534 3131 panem
1552 3069 1582 3118 et
1600 3064 1698 3118 vinam
1718 3066 1807 3119 insui

86 3221 170 3286 ¹Quo
184 3234 240 3274 nou
262 3219 348 3273 sotum
368 3219 572 3283 redimeremur,
604 3232 696 3271 uerum
722 3220 804 3272 etiam
824 3222 904 3287 poter·
960 3216 1080 3282 confert,
1090 3214 1219 3282 quamvis
1234 3213 1366 3284 primast
1377 3215 1524 3287 antiquior
1535 3216 1707 3288 essetsrgura
1716 3234 1809 3272 recen·

60 3306 152 3347 rauur.
166 3290 241 3344 Cum
254 3290 331 3343 idem
352 3290 399 3355 sit,
417 3289 497 3344 ouini
523 3291 618 3342 auioto
638 3288 812 3353 discrimine,
840 3304 904 3341 san·
958 3287 1040 3341 tiaris
1054 3285 1191 3356 atiniago
1206 3302 1254 3339 scu
1271 3285 1323 3340 suh
1337 3292 1482 3356 aspectum
1494 3287 1633 3356 subjectio
1648 3294 1676 3343 at
1701 3289 1809 3359 efligies

60 3362 115 3431 guis
130 3361 239 3417 Christi
253 3376 310 3430 quo
327 3367 461 3431 potamur
487 3364 515 3413 et
539 3357 717 3426 redimimur,
746 3359 806 3413 liae
823 3374 903 3411 assu·
960 3372 1100 3428 expressa.
1119 3358 1189 3410 Cum
1202 3355 1341 3426 igiturait
1354 3357 1613 3412 ilatramnusnum.
1632 3361 1665 3414 23
1678 3365 1809 3415 eamdem

61 3447 131 3485 mere
155 3446 275 3486 necesse
300 3438 342 3485 est
357 3430 393 3485 ad
419 3428 646 3484 concludendum
671 3430 747 3500 quod
772 3445 835 3482 curn
852 3429 905 3483 Ra·
960 3445 1020 3483 esse
1035 3444 1150 3482 carnem
1166 3443 1253 3498 quam
1270 3428 1394 3497 populus
1409 3429 1587 3482 credentium
1599 3430 1658 3484 edit
1672 3430 1700 3484 in
1712 3431 1809 3485 Eccle-

60 3508 185 3556 tramuus
199 3500 329 3555 docuerit
346 3507 374 3554 et
386 3499 720 3570 credideritsanguiuem
736 3516 788 3570 pro
808 3501 904 3554 homi·
959 3501 1009 3564 sia,
1026 3505 1054 3552 et
1069 3505 1168 3569 potum
1184 3514 1270 3567 quem
1286 3498 1366 3565 bibit,
1384 3514 1441 3553 non
1455 3500 1591 3570 intelligit
1605 3516 1657 3554 nec
1676 3501 1715 3555 ait
1730 3518 1808 3556 eam·

61 3573 137 3626 ribus
168 3571 292 3627 effusum
322 3587 380 3625 non
409 3587 469 3625 esse
497 3570 636 3625 duntaxat
664 3569 829 3640 figuratum,
856 3571 904 3624 sed
959 3571 1025 3625 dem
1040 3585 1100 3623 esse
1117 3582 1230 3622 earnem
1246 3574 1275 3623 et
1289 3575 1388 3640 potum
1404 3569 1586 3624 individuum
1602 3577 1631 3625 et
1643 3572 1809 3640 specificam

63 3658 155 3697 rerum
172 3649 202 3698 et
216 3642 332 3711 proprie
348 3641 455 3696 dictum
470 3643 638 3711 sanguinem
652 3641 755 3695 Christi
771 3642 904 3696 eductum
959 3639 1040 3694 omni
1054 3640 1166 3693 delectu
1183 3644 1230 3692 aut
1244 3637 1410 3693 discrimine
1424 3647 1547 3707 remoto,
1563 3641 1612 3695 sed
1625 3644 1810 3698 solummodo

64 3717 150 3768 csinu
167 3713 260 3767 beatae
275 3711 400 3782 Virginis
412 3717 440 3766 et
454 3710 618 3766 effluentem
635 3727 666 3764 ex
682 3711 761 3766 renis
775 3712 904 3782 eorporis
959 3710 1089 3764 eamdem
1101 3724 1214 3763 carnem
1231 3725 1328 3779 reapse
1338 3711 1504 3763 manducari
1519 3715 1548 3764 et
1561 3711 1692 3766 eumdem
1708 3719 1809 3782 putum

64 3785 131 3838 cruci
147 3783 238 3844 aflixi,
256 3798 371 3837 neeesse
386 3789 429 3837 est
445 3782 668 3837 liuclraristicum
689 3799 745 3852 quo
769 3787 905 3853 potamur
959 3780 1108 3866 propinari
1123 3779 1219 3843 hodie,
1236 3795 1359 3848 quorum
1376 3780 1472 3849 imago
1487 3781 1660 3835 fueratoiim
1677 3798 1811 3853 expressa

64 3853 252 3909 inisseasiuu
271 3853 361 3908 beatae
383 3853 508 3925 Virginis
531 3853 664 3907 eductum
684 3860 742 3906 ete
769 3853 904 3907 crucifixo
959 3858 988 3906 et
1006 3852 1138 3921 figurata,
1157 3854 1185 3902 et
1208 3850 1451 3919 queamdmodum
1471 3850 1531 3904 aaa
1560 3853 1683 3920 figurata
1698 3869 1764 3906 caro
1779 3859 1808 3907 et

10 3966 12 3981 .
66 3923 328 3995 corporeeffusum,
354 3926 436 3994 cujus
457 3939 523 3978 cum
549 3923 729 3994 plenitudine
756 3923 790 3978 ad
819 3924 904 3977 coelos
959 3919 1812 3993 sanguisliguratus,habehautrirtuteminterioreminfu-

69 4000 209 4067 postquam
226 3996 328 4049 revixit
351 3994 488 4060 ascendit,
518 3998 546 4047 et
574 3993 608 4048 ad
642 3993 787 4048 dexteram
813 3994 905 4048 Patris
958 3992 1222 4062 sionisgrutiaeseu
1239 3990 1418 4045 conterendae
1445 3989 1611 4045 hominibus
1639 3994 1809 4059 sanctitatis,

69 4066 138 4128 sedit,
152 4071 184 4120 ut
198 4065 276 4121 idem
293 4065 388 4137 iuquit
401 4066 573 4127 ilatramuus
587 4080 666 4118 urim.
684 4067 727 4118 30.
959 4064 1060 4118 eadem
1075 4078 1140 4116 caro
1155 4077 1220 4114 vera
1236 4062 1410 4131 sanguisque
1425 4077 1510 4115 verus
1539 4062 1597 4116 rim
1623 4068 1652 4116 et
1674 4063 1809 4118 virtutum

93 4138 183 4206 iipse,
200 4152 330 4205 numque,
346 4142 399 4191 etc.
417 4136 494 4190 hdeo
510 4135 649 4189 iumenta
663 4134 798 4189 terrendam
813 4134 904 4188 hahe-
959 4133 1046 4188 habet
1060 4132 1239 4187 conferendae
1254 4132 1317 4184 ritae
1341 4138 1370 4185 et
1384 4131 1619 4188 immortalitatis.
1636 4134 1716 4188 Hunc
1750 4151 1812 4189 essa

70 4203 107 4259 hat
120 4206 467 4262 transsubstantiationem
486 4205 668 4268 Ratramnus,
695 4222 780 4276 quarn
809 4205 904 4259 flecte-
959 4220 1057 4258 verum
1073 4219 1187 4256 sensum
1204 4203 1415 4256 concinnatoris
1438 4203 1585 4258 ilatramni
1612 4221 1645 4258 ex
1661 4221 1772 4276 concep
1792 4208 1813 4261 ti

72 4277 256 4332 siacatholiea
271 4277 407 4346 defendit,
424 4281 456 4331 ut
477 4276 586 4357 liquido
609 4275 749 4344 subjicere
774 4276 942 4355 rideatur„
962 4273 1055 4328 uerbis
1071 4289 1153 4327 aum.
1173 4274 1208 4326 22
1232 4272 1441 4340 intelligimus:
1463 4276 1498 4328 Et
1512 4289 1571 4328 eum
1593 4275 1679 4340 cibus,
1703 4278 1745 4330 uei
1758 4293 1812 4346 pc-

72 4345 160 4401 iaetam
175 4348 264 4403 fuisse
278 4352 408 4418 tempore
431 4348 531 4417 iioysrs
546 4345 576 4400 in
599 4361 704 4399 maana
730 4350 759 4401 et
779 4346 809 4400 in
830 4361 903 4416 aqua
962 4351 1005 4399 tus
1019 4345 1065 4397 ilic
1079 4343 1171 4408 futuri
1189 4346 1309 4411 corporis
1324 4345 1428 4400 Christi
1442 4347 1638 4412 saraquinisquc
1651 4352 1812 4414 mysterium

74 4431 124 4485 qua
141 4418 177 4474 de
223 4424 285 4473 etra
315 4420 395 4487 virga
420 4433 554 4487 percussa
582 4415 746 4480 athenarum
777 4416 905 4486 adeoque
960 4414 1163 4484 quodcetcbrot
1182 4414 1302 4466 Ecclesia
1322 4420 1554 4482 praemonstraret,
1571 4416 1690 4470 eumdem
1721 4422 1811 4472 tamen

74 4435 312 4543 autumabatur
329 4503 365 4542 ex
386 4489 438 4541 hac
463 4487 676 4556 comparatione
699 4487 904 4541 assumendum
960 4500 1049 4540 escam
1064 4484 1236 4554 spirituatem
1256 4483 1354 4537 bibisse
1366 4489 1459 4552 patres
1477 4490 1580 4539 uestros
1603 4491 1713 4540 soricius
1735 4490 1812 4543 Pou-

75 4557 103 4610 sit
113 4565 317 4630 argumentum
332 4557 558 4627 adprobandum
574 4558 762 4611 Retramnnm
774 4557 906 4611 abnuisse
960 4558 1002 4611 ius
1017 4559 1162 4609 assecernt.
1177 4557 1212 4608 ht
1226 4568 1291 4606 veru
1302 4568 1368 4607 cum
1381 4554 1579 4624 ratiopropter
1592 4572 1679 4626 quam
1697 4565 1812 4614 sanctus

76 4626 197 4683 doetrime
210 4629 359 4684 catholiea
374 4627 503 4683 Ecclesia
518 4628 554 4683 de
567 4627 809 4682 transmutatione
824 4626 907 4697 panis
961 4627 1067 4680 Paulus
1095 4625 1195 4678 asserit
1219 4628 1313 4692 patres
1346 4629 1460 4677 nostros
1488 4625 1645 4680 comedisse
1680 4629 1811 4684 eamdem

75 4695 210 4771 iucorpus
221 4699 431 4768 Christizipsa
446 4698 622 4770 comparatio
648 4698 752 4769 probat
774 4713 788 4751 e
808 4703 907 4750 contra
960 4700 1122 4751 caruemet
1139 4693 1242 4773 bibisse
1269 4693 1402 4774 eumdem
1427 4699 1528 4764 potum
1556 4712 1591 4749 ex
1617 4714 1650 4750 eo
1679 4706 1811 4771 erumpat

76 4769 279 4825 adsumentem
303 4774 470 4840 occupatam
493 4769 627 4823 lrabuisse
655 4768 788 4822 suasione
822 4768 908 4837 hujus
962 4766 1037 4838 quod
1054 4770 1222 4835 mysterium
1238 4779 1365 4834 corporis
1380 4770 1409 4817 et
1430 4765 1581 4834 sauguinis
1604 4767 1706 4822 Christi
1723 4770 1813 4825 futuri

76 4840 400 4908 transsubstantiationis,
441 4844 474 4894 ut
501 4840 584 4894 alteri
612 4838 736 4894 libenter
769 4841 909 4891 uurrueret
963 4837 993 4890 ia
1007 4837 1133 4905 imagine
1148 4850 1263 4889 manure
1280 4850 1445 4906 expressum
1461 4835 1565 4901 fuerat,
1582 4843 1610 4891 ct
1625 4854 1706 4908 aquae
1721 4848 1811 4911 petrae

75 4907 151 4977 ipsius
165 4926 283 4966 manuoe
299 4910 329 4963 iu
346 4911 502 4980 ipsummet
527 4925 631 4978 corpus
647 4907 750 4964 Christi
780 4909 908 4962 nondum
962 4908 1079 4971 deserti,
1096 4906 1283 4976 consequitur
1297 4905 1421 4960 dilucide
1435 4905 1512 4960 hunc
1523 4914 1670 4962 auctorem
1685 4926 1735 4964 seu
1748 4927 1814 4964 eou-

74 4981 130 5036 nati.
145 4981 200 5037 Sed
213 4996 281 5035 cum
295 4981 438 5050 ejusmodi
452 4981 603 5034 sententiaa
623 4995 714 5048 genus
740 4994 801 5032 esse
827 4979 909 5032 ratde
963 4979 1142 5033 cinnatorom
1157 4975 1212 5029 sibi
1227 4977 1345 5030 suadere
1364 4993 1421 5030 non
1440 4977 1566 5047 potuisse
1588 4978 1640 5031 huc
1664 4995 1771 5034 manna
1786 4988 1815 5036 et

73 5049 205 5122 singulare
220 5051 396 5113 etinsoleus,
411 5049 812 5121 quamvishicdilucidissime
826 5066 910 5119 erpo·
963 5065 1068 5119 aquam
1098 5047 1185 5100 inisse
1211 5046 1394 5101 individuum
1419 5052 1448 5100 et
1471 5047 1634 5116 specificam
1650 5065 1764 5119 corpas,
1784 5059 1812 5105 et

73 5122 156 5189 situm,
174 5121 598 5176 nostrumauctoreminhanc
622 5120 793 5173 sententiam
823 5120 910 5173 inisse
964 5120 1134 5188 sanguinem
1155 5131 1241 5185 qrrem
1266 5117 1296 5170 in
1324 5133 1397 5170 navo
1426 5118 1531 5172 foedere
1560 5119 1733 5186 percipimus
1763 5138 1815 5178 uec

73 5194 230 5264 neritiqaam
249 5189 528 5247 rideturcredibiie:
560 5191 909 5260 nippeeumcertumsit,
965 5190 1174 5243 eurndeniasse
1200 5187 1360 5256 simplicem
1385 5188 1508 5257 tigrinum
1529 5193 1557 5241 et
1585 5189 1741 5258 imaginem
1764 5210 1815 5248 ex-

74 5262 534 5328 omuidubioremoto,uemiuem
572 5259 910 5330 ominumsibianquam
965 5275 1092 5331 pressam
1107 5272 1226 5311 vacuam
1242 5272 1275 5310 aa
1298 5274 1329 5311 re
1356 5275 1440 5330 quam
1471 5257 1579 5311 inducit
1607 5265 1635 5313 et
1668 5263 1812 5332 exprimit.

74 5334 237 5398 persuasisse
258 5349 290 5386 ac
318 5331 481 5387 defendisse
509 5331 839 5386 transsubstantiationem
862 5347 910 5383 seu
965 5328 1141 5385 Secuseuim
1163 5343 1267 5382 manna
1294 5328 1397 5383 inisset
1423 5331 1516 5393 ligura
1545 5328 1645 5398 liguria
1666 5337 1694 5386 et
1717 5332 1816 5406 imago

75 5404 428 5458 reramcommutationem
445 5400 912 5470 mauneederueloiuseaetaquee
967 5400 1112 5471 imaginis,
1125 5400 1200 5471 quod
1216 5404 1291 5454 recte
1307 5399 1414 5453 rationi
1434 5400 1613 5453 intolerabile
1641 5418 1756 5475 semper
1770 5407 1815 5461 ri-

77 5471 105 5525 de
117 5479 195 5543 petra
211 5474 329 5527 fluentis
344 5474 373 5528 in
388 5471 616 5543 corpusChristi.
633 5471 687 5526 Sed
702 5476 799 5524 noster
813 5477 914 5525 auctor
967 5487 1030 5525 sum
1058 5477 1110 5531 est,
1140 5476 1169 5525 at
1192 5487 1207 5524 1
1231 5485 1316 5524 seusu
1344 5469 1502 5536 Ratrumui,
1528 5471 1551 5524 si
1565 5474 1669 5527 mentis
1696 5491 1816 5546 compos

77 5543 217 5599 mirificam
232 5544 422 5599 mutationem
432 5545 462 5598 in
473 5543 591 5599 alteram
603 5541 784 5596 mirabilitate
797 5541 912 5611 plenam
968 5541 1063 5617 inerit,
1083 5556 1197 5610 semper
1210 5541 1335 5595 alienum
1353 5539 1478 5609 :quippo
1491 5541 1517 5594 ai
1533 5541 1628 5597 dicere
1643 5546 1710 5599 satis
1729 5547 1816 5602 inisse

229 5639 376 5701 Parnoi..
400 5638 513 5701 CXXI.
1639 5644 1658 5699 5
