3930 6098
594 97 852 157 wauuatuuuat
872 98 1084 159 ruuntuuuts
1102 100 1257 160 uouacru

191 232 315 293 Praesula
347 233 467 304 quartus
499 233 586 296 ovat,
616 227 698 285 serbi
723 231 754 283 et
786 228 941 288 doctores

784 317 899 388 [Leone

228 412 265 467 Bt
276 409 376 478 cipitia
385 409 568 478 apostotorum
585 407 662 462 Petri
676 410 701 461 et
714 407 804 461 Pauli.

157 502 174 553 ⁹
193 496 306 555 Tertius
320 503 450 552 auratam
465 493 590 551 sustollit
603 494 638 549 ad
648 494 756 548 aethera
767 495 899 561 Romam,

193 584 329 658 ttartyrlo
343 584 452 655 pariter
467 583 544 639 Petri
560 584 698 654 Paulique
715 582 810 650 beato,

145 676 179 732 30
198 673 382 731 Lemovicum
398 672 490 744 pridie
501 671 626 727 ‘colitur
639 671 774 727 Martialis
789 672 900 726 honora

157 757 164 765 ’
192 761 294 820 lunius
308 761 353 818 his
377 761 486 816 celsum
501 761 580 815 festis
595 760 770 815 determinat
788 759 898 814 orbem.

226 851 260 907 ra
295 850 404 917 Africa,
441 852 534 905 natale
560 853 724 920 ‘sanctornm
756 849 898 914 Timothei,

266 940 364 995 Zotici.

412 1078 540 1135 Julius.

193 1221 285 1279 lulius
303 1222 371 1277 hinc
395 1222 475 1277 ilaris
489 1223 625 1277 humeros
639 1221 788 1276 redimitus
803 1222 899 1279 aristis

192 1310 270 1376 Quos
285 1312 414 1382 supplex,
433 1311 489 1365 aris
511 1325 717 1382 veneransque,
742 1311 817 1365 colat
835 1328 898 1367 me-

730 1399 897 1471 [moremus.

94 1502 113 1544 ts
134 1491 144 1544 l
186 1486 300 1544 Primus
313 1488 363 1559 qui
379 1488 482 1543 veteris
495 1487 594 1560 populi
610 1487 739 1559 legisque
768 1488 900 1544 sacerdos

192 1585 305 1641 Exstitit
318 1587 429 1641 incensi
452 1586 621 1656 primusque
643 1585 736 1640 litavit
759 1586 794 1641 ad
809 1602 900 1653 mam,

192 1677 287 1730 Aaron
302 1674 414 1731 orditur
425 1675 492 1730 tulii
508 1680 657 1748 sacratque
674 1675 824 1731 ltalendas.

193 1764 248 1819 llas
277 1780 394 1836 quoque
421 1769 604 1837 contemptor
633 1764 735 1819 mundi
763 1765 901 1820 Carllefas

743 1853 899 1924 [honorat·

192 1940 302 1997 Salvius
320 1946 349 1995 ct
375 1946 490 1996 sanctus
516 1940 674 1996 Scalditum
699 1941 797 1996 littora
826 1941 900 1998 visit.

228 2030 368 2098 Ecolisna
391 2032 512 2098 ciuitate,
542 2030 674 2100 depositio
709 2030 781 2086 beati
813 2032 900 2101 lipar-

264 2118 717 2186 ctiiconsersorisrtaanctidatli.

155 2209 343 2264 antecessus
372 2214 466 2262 sextas
505 2206 610 2261 retinet
642 2222 706 2261 cum
732 2207 900 2263 Martiniano

193 2298 298 2363 Nonas,
314 2295 445 2367 martyrii
461 2296 526 2350 leto
539 2295 696 2351 irradiante
713 2296 827 2351 decore.

228 2386 263 2440 Et
288 2387 378 2440 sancti
399 2386 495 2441 Amuli
524 2385 695 2450 causareris.
729 2386 766 2441 Et
801 2391 901 2441 sancta

263 2473 451 2541 llonepundis.

157 2563 173 2616 ³
193 2559 344 2616 Pontifices
358 2561 461 2632 quinas
473 2560 633 2626 anatolius,
657 2560 862 2634 Eulogiusqne.

227 2651 260 2706 ln
293 2649 401 2705 Edessa
439 2652 557 2713 noitote.
598 2651 744 2705 translatio
779 2653 900 2720 corporis

262 2741 352 2794 soracti
368 2741 473 2794 Tiona
486 2738 612 2808 apostoli,
628 2741 677 2810 qui
689 2753 788 2809 passas
815 2744 854 2795 ast
868 2742 898 2795 in

264 2826 357 2884 India.

159 2915 176 2970 l
196 2915 345 2984 Lauriana,
360 2922 440 2971 tenes
452 2916 622 2971 meritorum
634 2915 752 2972 nomine
763 2921 878 2987 quartas
891 2933 898 2972 ε

194 3004 319 3076 Ossaque
334 3003 446 3059 ltartini
462 3004 574 3060 tumulo
598 3008 710 3059 mutata
737 3008 898 3060 venustant.

156 3095 172 3146 5
194 3092 335 3147 Domitius
352 3097 449 3147 ternas
467 3092 553 3158 dicat,
578 3099 608 3147 at
626 3092 784 3147 clarissima
799 3095 862 3148 Zoe.

193 3181 277 3236 Auxit
303 3181 440 3251 martyrio
464 3187 570 3236 emtum
601 3197 666 3252 quse
687 3181 761 3249 jurae
782 3182 900 3237 beatam

227 3269 264 3323 In
279 3270 376 3326 Stellio
393 3270 557 3337 apollonis.
576 3271 611 3325 lit
635 3272 664 3325 in
683 3271 763 3325 Tanis
779 3272 899 3338 ciuitate,

264 3357 357 3411 natale
380 3357 537 3412 Secundini.
566 3359 601 3413 lit
635 3357 720 3412 Isaiae
751 3358 898 3428 propiata,

261 3450 287 3500 et
303 3445 458 3515 Tripionis.

157 3537 173 3588 a
193 3533 321 3589 Eximius
335 3540 432 3588 vatum
447 3534 539 3604 pridie
554 3533 725 3589 delectasio
742 3534 812 3590 orbe

191 3621 324 3693 ltartyrio
338 3622 437 3690 isaias,
453 3622 568 3689 virtute,
583 3627 669 3694 atque
690 3638 740 3676 ora
759 3627 897 3678 coruscat.

192 3710 390 3783 Tranquilline
405 3710 492 3768 simul
506 3711 614 3781 duplici
633 3711 785 3783 splendore
809 3712 900 3767 relut-

828 3800 898 3870 [8⁰⁵2

191 3887 362 3943 Sanctorum
386 3887 509 3959 genitor,
531 3892 645 3942 sanctos
664 3887 824 3943 comitateh
845 3903 900 3960 pe-

742 3976 898 4047 [remptosz

193 4064 323 4134 Tumque
359 4064 435 4118 Goar
460 4061 565 4116 Christi
589 4062 692 4118 colitur
716 4062 900 4135 famulosque

1134 233 1167 287 ln
1199 232 1295 289 Sicilia
1326 234 1465 290 ianuam.
1494 235 1527 290 ta
1550 236 1667 292 antsa
1691 238 1805 291 loannis

1167 325 1192 375 et
1206 322 1328 377 Primuli.

954 407 1016 462 nos
1053 409 1079 463 9.
1100 409 1198 464 Audax
1222 416 1341 483 septeno
1356 411 1522 483 pariterque
1543 414 1676 468 anatona
1690 413 1802 470 claret:

1097 497 1153 552 Nec
1167 498 1263 553 minus
1280 506 1309 555 et
1322 505 1503 572 contemptor
1523 516 1612 573 opum
1635 518 1715 557 sacer
1731 503 1804 557 emi·

1610 589 1671 662 [net
1684 591 1802 646 Ettrem.

1131 695 1163 748 ln
1184 696 1266 750 Tenis
1288 695 1408 760 ciuitate,
1432 697 1524 750 notate
1541 701 1697 752 sanctorum
1720 699 1805 753 Vitulr‘

1166 787 1192 838 et
1217 783 1345 837 Fraterni
1367 785 1495 853 episcopi.
1529 784 1660 840 Theodosi
1685 787 1805 856 episcopi

1166 876 1192 927 et
1208 871 1346 927 Generosi.

1045 979 1077 1032 l0
1096 976 1337 1050 Sextofgermana
1361 978 1473 1034 Christo
1492 994 1545 1050 pro
1565 984 1641 1034 sorte
1664 996 1801 1036 coronam

1095 1067 1249 1138 Progenies
1271 1073 1388 1138 septena
1410 1067 1494 1134 dicat,
1513 1068 1644 1123 Felicitas
1657 1069 1734 1124 alma

1096 1155 1187 1219 Quam
1207 1156 1318 1226 genuit,
1342 1160 1511 1228 gratamque
1538 1157 1594 1211 lieo
1609 1158 1753 1228 praemisit
1769 1160 1802 1213 ad

1702 1247 1801 1318 [aram.

1129 1343 1228 1403 Roma,
1245 1342 1376 1398 Priscilla
1395 1348 1420 1397 et
1439 1343 1532 1397 natale
1549 1347 1650 1412 septem
1670 1346 1802 1411 fratrum.

1166 1432 1202 1485 Et
1215 1435 1315 1486 sancta
1329 1433 1453 1488 Petrossa.

1047 1530 1075 1581 lt
1098 1525 1231 1598 Hartyrio
1252 1528 1386 1600 quintum
1413 1529 1504 1584 sancit
1526 1529 1689 1594 laurencius,
1719 1536 1804 1602 atque

1098 1615 1248 1673 Consimili
1263 1617 1379 1674 decorat
1388 1617 1501 1690 Pelagia
1516 1623 1613 1674 sancta
1626 1619 1733 1674 nitore.

1096 1705 1169 1761 Tum
1198 1706 1396 1762 Beneventatis
1420 1708 1558 1763 translata
1594 1708 1632 1780 [a]
1657 1709 1805 1764 montibus

1096 1883 1175 1937 iusta
1195 1881 1312 1937 Patrls⁰
1333 1882 1484 1951 Benedicti,
1514 1899 1590 1938 nunc
1617 1883 1703 1951 Liger
1726 1796 1806 1937 iffi

1657 1971 1803 2043 [honorat.

1132 2081 1168 2134 Et
1194 2080 1284 2133 sancti
1308 2078 1419 2148 Arnutlt
1444 2079 1616 2146 confessoris,
1643 2083 1670 2134 at
1694 2079 1805 2134 Rustici

1166 2166 1329 2238 presbyteri,
1341 2171 1367 2221 et
1378 2169 1468 2222 sancti
1478 2167 1584 2223 Soatra.

1044 2263 1077 2317 12
1096 2261 1301 2335 Hermagoram
1328 2269 1431 2335 quarto
1452 2264 1573 2335 supplex
1588 2263 1723 2336 Aquileia
1748 2265 1803 2320 ire·

1660 2353 1802 2425 [quentst,

1093 2438 1219 2496 antistes
1235 2439 1369 2510 precibus
1384 2440 1525 2511 populum
1543 2440 1593 2512 qui
1608 2439 1691 2496 lutcit
1705 2447 1734 2496 et
1755 2458 1801 2497 ur-

1716 2531 1801 2602 [bem.

1130 2620 1165 2674 m
1187 2619 1279 2673 natale
1304 2622 1459 2673 sancmrurn
1478 2620 1635 2687 inamati,
1663 2623 1691 2674 et
1709 2623 1804 2676 Armi-

1164 2709 1233 2776 peri,
1249 2712 1274 2762 et
1288 2709 1378 2762 sancti
1389 2709 1478 2776 patris
1493 2709 1613 2763 Arrenii.

1044 2798 1076 2852 13
1095 2796 1207 2850 Tertius
1219 2795 1354 2867 AEgytum
1369 2800 1524 2867 praesentat
1539 2796 1691 2867 serapioni
1706 2813 1714 2852 :

1094 2884 1205 2939 Atialns
1221 2891 1249 2938 et
1271 2890 1380 2954 martyr
1400 2884 1508 2940 coelesti
1529 2885 1599 2939 llere
1610 2885 1727 2940 virescit
1742 2887 1766 2940 d.

1132 2975 1168 3028 In
1194 2973 1369 3028 Alexandria
1383 2973 1550 3044 Serapionis,
1576 2975 1731 3042 Evangelii,
1756 2977 1800 3029 Ze-

1167 3065 1255 3118 nonis.
1288 3063 1432 3132 trophinae
1469 3064 1595 3132 uirginis.
1630 3066 1667 3119 Et
1705 3069 1802 3119 sancte

1165 3150 1298 3206 Procedis
1312 3153 1440 3220 uirginis.

1045 3240 1077 3294 14
1095 3239 1226 3294 Antiates
1239 3239 1331 3312 pridie
1352 3245 1382 3294 et
1400 3243 1509 3310 martyr
1529 3237 1602 3310 petit
1619 3238 1728 3295 rathere
1751 3241 1799 3294 Fo-

1734 3329 1797 3400 [aas.

1129 3417 1263 3487 lugduno
1277 3417 1338 3484 Gal,
1361 3417 1454 3472 numia
1475 3418 1548 3472 lusti
1570 3419 1701 3487 episcopi.
1726 3420 1797 3472 San·

1165 3514 1213 3561 cta
1252 3507 1348 3562 narra
1391 3505 1569 3573 dtugdatena.
1617 3507 1660 3562 Et
1704 3513 1796 3562 saneta

1167 3594 1537 3664 Symphorosaecumseptem
1546 3593 1623 3662 llliis.

1044 3685 1075 3738 15
1095 3682 1193 3737 idibus
1212 3682 1351 3754 effulgent
1367 3681 1515 3748 dasianus,
1530 3680 1736 3755 cyriciusque:

1095 3770 1260 3825 Etlacobus
1274 3769 1385 3824 meritis
1397 3769 1558 3824 celebratur
1572 3770 1726 3842 episcopus
1740 3786 1872 3837 aar&

1727 3859 1779 3931 [plis

1130 3956 1163 4011 tn
1182 3956 1286 4012 Sirmio
1313 3956 1406 4010 natale
1425 3960 1578 4010 sanctorum
1603 3956 1755 4028 Aqrippan
1771 3971 1863 4031 ξι

1165 4043 1292 4100 Secundi.

1821 3908 1863 3937 x0

737 4151 894 4223 pacesque,
916 4115 938 4170 ὓ
1041 4137 1073 4188 la
1092 4135 1162 4189 Cum
1177 4132 1287 4187 decima
1306 4136 1467 4204 Augustum
1481 4130 1661 4203 presignans
1684 4145 1696 4172 ·
1715 4135 1858 4204 θερμῇ.

228 4238 263 4292 m
275 4242 369 4293 octaua
381 4239 564 4306 apostotorum
576 4240 651 4294 Petri
661 4242 687 4294 st
700 4239 790 4294 Paeti.

158 4333 174 4382 7
195 4330 324 4385 Panloeni
339 4330 424 4386 lionis
438 4330 569 4403 splendet
592 4331 726 4385 maritum
743 4345 798 4401 que
813 4328 898 4383 lides-

819 4416 897 4488 [que.

229 4507 260 4561 ln
288 4507 472 4575 Alexandria,
499 4506 652 4578 Apollonis.
680 4509 715 4563 lit
745 4511 841 4562 octaua
867 4506 896 4562 S.

264 4596 405 4652 Martialis
415 4597 541 4666 apostoli.

156 4688 173 4738 8
193 4683 302 4739 Octouo
327 4688 394 4739 ante
420 4685 486 4740 ldus
509 4684 645 4747 cilianus,
671 4683 897 4755 Procopiusque.

195 4773 348 4839 Excellent,
365 4772 509 4829 Christum
530 4773 635 4828 virtute
656 4777 685 4827 et
703 4787 782 4828 more
798 4772 897 4828 secuti.

1596 4219 1658 4293 [ma
1674 4233 1860 4280 mansan

1095 4308 1220 4364 Hilarine
1236 4314 1285 4365 tuo
1299 4314 1407 4380 martyr
1423 4308 1495 4364 nitet
1509 4309 1619 4380 optime
1633 4308 1718 4365 iesto.

1129 4415 1161 4470 ln
1176 4414 1307 4477 Cesarea.
1323 4416 1412 4470 sancti
1433 4415 1521 4470 Pauli.
1543 4417 1579 4470 Et
1602 4418 1695 4470 sancti
1716 4417 1863 4504 mm?

1166 4505 1254 4558 metis.
1292 4504 1327 4559 lit
1352 4503 1497 4558 translatio
1525 4505 1615 4558 sancti
1637 4506 1861 4560 insaniant·

1044 4609 1076 4661 l7
1095 4607 1272 4662 Sedecimam
1289 4607 1362 4660 votis
1378 4607 1519 4678 Carthago
1547 4611 1656 4677 spectat
1682 4607 1798 4678 opis!¹
1809 4593 1854 4646 5³

1095 4696 1219 4768 llartyrii
1245 4695 1360 4767 plebem
1384 4695 1548 4750 duodenem
1576 4694 1642 4751 laeta
1664 4693 1850 4823 ireque:

1720 4785 1777 4856 [ln
1844 4786 1845 4795 ¹

86 4940 99 4966 ²
114 4933 281 4987 Lemouicum
294 4932 394 5001 pridie.
409 4933 441 4987 ln
456 4931 555 4987 codice
568 4933 638 5003 Reg.
659 4931 699 4987 sic
721 4933 828 5005 legitur
852 4931 899 4987 hic
989 4960 999 4986 e
1016 4953 1097 5006 mm
1117 4950 1225 5004 pppis,
1255 4950 1287 5003 qn
1302 4946 1398 5003 codice
1422 4949 1505 5018 Bag..
1523 4945 1604 5001 bugga
1618 4949 1722 5016 pap-53,
1740 4943 1835 5001 me

52 5018 149 5057 verilis
165 5019 171 5056 :

83 5125 213 5176 ttarcialls
227 5125 311 5190 pridie
323 5126 486 5176 tamaricem
498 5126 634 5191 apostolus
648 5132 735 5178 ornat.

953 5022 1070 5095 quidem
1080 5020 1200 5092 judicio,
1217 5019 1312 5074 minus
1325 5023 1409 5072 recte.
1771 5078 1776 5088 ¹

984 5093 1002 5157 ,d
1020 5093 1100 5149 Flore
1116 5091 1234 5146 virescit.
1260 5090 1305 5145 Src
1331 5089 1402 5160 lteg.
1432 5088 1520 5143 codex
1541 5091 1571 5143 at
1590 5086 1704 5160 Bigot.;
1727 5089 1826 5161 μηθ’

954 5163 1054 5231 aditio,
1071 5165 1135 5231 {tore
1150 5163 1268 5217 nitescit.

88 5233 229 5288 lSanctae
262 5235 395 5289 comitate.
423 5233 467 5289 Sic
495 5234 649 5304 tegendum
677 5251 740 5290 esse
770 5235 900 5291 arbitrati
987 5243 1000 5270 ⁶
1017 5234 1172 5303 depastum
1190 5234 1373 5302 marignano.
1388 5229 1438 5285 liic
1453 5229 1536 5286 codd.
1558 5230 1631 5301 Reg.
1654 5234 1685 5284 et
1710 5224 1816 5298 uiget·

54 5316 163 5365 sumus,
176 5302 242 5358 cum
258 5303 328 5358 illud
343 5304 419 5375 qnod
435 5305 464 5358 iu
484 5304 573 5374 priori
589 5305 714 5360 editione
738 5305 897 5377 legebatur,
953 5305 1043 5358 secuti
1055 5319 1164 5369 sumus,
1178 5319 1244 5356 nam
1260 5303 1289 5356 in
1303 5301 1386 5357 editis
1401 5300 1551 5373 legebatur
1564 5301 1721 5372 Augustam
1730 5311 1809 5372 prr*

53 5375 205 5440 scrutante,
221 5374 332 5429 nullum
348 5376 484 5430 idoneum
499 5392 613 5431 sensum
628 5377 799 5432 admitteret.

953 5377 1055 5444 signat.

1897 278 1925 337 ἱ
