3930 6098
459 235 713 334 os'uruscous
733 276 760 332 s.
781 277 949 335 orasses.
967 311 1001 320 -
1017 279 1081 336 un
1103 283 1113 335 1

85 404 140 456 late
165 400 327 458 insessae
351 409 498 474 peractum
522 404 584 460 viva
613 421 679 461 voce
702 423 769 479 pro·
788 411 812 463 Α

260 562 375 618 CAPUT
388 562 432 617 ill.

85 684 198 753 midam
209 685 306 740 debilis
316 689 446 742 sanitatis
456 690 610 745 restitutus.

94 810 288 881 pauperculus
302 826 335 865 er
351 811 497 865 Gallorum
519 813 667 882 provincia
691 815 772 886 geni-

85 898 222 953 tinistrum
250 914 325 970 geno
351 915 416 954 cum
439 900 511 972 pede
536 902 655 957 llaccido
686 909 715 958 et
742 903 773 958 in

91 991 201 1058 partem
223 987 336 1043 detorto
356 994 532 1043 contractum
557 996 675 1062 atquea
697 996 773 1047 terra

85 1090 101 1129 n
115 1091 131 1129 a
146 1074 302 1129 nativitatis
318 1091 377 1129 sua
393 1076 519 1144 exordio,
538 1078 658 1149 ponderi
677 1080 772 1150 potius

85 1163 151 1219 vidie
165 1164 345 1233 deportabat,
367 1165 477 1219 duobus
499 1168 700 1222 sustentaculis
726 1168 769 1222 in-

85 1251 254 1319 ssoliultus,
275 1253 379 1308 domus
404 1253 532 1308 lidelium
560 1255 770 1326 eleemosynam

86 1356 103 1395 o
135 1341 286 1394 circumire
315 1341 434 1394 solebat.
471 1341 520 1395 llic
548 1342 645 1414 itaque
671 1344 772 1399 eodem

85 1430 180 1483 rsactis
201 1429 358 1484 Natiuitatis
383 1431 538 1486 [lominica
561 1432 718 1498 solemniis,
742 1433 773 1487 iu

85 1517 180 1572 licitur
194 1519 335 1584 Lirvspowe
355 1519 536 1585 constitutus,
555 1519 647 1574 virum
670 1536 770 1592 quem·

85 1605 195 1661 ubilem
211 1607 379 1661 sacerdolali
394 1607 468 1661 stola
483 1607 617 1662 indutum
634 1614 661 1663 et
677 1609 772 1664 vultus

1156 417 1270 473 CAPUT
1288 420 1346 476 llll.

1011 505 1102 559 Mutus
1117 506 1246 576 loquenda·
1258 509 1349 576 emoto
1365 510 1490 566 deuotus.

862 609 930 663 Post
943 609 1071 665 sanitatis
1086 611 1173 683 hujus
1188 612 1369 681 miraculum,
1385 621 1484 671 exacto
1501 615 1590 672 trium
1602 617 1674 674 heb-

827 696 1017 754 domadarum
1028 701 1132 770 spatio,
1149 705 1245 755 mutus
1264 703 1380 772 quidem
1397 703 1426 758 in
1450 704 1542 760 vicino
1566 707 1676 762 territo-

827 786 870 842 rio
885 792 968 841 uatus
981 789 1073 860 {atque
1092 788 1228 857 nutritus,
1249 806 1335 862 quem
1364 791 1446 847 mirlti
1470 799 1635 850 nostrorum
1660 813 1677 850 a

827 875 964 946 primaeva
978 881 1060 932 etate
1080 877 1233 932 locutionis
1258 878 1353 933 allicio
1373 887 1510 937 noverant
1533 899 1594 937 esse
1616 884 1673 955 pri·

826 973 934 1030 vatum,
966 964 996 1019 in
1020 964 1171 1020 [lominica
1199 965 1299 1021 itidem
1327 966 1373 1022 die
1408 968 1437 1022 in
1466 972 1674 1027 monasterium

826 1065 988 1120 aggressus,
1002 1052 1037 1106 ed
1056 1068 1160 1124 corpus
1184 1053 1211 1109 S.
1228 1054 1358 1111 Othnrari
1378 1057 1506 1124 accessit,
1535 1065 1564 1113 et
1583 1061 1674 1131 quod·

827 1139 892 1193 dam
908 1139 960 1193 lini
973 1140 1120 1210 globulum
1137 1141 1192 1212 piae
1206 1142 1366 1198 devotionis
1388 1145 1495 1200 intuitu
1517 1147 1579 1216 ejus
1602 1163 1675 1202 ureae

825 1228 1018 1298 superposuit.
1035 1228 1191 1293 Ouolecto,
1217 1230 1368 1285 subitaneo
1398 1233 1522 1304 quodam
1548 1234 1676 1306 impulsu

827 1330 892 1369 cum
918 1315 1022 1371 exstasi
1045 1317 1151 1372 mentis
1175 1323 1338 1373 terratenus
1367 1319 1505 1392 dejectus,
1530 1323 1675 1379 dissolutis

826 1403 933 1474 lingum
946 1405 1109 1460 retinaculis
1125 1406 1273 1478 sanguinis
1288 1409 1400 1480 copiam
1420 1426 1452 1464 er
1468 1427 1517 1464 ore
1535 1412 1672 1483 proludit.

827 1492 917 1557 Quem
934 1493 992 1547 suis
1007 1494 1069 1565 ipse
1086 1495 1265 1551 manibusue
1284 1496 1314 1551 iu
1336 1497 1460 1553 basilica
1476 1500 1673 1569 pavimentum

825 1581 939 1636 caderet
961 1583 1126 1653 suscipiens,
1153 1584 1288 1640 continuo
1314 1590 1393 1641 extra
1415 1587 1563 1643 ecclesiam
1586 1590 1676 1660 proje

87 1692 257 1764 pfaeepamm
271 1693 325 1748 sibi
338 1694 366 1747 in
385 1694 493 1748 somni,
509 1695 651 1763 mistero,
669 1696 771 1767 hisque
792 1669 872 1745 Bait.
884 1669 986 1742 Sicque
1002 1671 1113 1741 ingenti
1127 1673 1281 1728 formidine
1295 1678 1381 1745 atque
1397 1678 1506 1730 terrore
1529 1692 1672 1746 pervasus,

95 1780 177 1837 alfari
194 1783 338 1836 asseruit:
362 1783 391 1838 Si
414 1799 518 1850 meam,
545 1800 562 1837 o
585 1786 770 1855 paupercule,

85 1885 102 1924 n
117 1869 218 1937 adires,
235 1870 370 1924 baculum
385 1871 437 1926 tibi
453 1871 601 1935 donarem,
622 1875 704 1944 cujus
724 1873 771 1928 ad·

85 1963 261 2027 ‚visuntatun
278 1975 329 2028 per
348 1960 447 2030 inepta
467 1960 580 2015 viarum
603 1961 770 2016 discrimina

85 2046 168 2102 edere
188 2049 368 2118 praevaleres.
394 2047 445 2104 Cui
459 2047 532 2103 ille:
560 2050 691 2116 bomine,
717 2051 767 2115 ait,

85 2142 193 2190 atnam
210 2137 315 2197 nescio,
331 2141 360 2191 et
380 2137 408 2190 iu
425 2136 529 2208 quibus
550 2154 614 2192 eam
640 2138 768 2208 partibus

85 2221 183 2279 abeam
198 2224 313 2295 penitus
327 2223 438 2294 ignoro.
454 2225 516 2295 lpse
531 2241 598 2279 vero
615 2240 621 2279 :
639 2225 678 2279 hd
700 2241 767 2280 eum

85 2312 145 2383 luit,
167 2311 262 2383 stagni
279 2312 363 2381 hujus
384 2312 577 2378 transfretare,
599 2313 713 2385 illisque
737 2314 766 2369 in

85 2415 122 2456 er
136 2400 493 2470 eaminvestigarecurato,
511 2417 563 2470 pro
577 2408 654 2455 certo
663 2401 765 2469 sciens,

85 2488 199 2556 veneris,
215 2488 291 2560 quod
307 2504 359 2559 pro
371 2487 466 2543 baculi
482 2488 646 2557 receptione
661 2490 765 2557 gaude-

93 2575 204 2632 lacilius
224 2592 289 2631 earn
308 2576 438 2630 invenire
455 2577 562 2644 valeas,
584 2580 697 2631 noveris
719 2593 764 2632 me

85 2665 202 2720 alterius
231 2664 323 2719 adhuc
344 2665 470 2736 positum
494 2681 565 2731 esse,
588 2680 620 2718 ac
639 2665 764 2736 propriae

88 2751 284 2808 babitaculum
309 2752 438 2808 nondum
454 2752 569 2808 habere.
590 2755 644 2808 iluc
656 2755 763 2809 visione

85 2863 87 2891 ι
100 2846 273 2906 commotus,
287 2844 465 2911 transgresso
480 2840 544 2896 lacu
560 2842 596 2896 ad
612 2843 762 2913 cujusdam

86 2928 205 2983 domum
221 2929 343 3000 quodam
359 2929 405 2984 die
420 2946 483 2984 sero
498 2929 636 3002 pervenit,
649 2931 762 2986 eadem-

85 3017 211 3087 prredlcti
225 3017 341 3071 habitus
368 3018 461 3071 virum
486 3018 589 3073 iterato
611 3019 665 3072 sibi
689 3020 762 3073 assi-

85 3111 157 3161 tcur
168 3106 269 3161 tandiu
284 3106 314 3161 in
329 3106 469 3161 veniendo
488 3107 614 3162 tardaret
637 3108 762 3162 interro·

85 3194 168 3266 pexit.
181 3195 224 3250 Ad
238 3196 320 3265 cujus
334 3194 592 3265 interrogationem
608 3212 673 3250 cum
685 3196 762 3251 idem

86 3283 214 3354 ejusdem
232 3283 287 3338 loci
303 3284 498 3350 ignorantiam
518 3300 635 3356 suaque
659 3285 762 3339 debili·

90 3372 174 3426 moda
189 3379 272 3425 antes
284 3389 313 3425 se
329 3389 387 3426 non
410 3372 538 3443 potuisse
564 3372 661 3427 venire
690 3376 760 3428 iate·

108 3460 210 3531 pedem
239 3461 301 3532 ejus
326 3460 382 3514 nisi
406 3461 540 3516 celeriter
563 3461 598 3515 ad
626 3462 760 3516 eumdem

85 3554 129 3613 et,
149 3565 210 3602 sese
234 3549 413 3604 abscisurum
437 3550 675 3605 comminabatur.
702 3551 760 3604 llu-

94 3652 164 3708 ergo
191 3637 369 3708 jussionibus
396 3637 472 3692 idem
504 3654 613 3708 pauper
644 3638 761 3693 obedire

85 3725 175 3780 rddita
198 3726 367 3780 mortalibus
391 3727 450 3795 die,
487 3727 656 3797 presbytero
685 3727 759 3781 viam

103 3815 308 3868 monasterium
323 3821 470 3885 properat,
483 3815 581 3886 ibique
592 3822 673 3869 nocte
686 3815 759 3884 ipsa,

95 3909 163 3956 tunc
179 3902 327 3958 [lominica
349 3903 518 3971 habebatur,
542 3904 571 3957 iu
597 3903 760 3974 vigiliarum

88 3991 152 4045 ibus
164 3991 266 4046 devote
281 3996 440 4062 pernoctat.
458 3992 540 4046 Facto
556 3995 650 4045 autern
662 4007 757 4057 mane,

85 4094 139 4132 ¹um
158 4079 188 4133 in
213 4080 352 4149 publica·
376 4079 462 4133 missa
477 4080 677 4150 Evangelium,
692 4096 757 4133 cum

88 4182 162 4238 quos
175 4183 254 4221 sacro
276 4167 373 4238 copori
388 4168 541 4238 contiguos
565 4184 625 4220 esse
650 4183 757 4222 merno-

85 4255 213 4322 eveniret,
241 4271 393 4309 nervorum
420 4261 506 4327 atque
527 4272 662 4310 venarum
689 4257 757 4327 jun-

85 4349 114 4398 ta
141 4349 215 4411 cute,
243 4359 274 4398 ac
302 4360 367 4399 mox
397 4344 589 4416 subsequente
618 4346 758 4414 sauguine

85 4435 138 4499 ,et
155 4432 282 4487 membra
298 4433 346 4488 din
362 4437 510 4487 contracta
532 4432 636 4488 divinas
657 4450 758 4504 opera-

85 4523 112 4574 tu
127 4519 220 4573 subito
237 4522 429 4592 corriguntur.
448 4521 575 4585 Quorum
597 4521 762 4578 tensionem

85 4623 165 4662 uram
180 4624 256 4679 aeger
270 4609 331 4679 ipse
355 4609 428 4665 terre
450 4626 508 4663 uon
533 4611 702 4680 prevalens,
728 4610 758 4664 iu

85 4711 127 4750 rus
141 4696 259 4761 corruit,
276 4697 482 4768 horrendisque
499 4696 614 4751 vocibus
637 4702 759 4767 perstre-

85 4800 94 4839 s
119 4784 149 4839 in
172 4785 304 4840 ecclesias
319 4789 413 4839 tantas
440 4786 604 4857 perterruit.
628 4786 757 4850 Quorum

85 4877 243 4927 scurrantes
256 4889 322 4928 eum
337 4873 473 4928 contiuuo
501 4875 689 4942 sustulerunt,
713 4890 758 4928 co·

85 4960 204 5016 siraculo
228 4962 420 5032 omnipotenti
445 4962 502 5016 Deo
518 4963 627 5017 debitas
648 4963 756 5033 gratia-

85 5065 114 5104 ea
130 5051 302 5105 retulerunt.
320 5052 432 5121 Pauper
447 5058 544 5105 autem
561 5051 621 5122 ipse
637 5052 756 5106 eductus

85 5178 89 5203 ,
113 5152 166 5209 per
187 5144 351 5210 temporum
376 5145 523 5194 momenta
546 5140 700 5201 convaluit,
729 5144 756 5194 et

86 5231 97 5281 t
112 5225 174 5282 dies
185 5242 270 5282 sanus
287 5227 462 5282 monasterio
475 5226 612 5282 discessit.

85 5382 191 5439 tualern
206 5382 264 5437 sive
279 5383 437 5438 solemnem
450 5399 585 5438 vocamus
601 5385 674 5438 hanc
689 5384 757 5439 mis·

85 5453 194 5523 publico
219 5454 346 5525 antiquis
370 5454 529 5521 dicebatur,
558 5457 588 5509 in
617 5455 690 5510 libro
720 5457 756 5511 de

85 5522 259 5587 ‚bercharii
277 5540 357 5580 num.
388 5527 431 5589 le,
456 5526 559 5580 secuto
588 5543 620 5592 u,
646 5525 757 5597 privata

826 1759 935 1813 nemini
951 1761 1027 1830 quod
1050 1760 1105 1815 sibi
1127 1767 1261 1816 evenerat
1281 1761 1472 1825 innotescens,
1499 1779 1566 1818 cum
1593 1765 1672 1819 omni

824 1847 1006 1903 festinatione
1019 1850 1194 1904 monasterio
1210 1849 1382 1920 digreditur,
1399 1855 1428 1907 et
1437 1851 1474 1906 ad
1490 1852 1671 1908 mansionem

824 1951 905 1990 suam
921 1937 977 1991 rito
991 1937 1171 2008 perveniens,
1187 1941 1288 1993 collata
1303 1939 1358 1993 sibi
1377 1940 1514 2011 loquendi
1538 1941 1672 1995 facultate

823 2041 889 2080 suos
903 2025 1011 2080 ibidem
1026 2031 1110 2081 notos
1121 2043 1187 2081 cum
1202 2028 1308 2098 gaudio
1331 2028 1496 2100 alloquitur.
1522 2029 1614 2095 Quaem
1639 2036 1671 2085 ut

823 2115 878 2185 ipsi
899 2116 1062 2187 loquentem
1081 2117 1198 2188 suisque
1217 2117 1489 2187 interrogationibus
1498 2118 1672 2189 responden-

822 2206 880 2257 tem
901 2204 1066 2271 audierunt,
1091 2220 1149 2259 nou
1170 2205 1289 2260 minima
1321 2193 1513 2261 admiratione
1547 2206 1671 2277 permoti

822 2290 876 2345 hoc
895 2291 1064 2347 miraculum
1080 2293 1191 2347 caeteris
1213 2294 1367 2349 indicando
1387 2295 1517 2349 celeriter
1542 2294 1670 2367 divulga·
1706 2286 1716 2309 ‘

821 2385 933 2435 verunt.
950 2382 1021 2436 Tum
1041 2397 1108 2436 vero
1127 2399 1161 2453 ep
1183 2383 1312 2454 ejusdem
1333 2383 1385 2437 loci
1405 2383 1505 2437 incolis
1527 2382 1669 2455 plurimos

821 2468 971 2540 utriusque
993 2486 1076 2525 sexus
1095 2471 1123 2524 in
1148 2487 1237 2526 unrrm
1254 2472 1421 2539 convenire,
1442 2476 1471 2526 et
1493 2472 1531 2527 ob
1554 2488 1669 2528 conces-

820 2572 881 2611 sam
897 2563 976 2611 muto
987 2557 1142 2630 loquelam
1156 2558 1366 2631 obstupescere,
1382 2559 1536 2631 ipsumque
1555 2559 1584 2614 in
1607 2560 1669 2615 illo·

820 2659 884 2698 rom
901 2645 995 2700 medio
1009 2647 1134 2717 positum
1150 2647 1295 2718 quomodo
1318 2647 1372 2703 sibi
1394 2647 1558 2720 contigerit,
1574 2652 1604 2703 et
1619 2650 1667 2704 ubi
1696 2636 1699 2646 ’

818 2732 862 2785 vel
878 2732 994 2803 quaudo
1018 2732 1117 2804 lingua
1136 2734 1198 2804 ejus
1213 2734 1306 2788 soluta
1321 2734 1417 2800 luerit,
1434 2750 1564 2789 cerneres
1584 2750 1667 2789 enar·

818 2834 890 2874 rere.
907 2821 1043 2892 Sequenti
1058 2827 1154 2876 autem
1170 2822 1215 2878 die
1230 2823 1349 2877 clericus
1370 2822 1488 2893 quidam
1508 2840 1541 2877 ax
1564 2823 1665 2878 eodem

816 2907 879 2963 loco
903 2909 985 2963 illum
1012 2926 1159 2965 assumens
1183 2910 1218 2964 ad
1249 2911 1455 2966 monasterium
1485 2910 1604 2970 reduxit.
1639 2916 1667 2967 et

781 2983 802 3039 C
816 2997 903 3069 hujus
919 2998 959 3053 rei
972 2997 1120 3053 veritatem
1134 3014 1185 3070 per
1199 2999 1329 3054 ordinem
1345 2998 1435 3054 nobis.
1448 2999 1593 3054 indicavit.

816 3194 944 3248 Membris
981 3193 1102 3248 omeribus
1137 3210 1155 3247 o
1188 3174 1334 3248 natiuitoie
1372 3199 1528 3250 contractus
1560 3197 1664 3249 meritis
1699 3258 1706 3268 ,

1108 3267 1198 3320 suncti
1214 3267 1372 3332 corripitur.

853 3369 958 3423 Eodem
984 3385 1061 3423 anuo
1090 3370 1132 3424 vir
1152 3370 1282 3441 quidam,
1309 3369 1377 3424 civis
1400 3371 1661 3437 aurelianensium,

816 3458 969 3528 puerulum
986 3457 1120 3513 omnibus
1135 3474 1208 3529 pene
1223 3459 1419 3514 membrorum
1430 3459 1574 3531 juncturis
1595 3475 1663 3514 con·

815 3552 938 3600 tractum
963 3549 1048 3618 atque
1072 3548 1286 3617 conglobatum,
1304 3549 1359 3618 pire
1374 3548 1533 3602 devotionis
1556 3547 1663 3602 intuitu

815 3650 902 3704 parvo
929 3634 1060 3689 vehiculo
1084 3634 1265 3705 impositum,
1294 3636 1379 3691 modo
1400 3636 1550 3706 trahendo,
1576 3637 1662 3693 modo

814 3738 910 3776 coram
927 3740 956 3776 se
976 3723 1162 3792 impellendo,
1187 3724 1356 3778 tumeliam
1383 3726 1508 3796 propriis
1535 3726 1662 3780 humeris

814 3811 961 3881 gestando,
972 3812 1091 3866 Romam
1104 3812 1247 3883 perduxit.
1265 3813 1365 3867 Parrcis
1378 3813 1489 3867 dierum
1513 3813 1662 3868 curriculis

814 3899 920 3954 ibidem
936 3899 1041 3954 exactis
1056 3899 1122 3953 inde
1137 3900 1300 3963 revertitur,
1317 3906 1403 3972 atque
1419 3903 1463 3971 (ut
1483 3917 1516 3954 er
1533 3902 1595 3972 ejus
1612 3918 1660 3955 ore

813 3988 973 4047 didicimus}
990 3987 1190 4043 allemanniam
1207 3994 1313 4060 petere,
1329 3995 1358 4044 et
1372 3988 1399 4044 S.
1421 3989 1493 4043 Galli
1518 3995 1656 4043 monaste·

814 4077 888 4132 rium
911 4077 990 4131 adire
1013 4083 1098 4131 noctu
1115 4077 1145 4131 in
1163 4077 1272 4131 visione
1303 4082 1512 4132 commonetur.
1538 4077 1589 4133 Cui
1612 4079 1660 4133 ille

814 4165 915 4220 visioni
945 4182 1072 4221 annuere
1095 4166 1272 4225 desiderans.
1296 4166 1439 4221 laborioso
1465 4165 1533 4220 satis
1554 4172 1659 4222 conatu

810 4255 882 4325 juga
895 4254 1011 4325 Alpium
1027 4258 1153 4325 superat,
1171 4258 1199 4308 et
1214 4254 1338 4324 quadam
1355 4255 1400 4310 die
1415 4255 1587 4309 imminente
1598 4256 1658 4327 jam
1701 4290 1712 4311 .

814 4358 931 4414 vespera
946 4342 995 4395 diu
1016 4341 1208 4397 desideratum
1224 4342 1314 4397 lassus
1339 4343 1499 4414 ingreditur
1524 4352 1660 4400 monaste

814 4431 899 4485 rium.
927 4430 981 4495 Oui
1009 4431 1094 4485 otiam
1131 4432 1162 4484 iu
1188 4432 1249 4501 ipso
1280 4431 1383 4485 itinere
1414 4439 1485 4502 quot
1514 4433 1660 4487 molestias

813 4523 917 4590 quotve
934 4519 1183 4573 incommodorum
1209 4521 1359 4590 pertulerit
1387 4522 1546 4591 angustias,
1574 4527 1659 4575 testes
1710 4592 1714 4598 ι

812 4607 929 4661 luerunt
954 4607 1076 4674 humeri,
1107 4623 1180 4677 quos
1211 4607 1338 4661 vectibus
1370 4606 1498 4677 ejusdem
1536 4609 1659 4663 vehiculi

812 4696 882 4750 adeo
899 4696 1010 4750 attritos
1025 4710 1086 4750 esse
1107 4696 1309 4768 comperimus,
1329 4702 1360 4750 ut
1390 4694 1472 4751 multi
1495 4702 1658 4751 uestrorum

811 4785 897 4840 callos
920 4784 951 4838 iu
977 4785 1018 4838 eis
1043 4784 1159 4839 duratos
1183 4800 1243 4838 esse
1272 4785 1478 4856 perspicerent.
1508 4787 1537 4838 ln
1566 4786 1659 4856 primo

810 4873 899 4944 igitur
913 4872 1037 4928 basilicae
1057 4873 1188 4943 ingressu
1209 4873 1243 4927 ud
1265 4888 1369 4943 eorpus
1392 4875 1421 4928 Β.
1447 4874 1577 4930 Othmari
1593 4889 1657 4944 por-

810 4960 936 5028 veuiens,
952 4976 1024 5032 puer
1038 4960 1098 5031 ipse
1115 4961 1300 5016 tendentibus
1316 4977 1376 5015 sese
1392 4976 1562 5032 corrvpagum
1587 4960 1656 5014 rati-

810 5048 921 5104 naculis
937 5047 1068 5102 vehiculo
1089 5048 1224 5103 decidens
1240 5049 1270 5103 in
1293 5050 1489 5121 pavimentum
1514 5048 1657 5119 provolvi·

810 5143 866 5206 tur,
888 5142 917 5191 et
936 5136 1050 5192 vocibus
1072 5137 1225 5193 horrendis
1249 5142 1321 5191 tecta
1346 5138 1471 5192 ecclesiae
1500 5138 1656 5206 complens,

810 5225 900 5279 nimio
916 5241 946 5279 se
960 5225 1059 5279 dolore
1069 5226 1165 5297 urgeri
1179 5225 1296 5280 insolito
1311 5224 1442 5279 clamoris
1456 5225 1577 5295 strepitu
1594 5239 1659 5295 pro-

811 5400 877 5439 vero
891 5386 980 5467 minor
993 5398 1202 5467 nonnunquam
1219 5382 1382 5448 vocabatur,
1408 5383 1437 5437 in
1454 5383 1526 5437 libro
1545 5383 1581 5438 de
1606 5384 1650 5439 ui·

810 5456 913 5511 racuhs
926 5455 955 5511 S.
971 5456 1150 5522 Columbam,
1162 5471 1225 5526 cap.
1242 5459 1267 5509 7.
