3930 6098
89 253 174 333 „¹⁰75
654 251 682 306 S.
703 250 840 307 neuton
860 246 1099 304 tununnensis
1119 246 1277 304 EPISCOPI
1784 250 1844 305 lore

102 387 283 458 regeneratio
298 390 389 441 mutat
405 384 556 456 originem,
582 391 610 439 et
632 385 703 440 tides
722 384 860 456 justificat
874 399 940 455 pec·
960 382 983 435 Α
998 381 1201 442 misericordie
1217 382 1343 453 pertinet
1361 381 1398 435 ad
1427 381 1583 438 indebitam
1597 383 1732 454 gratim.
1753 384 1845 440 Osten-

105 474 254 546 ceteram]
1006 468 1048 523 dit
1058 485 1127 541 ergo
1146 471 1219 525 Deus
1233 491 1246 518 «
1263 470 1336 525 iram
1353 486 1445 539 suam,
1460 489 1474 522 v
1491 486 1550 525 non
1564 471 1666 542 utique
1682 471 1773 527 animi
1788 489 1846 545 per·

141 564 195 619 Sed
220 569 248 617 et
275 563 374 617 beatus
404 561 573 616 Caelestinus
602 560 732 615 eamdem
762 575 822 615 rem
849 560 951 615 eodem
1006 557 1211 624 turbationem,
1227 557 1301 613 sicut
1314 563 1434 630 estque
1455 558 1530 613 circa
1545 559 1680 614 homiues
1703 577 1846 632 nuncupa·

105 667 189 706 sensu
205 654 233 704 et
248 650 355 704 eisdem
372 664 445 719 pene
458 648 551 702 verbis
564 649 728 719 plenissime
744 652 772 702 et
785 648 951 703 brevissime
1005 649 1061 708 tur,
1079 647 1127 700 sed
1141 647 1247 716 justam
1263 646 1407 718 fixamque
1422 647 1589 702 vindictam.
1609 648 1690 713 Quod
1714 650 1751 704 de
1766 650 1847 720 stirpe

105 738 281 810 exsequitur,
298 736 520 809 diceus:[lllud
545 736 632 790 etiam
660 737 736 808 qarod
759 736 834 791 circa
857 736 953 806 bapti·
1006 731 1210 788 inobedientiae
1235 734 1349 788 ducitur
1375 750 1502 804 propago
1527 735 1646 804 peccati,
1680 741 1847 808 atquesup-

107 828 211 881 zandos
224 827 253 880 iu
269 826 403 881 universo
419 825 527 880 mundo
543 831 639 878 sancta
655 825 776 879 Ecclesia
798 825 952 880 uniformi·
1005 821 1091 892 plicii.
1109 842 1123 872 «
1139 823 1173 876 Et
1188 824 1275 876 homo
1289 829 1374 876 natus
1388 839 1420 876 vx
1443 823 1573 886 muliere,
1591 845 1606 873 »
1633 823 1708 879 sicut
1730 825 1762 879 in
1782 825 1848 879 libro

104 919 149 970 ter
177 915 245 985 agit,
281 929 340 968 riou
371 913 463 967 otioso
488 912 719 983 contemplamur
745 912 861 983 intuitu,
887 929 952 968 cum
1005 909 1057 964 Job
1097 909 1234 980 scriptum
1262 915 1316 980 est,
1349 931 1360 959 ι
1389 910 1484 965 brevis
1518 915 1560 966 est
1591 912 1665 980 vite,
1696 917 1725 966 et
1753 913 1849 984 plenus

106 1004 164 1058 sive
178 1002 301 1073 parvuli,
319 1002 377 1056 sive
390 1003 508 1072 juvenes
529 1001 566 1055 ad
587 1001 813 1072 regenerationis
836 1003 953 1056 veniunt
1006 997 1163 1053 iracundie
1178 999 1243 1066 (Jot
1261 1015 1316 1062 xiv,
1340 1002 1365 1066 l,
1387 999 1425 1071 2),
1449 1019 1463 1052 v
1490 999 1551 1070 ejus
1573 999 1653 1054 euim
1677 1001 1721 1055 rel
1745 1017 1795 1054 vas
1815 1007 1849 1056 est

106 1095 328 1156 sacramentum,
344 1105 401 1144 uon
416 1089 497 1160 prius
519 1089 627 1142 fontem
651 1089 718 1142 vite
739 1088 846 1143 adeunt
866 1105 952 1160 quam
1008 1088 1177 1157 quaplenus
1190 1090 1241 1142 est.
1258 1087 1337 1142 Unde
1354 1108 1368 1135 «
1384 1087 1434 1142 ire
1451 1103 1517 1141 vasa
1531 1108 1545 1138 »
1564 1088 1713 1143 dicuntur.
1731 1110 1742 1137 ι
1761 1089 1849 1146 Osten-

105 1179 272 1235 exorcismis
286 1183 315 1232 et
329 1177 577 1232 exsufflationibus
601 1176 769 1230 clericorum
785 1177 903 1246 spiritus
919 1181 953 1236 ab
1006 1174 1048 1228 dil
1065 1180 1093 1229 et
1108 1176 1265 1246 polentiam
1278 1191 1369 1243 suam,
1381 1196 1394 1224 n
1405 1192 1462 1247 qua
1476 1175 1548 1230 hene
1560 1177 1651 1232 utitur
1661 1177 1752 1232 etiam
1763 1178 1849 1247 malis,

106 1267 148 1322 eis
166 1267 334 1322 immundus
363 1266 512 1336 abigatur:
543 1273 610 1321 tunc
633 1280 700 1318 vere
720 1270 856 1336 appareat
880 1282 953 1338 quo·
1008 1263 1099 1318 multa
1115 1264 1143 1317 in
1160 1264 1217 1317 illis
1234 1263 1376 1318 naturalia
1390 1268 1419 1317 et
1440 1264 1610 1334 temporalia
1625 1263 1705 1318 bona
1721 1264 1848 1335 largiens,

107 1356 192 1410 modo
207 1376 220 1406 n
237 1355 373 1424 Princeps
386 1353 487 1408 mundi
502 1353 588 1422 hujus
608 1352 741 1407 mittatur
764 1354 840 1407 lonas
864 1355 951 1425 (Joon.
1007 1366 1167 1424 eorumque
1184 1351 1320 1405 malitiam
1339 1352 1373 1406 ad
1399 1352 1569 1407 exercendos
1592 1355 1621 1406 et
1639 1353 1849 1423 comparatione

107 1460 155 1511 xu,
170 1446 226 1512 al),
245 1464 255 1491 s
273 1447 301 1497 et
315 1442 461 1514 quomodo
473 1462 487 1490 c
505 1441 583 1513 prius
597 1440 731 1512 alligetur
746 1440 826 1495 fortis
842 1443 951 1508 (narrt.
1007 1440 1205 1495 admonendos
1231 1439 1321 1495 bonos
1345 1441 1570 1504 accommodans,
1588 1445 1621 1496 ut
1643 1440 1732 1496 ineis
1749 1441 1850 1496 discant

107 1547 156 1599 xu,
170 1532 225 1600 29),
242 1549 256 1581 n
273 1535 302 1585 et
313 1530 448 1599 deinceps
461 1545 527 1583 vasa
540 1530 602 1600 ejus
617 1528 829 1599 diripianturin
845 1546 954 1600 posses·
1008 1545 1093 1599 agere
1108 1529 1213 1600 gratias
1228 1531 1295 1596 ileo,
1313 1529 1389 1600 quod
1405 1528 1441 1583 ab
1456 1529 1497 1583 eis
1512 1545 1569 1582 non
1581 1529 1640 1583 suis
1651 1528 1778 1598 meritis,
1793 1546 1849 1600 que

107 1618 218 1673 sionem
234 1618 372 1672 translata
388 1617 512 1687 victoris,
537 1639 551 1667 «
572 1618 622 1688 qui
647 1618 787 1689 captivam
811 1618 889 1673 ducit
905 1635 953 1672 ca·
1007 1619 1038 1673 iu
1051 1617 1151 1673 eadem
1163 1633 1255 1672 massa
1269 1617 1349 1688 paria
1366 1617 1492 1682 fuerunt,
1510 1617 1557 1672 sed
1578 1616 1656 1671 illius
1672 1616 1849 1671 miseralione

107 1707 283 1778 ptivilatem,
314 1709 342 1760 et
370 1705 418 1760 dat
446 1706 519 1760 dona
551 1705 717 1760 hominibus
743 1707 828 1774 (Psol.
869 1723 952 1775 exim,
973 1674 1124 1761 Bdiscreti
1139 1710 1216 1761 scrut.
1235 1705 1315 1770 Quod
1332 1705 1455 1760 maxime
1472 1708 1591 1777 apparet
1606 1705 1636 1759 in
1660 1704 1798 1776 parvulis,
1821 1705 1849 1759 de

109 1796 161 1865 ill).
178 1794 207 1868 u]
1009 1794 1113 1868 quibus
1125 1810 1189 1848 cum
1200 1810 1253 1864 per
1261 1792 1365 1849 Christi
1376 1792 1497 1864 gratiam
1509 1797 1712 1858 renascuntur,
1730 1797 1760 1847 et
1774 1792 1848 1847 istam

141 1886 284 1939 lemrero
304 1883 405 1938 beatus
429 1882 607 1953 Augustinus
636 1886 717 1937 tauto
744 1882 811 1937 hinc
839 1883 955 1938 uberius
1008 1882 1319 1936 vitaminillatenera
1343 1884 1426 1935 elate
1448 1880 1592 1948 finientes,
1617 1881 1648 1934 in
1676 1886 1813 1935 eternam
1827 1883 1849 1935 el

106 1975 136 2027 et
158 1970 348 2042 multiplicius
371 1974 413 2025 est
437 1971 559 2036 locutus,
584 1975 691 2041 quanto
714 1974 743 2025 et
765 1971 858 2041 major
882 1972 908 2026 ei
923 1987 955 2026 ae
1008 1971 1122 2025 beatam
1138 1974 1298 2035 transeunt,
1312 1968 1366 2023 dici
1381 1985 1440 2023 non
1453 1969 1634 2040 potestquod
1652 1969 1744 2023 libero
1760 1970 1849 2024 discer-

107 2059 306 2115 vehementior
333 2059 519 2114 incumbebat
548 2058 701 2113 necessitas
730 2064 830 2113 contra
857 2059 956 2113 insur-
1009 2063 1118 2112 nuutur
1130 2057 1249 2112 arbitrio
1263 2057 1299 2111 ab
1314 2056 1377 2111 aliis
1391 2056 1558 2123 infantibus,
1574 2056 1626 2128 qui
1640 2057 1704 2112 sine
1721 2058 1775 2111 hac
1790 2074 1849 2129 gra·

107 2151 207 2219 gentes
224 2152 291 2201 tuuc
311 2147 460 2201 hereticos
476 2148 656 2219 Pelagianos,
675 2149 743 2203 tanti
759 2149 845 2219 hujus
863 2166 957 2203 sacra·
1010 2146 1089 2201 tiain
1105 2146 1195 2217 ipsius
1211 2161 1310 2199 masse
1327 2145 1513 2200 damnatione
1529 2145 1706 2199 moriuntur.
1719 2145 1750 2199 Si
1762 2151 1848 2200 autem

107 2235 208 2301 menti,
224 2235 253 2290 id
274 2240 316 2289 est
338 2234 532 2289 damnationis
561 2236 695 2291 humane
721 2253 773 2308 per
796 2238 886 2292 Adam
910 2237 955 2291 in·
1009 2235 1039 2289 hi
1056 2234 1110 2289 soli
1125 2240 1292 2289 crearentur
1315 2250 1348 2289 ex
1371 2234 1472 2300 Adam,
1488 2234 1539 2305 qui
1558 2239 1655 2288 esseut
1668 2250 1721 2305 per
1736 2235 1847 2305 gratiam

107 2339 222 2396 grasse,
239 2326 268 2378 et
278 2323 458 2379 liberationis
473 2340 506 2378 ac
521 2324 727 2396 redemptionis
741 2341 792 2396 per
803 2326 955 2381 Dominum
1010 2323 1169 2389 recreandi,
1182 2327 1210 2378 et
1224 2327 1329 2393 praeter
1342 2321 1416 2390 illos,
1438 2323 1487 2395 qui
1507 2323 1537 2377 in
1557 2323 1605 2376 liei
1620 2322 1698 2377 tilios
1723 2323 1850 2394 adoptan-

107 2412 205 2465 lesum
220 2411 364 2466 Christum
379 2411 498 2465 indulte
518 2412 634 2482 penitus
650 2412 777 2484 ignaros,
795 2413 886 2484 ipsius
906 2414 956 2468 hu·
1009 2416 1067 2478 tur,
1091 2411 1163 2465 nulli
1186 2410 1233 2465 alii
1254 2410 1386 2466 homiues
1410 2415 1607 2477 nascerentur,
1630 2411 1734 2466 lateret
1754 2412 1850 2466 beneli·

108 2515 201 2554 mane
222 2499 415 2554 damnationis
428 2517 539 2569 causas,
560 2505 589 2554 et
611 2501 662 2555 [lei
682 2501 804 2572 gratiam
825 2518 881 2573 qua
896 2503 957 2556 sola
1010 2499 1099 2569 cium,
1116 2500 1192 2571 quod
1203 2498 1358 2554 donaretur
1371 2499 1508 2570 indignis.
1525 2499 1597 2564 Quia
1613 2499 1702 2553 nullis
1713 2515 1749 2554 ex
1760 2501 1849 2555 eadem

108 2604 160 2659 per
172 2587 316 2643 Christum
343 2587 498 2642 Dominum
521 2588 689 2655 liberamur,
708 2592 736 2643 et
758 2590 861 2644 divinis
877 2590 957 2644 testi·
1010 2587 1167 2642 damnabili
1180 2586 1268 2658 stirpe
1278 2587 1458 2642 venientibus
1468 2587 1783 2658 debitumsupplieium
1793 2587 1850 2641 red·

108 2676 214 2730 moniis
230 2681 259 2730 et
281 2676 447 2729 certissimis
470 2676 629 2730 rationibus
657 2677 811 2732 asserendi.
829 2679 861 2732 ln
883 2694 956 2749 qua·
1010 2675 1136 2740 deretur,
1155 2692 1219 2730 cum
1239 2691 1332 2729 veron
1357 2676 1452 2730 attulit
1467 2676 1497 2730 in
1520 2675 1612 2730 multa
1636 2675 1850 2746 patientiavasa

109 2764 174 2817 dam
190 2763 288 2835 itaque
303 2763 424 2834 epistola
438 2763 474 2817 ad
486 2764 621 2836 Optatum
636 2764 802 2836 episcopum
817 2765 856 2819 ita
866 2764 958 2837 loqui·
1009 2763 1072 2832 ire,
1092 2780 1157 2835 que
1179 2763 1304 2833 perlecta
1324 2769 1392 2817 sunt
1413 2763 1443 2817 in
1461 2763 1634 2835 perditione,
1654 2784 1666 2811 ι
1691 2780 1752 2818 non
1767 2763 1849 2817 solum

107 2851 450 2923 tur(epr'st.l57):[Cum
474 2868 576 2907 omnes
600 2852 681 2923 justi,
697 2854 752 2908 hoc
780 2860 824 2910 est
844 2870 956 2911 veraces
1011 2852 1135 2907 ostendit
1161 2851 1234 2906 iram
1268 2855 1296 2906 et
1328 2850 1536 2906 demonstravit
1575 2851 1738 2920 potentiam
1777 2867 1850 2905 suam

111 2940 161 2995 llei
189 2941 324 3003 cultores,
354 2941 413 2995 sive
442 2946 508 2996 ante
535 2942 776 3011 incarnationem,
807 2942 866 2998 sive
892 2948 957 3014 post
976 2940 1189 3024 credhibeudo
1222 2939 1376 2994 vindictam
1398 2944 1427 2993 et
1454 2938 1527 2994 hene
1552 2939 1661 2994 utendo
1691 2941 1785 3005 malis,
1808 2938 1850 2994 sed

110 3028 337 3084 incarnationem
353 3028 459 3084 Christi
476 3045 528 3083 nec
551 3029 683 3096 vixerint,
707 3046 759 3084 uec
777 3031 884 3099 vivant,
900 3031 956 3086 nisi
1010 3030 1097 3085 etiam
1114 3049 1128 3081 a
1145 3034 1227 3083 notas
1250 3027 1317 3084 fecit
1338 3028 1451 3083 divitias
1479 3029 1577 3099 gloriae
1602 3043 1664 3083 suae
1679 3028 1709 3082 iu
1723 3045 1792 3083 rasa
1805 3027 1850 3082 mi·

113 3133 146 3170 cx
159 3117 214 3172 tide
224 3117 430 3172 incarnationis
443 3117 558 3184 Christi,
584 3117 615 3172 in
632 3134 689 3188 quo
703 3124 746 3173 est
768 3119 869 3190 gratim
896 3121 956 3192 ple·
1011 3119 1181 3173 sericordie.
1197 3120 1265 3173 nlla
1280 3118 1357 3173 enim
1374 3117 1442 3189 quid
1462 3117 1516 3173 sibi
1532 3120 1686 3188 prestetur
1700 3117 1784 3172 discit
1798 3133 1850 3187 gra

112 3205 224 3273 nitudo,
255 3205 382 3277 prolecto
422 3206 498 3277 quod
525 3206 664 3277 scriptum
691 3212 746 3262 est:
764 3229 778 3258 «
807 3209 870 3263 Non
896 3225 957 3264 esse
1010 3207 1047 3261 tis
1060 3206 1243 3278 justificatus,
1266 3207 1335 3262 dum
1355 3222 1414 3261 non
1429 3222 1481 3261 suo
1498 3206 1611 3274 merito,
1627 3206 1678 3260 sed
1702 3206 1793 3277 gloria
1804 3207 1850 3260 lar·

113 3293 189 3348 aliud
205 3310 311 3348 nomen
340 3294 393 3349 sub
418 3295 489 3349 coelo
505 3294 534 3348 iu
563 3311 620 3366 quo
647 3300 761 3367 oportet
789 3297 958 3352 salrosfieri
1012 3295 1128 3367 gissime
1145 3295 1194 3350 bei
1209 3295 1413 3350 misericordie
1428 3294 1780 3350 discernituradamnato
1795 3308 1851 3348 cum

114 3382 371 3448 uosldct.1v,ltl,
391 3402 406 3430 u
424 3397 457 3435 er
473 3382 521 3435 illo
539 3385 668 3453 tempore
692 3385 767 3438 valet
789 3385 823 3438 ad
845 3385 957 3440 salvan·
1012 3398 1070 3453 quo
1091 3382 1191 3436 eadem
1204 3380 1316 3451 justitia
1341 3381 1433 3436 fuerat
1455 3385 1483 3434 et
1501 3380 1565 3451 ipse
1584 3380 1779 3436 damnandus.
1793 3382 1850 3435 Tam

114 3469 182 3523 darm
198 3485 288 3540 genus
303 3471 473 3534 humanum,
489 3486 522 3523 ex
539 3470 639 3541 quoin
653 3472 744 3527 Adam
760 3472 892 3528 vitiatum
916 3479 959 3529 est
1013 3470 1118 3523 multos
1133 3472 1229 3522 eutem
1252 3467 1390 3524 creandos
1417 3467 1495 3522 nasci
1518 3466 1608 3521 voluit
1627 3483 1703 3538 quos
1724 3468 1761 3522 ad
1781 3482 1851 3520 snam

113 3573 204 3627 genus
217 3558 399 3612 humanum:
418 3580 428 3607 ι
445 3558 608 3613 sicutenim
627 3559 656 3614 in
677 3560 768 3615 Adam
779 3577 879 3617 omnes
897 3579 959 3617 mo·
1013 3557 1136 3627 gratiam
1153 3571 1212 3610 non
1235 3555 1380 3626 pertinere
1397 3554 1549 3625 prescivit,
1565 3558 1600 3608 ut
1614 3555 1803 3610 multitudine
1814 3554 1852 3608 iu·

114 3645 495 3707 riuntnr,itaetinChristo
512 3647 883 3721 omnesvivificabnu'ur(l
897 3652 958 3707 Cor.
1012 3644 1199 3714 comparabili
1227 3644 1325 3715 plures
1352 3643 1420 3711 sint,
1447 3658 1535 3713 quam
1563 3658 1636 3714 qnos
1658 3643 1689 3697 iu
1713 3643 1760 3698 sui
1782 3639 1852 3714 regui

112 3749 157 3800 xv,
182 3733 239 3805 22).
263 3734 367 3800 »Quia
395 3734 466 3789 sieut
491 3734 520 3789 in
549 3751 638 3807 reguo
664 3737 764 3792 mortis
788 3754 873 3793 nemo
897 3738 959 3793 sine
1013 3734 1135 3805 gloriam
1157 3732 1233 3787 lilios
1265 3731 1465 3803 promissionis
1491 3731 1700 3802 praedestinare
1729 3732 1853 3802 diguatus

112 3821 215 3889 Adam,
230 3823 321 3878 itain
336 3839 425 3894 reguo
445 3823 510 3878 vite
538 3840 623 3880 nemo
652 3826 712 3881 sine
735 3827 857 3882 Christo.
882 3827 960 3883 Sicut
1013 3827 1074 3877 est:
1089 3827 1121 3878 ut
1144 3821 1231 3877 etiam
1255 3821 1317 3892 ipsa
1333 3821 1504 3892 rejectorum
1519 3819 1708 3875 multitudiue
1730 3820 1851 3875 osteude-

112 3925 165 3980 per
177 3911 267 3966 Adam
283 3927 383 3966 omnes
407 3917 578 3982 peccatores,
606 3913 646 3967 ita
662 3930 714 3984 per
735 3915 878 3970 Christum
894 3932 959 3970 om·
1013 3916 1102 3979 retur,
1120 3926 1206 3982 quam
1221 3910 1329 3964 nullius
1340 3908 1479 3964 momenti
1495 3909 1533 3965 sit
1546 3908 1623 3978 apud
1639 3909 1733 3964 Deam
1749 3909 1850 3979 justum

113 4015 163 4053 nes
174 3999 244 4069 justi
256 4000 399 4055 homines.
414 4000 493 4056 Sicut
515 4017 567 4072 per
590 4002 683 4057 Adam
705 4020 806 4059 omnes
824 4005 960 4059 mortales
1014 3999 1191 4071 quantalibet
1205 3998 1394 4053 numerositas
1406 3996 1562 4068 justissime
1577 3997 1793 4052 damnatorum.
1807 4000 1849 4050 nl-

111 4086 142 4140 in
158 4103 243 4158 poena
257 4088 324 4143 iacti
340 4093 407 4143 sunt
430 4088 482 4143 tilii
503 4090 611 4158 seculi,
633 4090 717 4146 itaet
737 4107 790 4161 per
815 4092 958 4147 Christum
1014 4105 1070 4161 que
1086 4092 1116 4142 ut
1134 4087 1201 4142 hinc
1216 4102 1331 4158 quoque
1350 4085 1523 4156 intelligant,
1540 4086 1639 4157 quiex
1665 4085 1728 4157 ipsa
1742 4086 1848 4141 damna·
1884 4082 1887 4093 '

64 4196 66 4201 ·
113 4190 213 4229 omnes
226 4175 403 4230 immortales
416 4175 447 4230 iu
462 4176 555 4246 gratia
568 4177 641 4231 liunt
653 4177 777 4233 liliillei.
791 4179 848 4234 Cur
862 4185 959 4235 autem
1014 4177 1092 4232 tione
1116 4176 1308 4242 redimuntur,
1344 4175 1397 4229 hoc
1421 4174 1509 4229 luisse
1540 4174 1671 4228 debitum
1692 4190 1794 4229 masse
1816 4169 1848 4226 illi

113 4267 280 4331 querantur
294 4263 380 4317 etiam
395 4263 436 4317 illi
452 4279 524 4333 quos
546 4265 661 4319 Creator
674 4266 763 4321 voluit
778 4267 813 4320 ad
837 4267 958 4322 damna·
978 4269 999 4323 l)
1014 4267 1164 4331 universe,
1181 4264 1258 4336 quod
1273 4272 1329 4320 tam
1346 4279 1457 4335 magne
1470 4263 1545 4334 parti
1559 4262 1621 4334 ejus
1635 4263 1784 4318 redditum
1797 4277 1847 4317 cer-

113 4349 233 4412 tionem,
250 4367 307 4404 nou
322 4350 357 4405 ad
373 4351 494 4422 gratiam
511 4353 666 4423 pertinere,
686 4353 786 4408 heatus
807 4356 959 4425 Apostolus
1013 4359 1126 4420 nerent,
1138 4369 1195 4408 non
1206 4352 1297 4407 solum
1311 4353 1341 4406 in
1356 4352 1407 4420 eis,
1424 4351 1474 4423 qui
1490 4351 1625 4421 originali
1640 4356 1760 4422 peccalo
1770 4351 1846 4406 multa

112 4441 193 4492 tanto
217 4437 403 4492 succinctiore
426 4437 574 4506 brevitate,
597 4444 705 4511 quanto
729 4442 838 4513 majore
861 4447 959 4498 aucto-
1013 4442 1134 4507 addunt,
1157 4442 1239 4496 male
1264 4439 1420 4496 voluntatis
1443 4438 1573 4507 arbitrio,
1598 4455 1699 4495 verum
1722 4439 1806 4497 etiam
1825 4439 1845 4492 iu

113 4525 196 4579 ritate
218 4529 441 4580 commemorat:
459 4545 473 4577 n
498 4527 600 4592 Deum,
622 4527 700 4582 enim
720 4528 799 4595 dicit,
817 4531 959 4585 volentem
1012 4533 1073 4583 tam
1089 4528 1187 4583 multis
1201 4528 1336 4599 parvulis,
1352 4527 1403 4599 qrii
1421 4526 1623 4582 tantummodo
1643 4526 1760 4582 viuculo
1772 4524 1846 4596 origi·

35 4646 39 4652 ‚
114 4613 264 4668 ostendere
292 4612 365 4667 iram
392 4617 421 4668 et
457 4614 656 4670 demonstrare
689 4617 848 4686 potentiam
878 4633 958 4672 suam
1013 4617 1086 4671 ualis
1100 4616 1208 4687 peccati
1220 4614 1348 4669 obstricti
1368 4614 1429 4669 siue
1451 4612 1544 4684 gratia
1569 4612 1738 4667 mediatoris
1759 4612 1846 4667 exhsc

112 4701 242 4756 attulisse
257 4703 348 4756 multa
366 4702 549 4774 inpatientia
567 4720 635 4759 rasa
656 4704 718 4771 ire,
745 4722 808 4777 que
834 4706 960 4775 perlecta
997 4687 1076 4757 'luce
1092 4703 1253 4774 rapiuntur.
1272 4702 1341 4756 Tota
1355 4701 1462 4773 quippe
1487 4700 1541 4755 ista
1564 4715 1659 4754 massa
1672 4701 1760 4770 justae
1778 4700 1846 4754 dau·

113 4791 226 4845 suntin
250 4790 463 4861 perditionem;
494 4797 522 4846 et
552 4797 583 4846 ut
608 4797 689 4848 notas
720 4793 823 4848 laceret
847 4793 960 4849 divitias
1014 4792 1141 4846 nationis
1159 4791 1301 4862 reciperet
1325 4790 1465 4857 debitum,
1491 4788 1545 4843 nisi
1564 4804 1597 4843 ex
1620 4805 1654 4843 ea
1674 4788 1780 4843 iaceret
1800 4801 1845 4842 uon

113 4879 212 4949 glorie
237 4895 295 4934 sue
320 4879 350 4933 iu
376 4896 442 4934 vasa
471 4880 687 4950 misericordie,
717 4897 803 4953 quem
826 4883 959 4953 superius
1014 4878 1390 4951 solumjustus,sedetiam
1407 4877 1594 4932 misericors«
1610 4877 1846 4948 figulusaliavass

112 4967 223 5022 dixerat
239 4989 253 5017 c
268 4971 406 5039 tanquam
422 4969 543 5038 ligulam
559 4969 612 5023 luti
627 4986 660 5024 ex
683 4970 783 5025 eadem
807 4985 901 5024 massa
918 4970 959 5024 la·
1014 4969 1043 5024 iu
1055 4970 1205 5036 bonorem,
1215 4990 1229 5018 »
1238 4968 1396 5023 secundum
1405 4967 1539 5037 gratiam,
1549 4982 1607 5021 nou
1617 4967 1775 5021 secundum
1784 4962 1846 5020 debi

112 5071 176 5111 cere
191 5056 270 5111 aliud
286 5073 333 5110 vas
349 5056 379 5110 in
393 5057 546 5127 honorem,
562 5058 638 5113 aliud
648 5074 696 5113 vas
711 5059 742 5112 in
756 5058 959 5114 contumeliam
1016 5062 1088 5125 lum,
1103 5058 1172 5112 dum
1182 5061 1210 5111 et
1223 5055 1349 5128 parvulis
1365 5054 1505 5119 subvenit,
1524 5069 1648 5125 quorum
1665 5054 1748 5109 nulla
1760 5053 1847 5108 merita

112 5145 205 5215 (Rom.
228 5160 266 5212 ur,
291 5147 336 5212 22,
363 5147 408 5212 23,
441 5149 496 5211 tl).
521 5166 535 5195 n
569 5147 667 5200 lderito
691 5151 788 5202 autem
817 5147 961 5202 rideretur
1013 5144 1069 5198 dici
1084 5149 1215 5216 possunt,
1239 5149 1267 5199 et
1285 5144 1407 5214 maJ'ores
1425 5142 1575 5214 prevenit,
1593 5146 1624 5195 nt
1642 5142 1750 5197 habere
1765 5140 1846 5211 aliqua

113 5233 251 5304 injustum
274 5233 350 5304 quod
375 5233 449 5288 liunt
471 5251 538 5288 vasa
568 5234 618 5288 ire
643 5234 678 5289 ad
709 5235 912 5305 perditionem,
935 5236 959 5290 si
1013 5232 1262 5303 meritapossint.]
1632 5272 1635 5277 .

112 5337 170 5374 non
191 5326 265 5376 esset
287 5323 349 5392 ipsa
373 5322 505 5376 universa
530 5339 564 5377 ex
590 5323 681 5377 Adam
696 5338 789 5377 massa
812 5323 956 5378 damnata.
1050 5322 1131 5387 ltem,
1145 5319 1175 5373 iu
1198 5320 1281 5374 libris
1305 5318 1340 5372 de
1361 5318 1479 5374 Ciuitate
1505 5317 1566 5384 llei,
1586 5318 1687 5373 volens
1712 5315 1847 5373 ostendere

113 5407 191 5470 Quod
206 5424 274 5479 ergo
291 5409 364 5464 liunt
379 5409 445 5463 inde
459 5411 602 5465 nascendo
616 5426 683 5464 vasa
704 5411 765 5477 ire,
784 5411 909 5480 pertinet
923 5409 959 5464 ad
1015 5412 1154 5480 qnantum
1180 5407 1259 5462 uelas
1280 5407 1310 5460 in
1327 5405 1377 5459 illa
1398 5404 1492 5477 prima
1521 5404 1758 5477 prevaricatione
1784 5416 1846 5457 com·

114 5493 240 5548 debitam
256 5511 371 5565 poenam
384 5509 391 5567 ;
406 5496 484 5566 quod
499 5500 594 5551 autem
609 5496 685 5552 flunt
704 5497 878 5552 renascendo
893 5512 959 5551 vasa
1015 5497 1135 5551 missum
1151 5496 1199 5561 sit,
1215 5499 1242 5549 et
1256 5494 1380 5565 qualiter
1395 5493 1458 5564 ejus
1473 5493 1576 5546 merito
1590 5493 1669 5548 credi
1687 5493 1789 5548 debeat
1800 5492 1847 5544 ron
