3930 6098
123 241 178 296 tuo
907 241 1094 300 EPISTOLAE.
1824 255 1876 308 490

123 374 261 428 solvatur.
286 373 336 428 llic
358 373 452 428 omnis
463 373 648 427 frustraretur
658 377 786 440 conatus,
805 372 829 427 si
844 373 972 446 utrisque
987 383 1010 434 Α
1031 377 1176 446 usurpavit
1190 378 1320 449 superbe.
1350 381 1501 437 Videamus
1518 383 1582 454 quis
1596 383 1642 438 hio
1656 384 1711 439 fuit
1724 386 1876 456 reseptos,

124 461 209 517 nobis
232 462 298 517 vitae
325 467 484 534 superesset
517 465 624 515 status:
650 460 718 533 quie
741 462 914 532 computatis
939 464 975 518 ab
1029 465 1072 518 vel
1087 480 1120 518 ex
1136 481 1193 535 qua
1215 467 1293 521 tribu
1307 467 1472 524 tudaeoruni
1487 472 1696 527 exstititortus.
1717 474 1765 528 an
1780 475 1876 530 enim:

124 566 190 618 era,
207 567 274 622 quae
290 566 366 604 nunc
381 549 485 604 dicitur
505 549 742 620 octingentesima
764 551 975 621 septuagesima
1028 554 1166 625 tosephus
1179 555 1297 622 llathioe,
1312 557 1399 624 filins,
1417 564 1445 613 et
1462 560 1652 632 Hierusolymi
1666 563 1808 631 sacerdos,
1828 563 1878 634 qui

124 645 234 706 ocmva,
250 638 354 710 viginti
367 643 396 694 et
409 645 518 710 septem
529 640 611 693 annis
628 638 679 705 ,in
695 655 753 693 aera
766 645 976 709 superventura
1029 645 1058 696 et
1071 642 1132 713 ipse
1159 644 1302 698 Romanos
1317 646 1410 716 primo
1432 648 1507 702 bello
1530 651 1764 721 oppugnaverim,
1781 656 1809 706 et
1825 667 1877 722 pu-

125 729 347 800 nongentesima
378 729 481 801 quinta
514 727 610 784 Zabuti
644 730 732 783 vestri
758 729 974 799 dignosceretur
1029 730 1195 786 sterioribus
1220 733 1408 790 nihilominus
1431 736 1609 792 interfuerim
1630 739 1736 810 praeliis
1753 740 1877 794 necessi-

126 818 274 873 adventns.
292 819 394 873 Verum
412 817 644 890 constringamus
660 835 712 873 nos
725 818 840 890 utrique
855 819 905 874 tali
921 819 974 874 de·
1028 823 1085 873 tate
1104 822 1281 878 constrictus.
1307 824 1340 878 Et
1360 824 1390 880 in
1412 826 1563 881 alioloco.
1592 830 1655 882 Non
1678 845 1731 899 ego
1758 828 1876 900 quidem
1941 818 1942 825 ἵ

126 906 268 961 linitionis
283 907 407 974 decreto,
423 907 492 962 uisi
509 907 567 961 vita
586 923 681 962 comes
696 907 793 973 fuerit,
810 911 839 963 et
857 907 973 979 utrique
1028 911 1132 975 Aaron,
1159 911 1208 965 sed
1233 917 1328 966 tamen
1360 930 1419 968 non
1447 914 1572 986 deneger
1596 918 1608 958 b
1636 917 1672 970 ab
1695 933 1739 972 eo.
1766 918 1818 973 Sed
1844 933 1877 972 ex

124 997 158 1050 ad
173 995 272 1066 ipsum
292 1012 434 1051 annornm
449 997 665 1067 pervenerimus
681 997 816 1068 spatium,
841 1001 874 1051 nt
892 998 973 1069 cujus
1028 999 1130 1069 quinto
1153 1000 1227 1055 libro
1251 1018 1309 1056 sum
1341 1003 1468 1058 ilistoriae
1487 1005 1666 1075 proferamus
1687 1007 1770 1077 quale
1794 1006 1878 1060 testi-

123 1085 194 1139 falsa
208 1085 332 1155 probata
345 1084 431 1140 fucrit
444 1086 567 1141 invectio
578 1085 609 1140 in
623 1086 766 1158 comparis
782 1085 869 1141 fidem
885 1086 973 1141 animi
1029 1087 1157 1142 monium
1173 1105 1260 1160 super
1278 1107 1337 1145 suae
1360 1092 1453 1162 gentis
1467 1093 1634 1163 produxerit
1656 1099 1811 1165 comptum.
1830 1096 1878 1148 Et·

124 1178 378 1245 transeatgressu.
1029 1175 1106 1230 enim
1132 1182 1328 1248 postquama
1364 1181 1536 1252 Vespasiano
1577 1184 1799 1254 comprehensus
1824 1187 1877 1248 est,

157 1267 185 1318 8.
202 1263 286 1328 Quod
308 1263 332 1318 si
346 1264 409 1334 ipso
430 1263 461 1317 in
481 1266 611 1335 tempore
625 1269 718 1319 vestra
738 1281 796 1318 non
815 1264 902 1320 luerit
925 1281 973 1319 re·
1028 1270 1113 1336 atque
1127 1265 1189 1320 neci
1215 1267 1403 1338 adjudicatus,
1423 1287 1475 1341 pro
1492 1287 1525 1325 eo
1549 1272 1625 1343 qnod
1651 1271 1706 1326 dux
1723 1272 1815 1326 fuerat
1828 1273 1879 1326 Ju-

124 1352 265 1422 demptio,
290 1368 440 1406 vereorne
460 1352 580 1408 forsitan
596 1353 683 1407 unius
705 1353 893 1408 hebdomada
920 1370 973 1408 nu·
1028 1353 1116 1408 daicae
1137 1355 1280 1416 factionis.
1308 1362 1335 1411 et
1355 1359 1452 1412 moltis
1471 1361 1616 1417 Romanos
1635 1360 1803 1430 fatigaverat
1821 1362 1880 1416 bel·

122 1456 238 1494 merum
259 1441 290 1494 in
304 1440 484 1511 septuaginta
500 1456 643 1496 annorum
658 1442 772 1495 vertatis
787 1443 973 1511 curriculum,
1028 1441 1075 1508 lia,
1103 1443 1220 1496 tandem
1248 1445 1418 1515 Vespasiano
1441 1448 1475 1501 de
1503 1452 1593 1502 morte
1623 1448 1742 1502 uer-onis
1766 1454 1794 1503 et
1817 1450 1879 1520 ejus

120 1535 154 1584 ut
170 1529 208 1583 lll
224 1529 327 1584 dccco·
348 1545 437 1583 annos
455 1530 593 1601 usquead
617 1530 708 1599 ipsius
728 1529 903 1602 iniquissimi
919 1531 972 1584 hu·
1027 1529 1182 1601 imperinm
1203 1533 1393 1602 proptioterit,
1418 1540 1445 1588 et
1469 1536 1546 1589 illico
1570 1552 1628 1590 non
1644 1539 1735 1591 sotum
1756 1539 1878 1608 gratiam

120 1617 173 1670 stis
184 1617 342 1672 adveutum
363 1617 462 1672 dicatis
473 1633 533 1672 esse
548 1618 713 1674 currendos.
1029 1618 1179 1674 solutionis
1203 1621 1321 1689 excepit,
1339 1620 1386 1674 sed
1403 1626 1430 1674 et
1445 1622 1577 1676 amicitiae
1593 1624 1687 1677 locum
1710 1625 1786 1694 apud
1812 1640 1879 1679 enm

153 1709 181 1759 9.
196 1705 400 1761 Animadverte
414 1706 547 1777 qualibus
563 1706 661 1761 Daniel
675 1707 781 1762 librum
797 1707 970 1779 signaverit:
989 1681 1010 1735 B
1030 1724 1086 1762 non
1111 1709 1353 1762 contemnendum
1380 1708 1512 1763 obtinuit.
1535 1711 1634 1765 Jussus
1654 1716 1751 1765 tamen
1775 1716 1817 1766 est
1849 1717 1880 1767 nt

111 1795 281 1862 Educatur,
298 1795 402 1867 inquit,
418 1799 443 1850 et
461 1795 670 1865 dealbabuntur,
687 1802 712 1851 et
727 1800 807 1866 quusi
821 1799 895 1869 ignis
908 1814 973 1867 pro·
1029 1797 1122 1869 patrio
1147 1812 1278 1850 sermone
1313 1798 1509 1868 alloqueretur
1533 1798 1656 1865 ludaeos,
1679 1816 1800 1870 quornm
1821 1800 1878 1854 dux

112 1883 262 1938 dabuntur
279 1885 378 1939 multi:
405 1888 431 1938 et
450 1886 532 1954 impie
556 1890 637 1952 agent
660 1901 750 1940 omrres
774 1889 864 1955 impii.
892 1888 974 1941 Porro
1029 1890 1090 1939 erat
1104 1886 1225 1940 loannes
1244 1885 1367 1940 Sicarius
1386 1886 1537 1956 parricida.
1562 1885 1613 1940 Cui
1630 1887 1726 1941 taliter
1739 1888 1879 1959 tosephus

107 1971 194 2028 docti
219 1971 378 2042 intelligent
393 1973 474 2045 (Dan.
499 1990 548 2039 xu,
575 1973 629 2045 10).
646 1974 730 2028 Vides
745 1974 813 2045 quia
833 1990 866 2028 ex
881 1974 973 2045 pluri·
1029 1974 1083 2028 ait:
1106 1974 1166 2028 Non
1183 1975 1297 2039 mirum,
1324 1977 1457 2036 loannes,
1484 1975 1508 2028 si
1535 1991 1699 2045 perseveres
1724 1992 1814 2048 usque
1839 1978 1875 2031 ad

107 2062 172 2116 vnis
193 2061 280 2132 pauci
297 2062 438 2131 eligentur
454 2067 481 2116 et
496 2061 725 2117 dealbabuntur:
750 2063 900 2117 etiterum
917 2078 974 2116 non
1029 2062 1172 2117 excidium
1187 2063 1298 2133 patriar,
1315 2079 1379 2117 cum
1394 2064 1455 2133 jam
1478 2064 1648 2134 reliquerint
1666 2081 1728 2119 eenr
1744 2065 1879 2136 praesidia

106 2165 235 2217 omnes,
254 2149 303 2205 sed
315 2151 399 2205 multi
418 2150 636 2221 probabuntur:
654 2156 683 2206 et
695 2151 778 2222 impii
793 2167 852 2206 non
867 2151 974 2205 intelli·
1028 2152 1145 2219 divina;
1163 2152 1213 2207 sed
1228 2152 1318 2206 miror
1330 2152 1353 2205 si
1366 2153 1524 2223 perituram
1542 2169 1601 2208 non
1624 2155 1725 2219 eredis,
1752 2171 1818 2208 eum
1839 2156 1876 2209 le·

102 2244 202 2313 gent,
224 2240 278 2311 qui
302 2241 392 2295 Deum
409 2245 574 2311 negarunt:
590 2256 678 2312 porro
700 2240 776 2295 docti
800 2240 972 2311 intelligent.
1029 2242 1104 2312 geris
1127 2240 1308 2312 propheticos
1323 2240 1420 2309 libros,
1435 2243 1539 2312 quibus
1555 2242 1664 2296 excidia
1678 2243 1780 2313 patriae
1795 2244 1878 2299 nobis

101 2330 176 2384 Nec
213 2329 293 2383 enim
316 2328 464 2384 scientiam
492 2328 560 2384 libri
591 2329 749 2398 interdixit,
773 2345 846 2400 quos
877 2329 975 2383 doctos
1029 2330 1283 2395 annuntiaverunt,
1300 2333 1328 2383 et
1348 2335 1479 2401 reparata
1509 2331 1635 2385 culmina
1660 2346 1758 2384 rursus
1782 2347 1798 2384 a
1821 2331 1879 2386 llu-

98 2417 188 2473 fidei
202 2433 267 2473 esse
282 2417 423 2489 praevidit.
443 2418 608 2489 applaudes
627 2424 655 2473 te
670 2419 786 2485 iterum,
802 2417 870 2489 quia
885 2418 907 2471 si
922 2418 974 2472 tibi
1029 2435 1114 2472 mano
1131 2419 1304 2473 destruenda
1318 2421 1453 2473 exercitu.
1479 2419 1552 2484 Quid
1569 2420 1646 2473 enim
1676 2419 1753 2473 aliud
1776 2419 1879 2473 clamat

96 2512 248 2574 vacaret,
259 2523 307 2561 me
319 2522 474 2579 meumque
495 2522 561 2577 eges
581 2507 677 2578 ipsum
691 2518 702 2543 ²
718 2508 840 2562 multum
857 2507 974 2562 doceres
1031 2509 1153 2562 Daniel?
1171 2509 1232 2562 Non
1246 2508 1323 2561 enim
1346 2508 1422 2578 quod
1438 2509 1499 2578 jam
1516 2509 1620 2562 factum
1636 2513 1707 2575 erat,
1731 2508 1780 2562 sed
1802 2508 1879 2578 quod

95 2611 243 2651 errasse.
276 2596 309 2649 Et
331 2595 408 2666 quod
442 2610 501 2649 non
535 2595 612 2650 vales
646 2596 807 2662 ostendere,
835 2595 918 2668 quasi
944 2597 974 2650 in
1029 2597 1449 2668 profuturumtprophetabat.
1475 2597 1545 2660 Quae
1567 2602 1609 2650 est
1630 2596 1805 2651 abominatio
1830 2596 1879 2650 de·

91 2685 248 2740 transitu
265 2684 383 2738 minitas
406 2684 560 2750 intentare,
586 2689 618 2738 ut
641 2685 729 2739 lector
753 2689 780 2739 te
801 2689 883 2756 putot
902 2683 974 2738 mihi
1030 2685 1179 2739 solutionis
1191 2684 1370 2739 venientibus
1390 2684 1556 2738 dltomanis
1578 2685 1650 2754 fore,
1666 2684 1722 2739 nisi
1746 2684 1879 2755 istaque

91 2788 253 2846 parcere,
280 2772 330 2844 qui
352 2772 496 2827 mentiens
520 2788 572 2827 neo
598 2778 654 2826 tuae
678 2772 783 2826 animae
810 2773 972 2844 pepercisti,
1031 2774 1190 2829 imminet?
1208 2773 1354 2844 Conspieis
1373 2773 1450 2844 quod
1475 2773 1537 2844 ipso
1565 2773 1594 2827 in
1620 2778 1750 2844 temporo
1768 2778 1880 2843 septua-

89 2862 188 2934 quia
214 2877 247 2917 or
276 2862 349 2932 quod
363 2864 503 2928 mentitur,
530 2863 856 2933 occiditonirnnm(8cp.
879 2879 898 2928 ι,
917 2864 972 2933 lt),
1031 2862 1323 2932 gintahebdomadas
1346 2861 1485 2932 losephus
1500 2866 1592 2916 vester
1617 2860 1879 2916 crediditesseim·

91 2950 215 3006 multu
243 2949 337 3021 magis
364 2950 508 3022 propriam
541 2966 628 3022 quam
655 2957 781 3005 externa.
808 2951 841 3004 Et
864 2950 897 3004 fit
920 2950 975 3004 boc
990 2967 1011 3023 c
1029 2950 1146 3022 platos?
1163 2951 1195 3006 Et
1210 2955 1272 3021 post
1288 2966 1378 3021 panea
1400 2949 1511 3004 addidit
1535 2949 1620 3004 etiam
1636 2950 1715 3004 baec:
1738 2950 1793 3004 Nec
1813 2966 1876 3020 ego,

92 3044 180 3094 arte
197 3038 343 3093 rhetorica
366 3043 408 3105 ut,
434 3038 503 3094 dnm
527 3055 584 3093 non
612 3039 688 3093 valet
703 3055 839 3110 responsa
861 3055 974 3109 parare,
1029 3039 1079 3106 ait,
1096 3040 1167 3094 liber
1186 3039 1222 3093 ab
1234 3038 1401 3109 hujusmodi
1417 3038 1543 3109 periculo
1570 3055 1643 3092 snm.
1663 3037 1734 3093 Novi
1754 3037 1872 3107 etipse,

96 3143 147 3182 se
163 3127 263 3197 lingat
284 3131 386 3199 sponte
401 3127 544 3193 omittere,
569 3144 633 3199 quae
649 3129 730 3199 quasi
745 3132 847 3198 potens
861 3133 976 3198 poterat
1029 3130 1097 3201 qnia
1112 3144 1176 3183 cum
1193 3127 1292 3181 vestris
1317 3127 1496 3198 periclitatur
1520 3127 1698 3180 sanctissima
1720 3126 1791 3180 mihi
1812 3142 1874 3180 rna·

99 3216 306 3289 approbare:
323 3221 354 3272 ut
369 3215 502 3272 ostendat
521 3217 656 3272 omnibus
670 3234 728 3272 non
741 3218 838 3272 deesse
853 3216 896 3271 illi
911 3222 973 3271 stu·
1028 3222 1081 3284 ter,
1103 3222 1131 3272 et
1145 3232 1224 3271 sacra
1238 3215 1328 3271 satius
1343 3231 1426 3282 uxor,
1456 3221 1542 3285 atque
1562 3231 1618 3269 non
1635 3214 1760 3286 ignobile
1775 3229 1876 3284 genus,

102 3305 215 3372 dium,
236 3305 288 3360 sed
302 3305 392 3360 animi
408 3310 514 3361 votum.
531 3305 632 3377 Sioque
648 3305 718 3360 dum
741 3313 853 3360 montes
867 3306 975 3376 ,aureos
1029 3310 1058 3361 et
1079 3305 1226 3377 quondam
1252 3305 1354 3360 domus
1378 3305 1529 3374 praelum
1555 3320 1587 3357 ac
1614 3303 1735 3358 fortasse
1762 3308 1881 3374 propter

111 3395 245 3466 pollicit,
268 3410 320 3450 nec
344 3410 450 3451 aereum
468 3411 620 3450 nummum
650 3395 790 3466 producit.
815 3395 928 3449 Talibus
944 3401 976 3449 tu
1029 3411 1109 3450 meos
1132 3411 1177 3449 me
1197 3394 1316 3448 siradere
1332 3394 1531 3447 arbitramini:
1550 3393 1670 3446 occidite
1686 3408 1745 3459 eos,
1762 3397 1791 3446 et
1805 3391 1880 3446 acci·

112 3483 254 3538 imbutus
287 3500 317 3538 es
341 3484 509 3556 disciplinis,
543 3488 572 3538 et
605 3484 670 3538 ideo
698 3487 724 3537 te
753 3481 866 3554 jactites
891 3498 976 3554 posse
1029 3484 1088 3556 pite
1109 3483 1229 3554 insuper
1251 3481 1413 3536 mercedem
1436 3497 1533 3535 meum
1558 3479 1737 3551 sanguinem,
1760 3479 1881 3535 libenter

125 3573 212 3643 qnod,
233 3572 410 3628 conscicntia
421 3578 502 3636 teste,
518 3574 595 3628 vales
615 3573 734 3628 minime
748 3573 885 3628 factitare.
1029 3573 1103 3628 hanc
1118 3573 1196 3627 solvo
1219 3572 1381 3626 mercedem
1397 3576 1496 3624 restrae
1518 3571 1625 3635 salutis,
1643 3569 1745 3640 sipost
1766 3585 1810 3623 me
1835 3585 1879 3623 sa·

160 3665 205 3718 lt).
231 3660 310 3717 Scito
329 3663 397 3733 qnia
416 3662 488 3717 nihil
507 3662 559 3717 tibi
575 3678 607 3716 ex
624 3663 758 3733 Egesippi
773 3662 857 3732 posui
871 3661 974 3731 verbis,
1029 3678 1097 3733 pere
1110 3662 1238 3732 potestis.
1261 3659 1410 3729 iutelligis,
1432 3659 1472 3713 mi
1492 3674 1638 3730 germane,
1651 3659 1718 3729 quia
1732 3673 1881 3728 nunquam

132 3751 173 3806 sed
189 3766 224 3805 ex
244 3751 358 3822 Josippi
380 3751 467 3806 vestri
490 3751 633 3817 doctoris3
656 3751 724 3821 qnia
754 3767 787 3805 ex
813 3751 976 3821 captivitate
1028 3747 1184 3821 aliquando
1206 3762 1305 3817 sapore
1316 3745 1528 3816 potestisJ'nxta
1547 3744 1632 3798 verba
1650 3744 1736 3798 vestri
1746 3743 1879 3810 doctoris,

135 3837 279 3911 babylonis
296 3840 437 3912 usquead
454 3841 594 3896 Herodem
615 3840 782 3911 alienigenae
796 3840 895 3910 prolis,
912 3856 975 3893 om·
1029 3853 1094 3891 vere
1108 3835 1227 3890 contidis
1243 3835 1273 3888 in
1289 3833 1379 3887 ventis
1391 3841 1413 3901 ⁰,
1431 3838 1459 3886 et
1472 3832 1559 3886 babes
1574 3831 1710 3886 fiduciam
1726 3831 1756 3885 in
1776 3831 1878 3885 nihilo.

140 3943 179 3982 nes
203 3928 350 3999 principes
370 3935 486 3983 vestros·
503 3933 530 3983 et
557 3945 641 4000 reges
668 3929 748 3983 fuere
764 3934 793 3983 et
816 3929 977 3983 sacerdotes
1032 3923 1131 3979 Dixisti
1147 3922 1224 3977 enim
1241 3921 1317 3992 quod
1337 3921 1398 3992 ipsa
1415 3926 1499 3974 natus
1519 3924 1562 3973 est
1576 3919 1622 3973 dio
1646 3924 1673 3973 et
1696 3925 1799 3973 unctus
1822 3934 1879 3989 quo

141 4019 186 4071 suis
199 4015 320 4072 tradidit
332 4017 623 4089 libris;nsurpantes
637 4017 692 4071 sibi
707 4016 897 4071 sacerdotium
913 4021 977 4087 post
1029 4010 1186 4064 Jerusalem
1220 4013 1328 4063 vastata
1367 4009 1430 4062 full·
1470 4007 1580 4063 Sufficit
1610 4007 1687 4061 enlm
1715 4006 1791 4077 qu⁰d
1817 4007 1878 4077 0j¹¹³

143 4119 251 4177 ragnum
267 4106 398 4161 invasum
412 4125 420 4172 3
434 4122 487 4176 per
503 4105 582 4176 qnod
607 4121 664 4160 non
683 4104 823 4160 diffiditur
842 4105 976 4159 lethalem
1031 4097 1166 4152 nativitas
1195 4097 1275 4152 vobis
1293 4097 1435 4150 excidium
1459 4100 1487 4150 et
1510 4099 1680 4167 perpetuam
1705 4095 1817 4148 ruinam
1832 4094 1880 4149 in-

145 4209 181 4248 eos
192 4193 361 4250 sustinuisse
377 4211 484 4249 casum.
502 4195 558 4249 Nec
574 4194 645 4250 mihi
661 4210 789 4265 opponas
802 4211 810 4247 :
821 4196 976 4248 Eutroneus
1031 4185 1111 4241 dixit·

146 4286 202 4336 uim
224 4285 275 4353 qvv'
295 4285 449 4350 conaverit,
472 4285 529 4339 nisi
550 4298 583 4337 ea
611 4283 685 4338 tribu
711 4287 818 4351 Aaron,
845 4284 1014 4347 morieturp
1074 4277 1116 4329 tt.
1132 4273 1224 4341 Vides,
1238 4273 1278 4327 mi
1291 4274 1388 4339 frater,
1403 4276 1431 4327 te
1447 4272 1595 4326 nieliorcm
1606 4287 1691 4325 essea
1704 4275 1752 4325 tuo
1769 4271 1880 4325 llessia.

148 4369 222 4437 litun.
237 4388 256 4441 1,
271 4373 326 4443 5¹).
346 4371 399 4428 Sed
417 4373 509 4426 recole
535 4371 723 4442 pervicaciam
757 4371 881 4425 tudaicae
911 4387 978 4440 gen·
1030 4362 1314 4428 Tusolutuses,ille
1337 4360 1647 4431 ligatus3tujuvenis‚
1679 4359 1727 4413 ille
1748 4359 1809 4430 jum
1837 4375 1881 4413 se·

149 4456 213 4514 tiset
232 4461 307 4515 mala
326 4460 408 4515 fortis
428 4459 587 4524 audaciam,
604 4465 632 4513 et
655 4466 723 4513 tunc
744 4459 816 4512 scies
832 4459 881 4529 qui
895 4463 976 4528 pote·
1032 4467 1097 4505 nex.
1120 4451 1151 4505 Et
1173 4451 1292 4505 forsitan
1312 4449 1380 4504 inde
1405 4449 1535 4515 senescit,
1565 4448 1621 4502 nisi
1647 4449 1781 4518 quotiens
1804 4447 1883 4503 dicas

151 4551 201 4600 rant
220 4564 360 4620 usurpare
389 4549 506 4618 maj0ra.
533 4549 592 4619 Ego
618 4548 696 4602 enim
723 4546 917 4602 Alexandrum
945 4563 978 4600 ex
1032 4540 1209 4594 incrementa
1225 4554 1291 4593 eum
1314 4554 1371 4592 nun
1393 4537 1498 4591 sentire
1526 4536 1629 4602 oetatis,
1655 4552 1705 4607 per
1728 4536 1804 4607 quod
1820 4552 1883 4590 me-

153 4633 212 4690 tn'bu
231 4637 311 4692 tude
341 4639 443 4692 ducem
472 4653 532 4692 esse
562 4636 684 4702 firmavi,
710 4636 761 4706 qui
788 4634 978 4689 sacerdotium
1033 4628 1134 4683 talium
1158 4642 1224 4680 eum
1252 4626 1349 4679 firmes
1374 4624 1540 4678 insensibile
1570 4640 1641 4678 esse.
1671 4624 1783 4678 Titulus
1805 4624 1883 4678 enim

153 4727 279 4794 usurparit
291 4725 356 4780 sibi.
369 4725 423 4793 To,
434 4725 458 4779 si
471 4724 550 4793 velis,
562 4725 683 4779 diceum
694 4723 799 4778 iterum
816 4738 867 4777 nec
882 4738 979 4793 regem
1034 4719 1086 4782 est,
1102 4732 1137 4769 ne
1153 4713 1265 4768 falsaris
1288 4714 1482 4768 metallorum.
1502 4713 1615 4767 Utinam
1638 4729 1696 4766 non
1721 4716 1748 4766 te
1771 4711 1885 4782 pigeret

153 4805 234 4880 luine;
251 4814 302 4868 sed
316 4814 371 4868 hoc
385 4829 444 4868 non
456 4813 575 4884 poteris,
595 4813 663 4884 quia
680 4812 853 4866 domesticus
868 4811 920 4866 tibi
935 4816 980 4866 te·
1035 4804 1106 4858 mibi
1120 4802 1244 4857 scribere
1262 4803 1326 4873 quis
1348 4818 1413 4856 cum
1433 4802 1533 4868 vinxit,
1554 4803 1618 4873 quis
1640 4801 1764 4856 vinctum
1786 4806 1884 4855 custo-

153 4897 320 4974 stisassurgit
343 4903 496 4974 Iosephus,
522 4903 571 4974 qui
596 4901 683 4957 etiem
709 4899 901 4956 aristobolum
922 4900 979 4954 fra·
1035 4893 1087 4958 dit,
1102 4892 1132 4945 in
1153 4908 1208 4962 qua
1222 4891 1325 4945 latrina
1340 4890 1462 4944 infectus
1479 4891 1565 4959 jacet,
1581 4889 1618 4959 ,in
1644 4905 1701 4960 qua
1716 4894 1800 4943 terrae
1816 4903 1883 4959 por-

152 4987 368 5061 tremeJustalia
394 4990 494 5045 fecisse
517 4990 576 5044 suis
598 4988 740 5060 approbat
766 4987 857 5042 dictis.
883 4987 981 5059 Siqui-
1034 4981 1113 5036 tione
1141 4981 1238 5034 cloaca
1256 4979 1397 5034 dimersus
1426 4978 1569 5032 vermibus
1593 4984 1689 5032 scatet.
1717 4976 1884 5032 Clamateei

150 5071 212 5141 dem,
227 5078 274 5144 ait,
289 5078 480 5149 aristobolus,
499 5078 545 5134 cui
568 5079 644 5132 inter
668 5078 770 5132 fratres
793 5080 861 5129 aetas
876 5092 981 5146 prove·
1036 5086 1103 5125 voce
1116 5069 1237 5139 majore,
1253 5067 1320 5138 quia
1335 5068 1454 5122 forsitan
1469 5068 1564 5121 alvum
1578 5071 1670 5120 vester
1685 5065 1797 5120 Messias
1814 5080 1884 5136 pur·

147 5163 217 5231 otior,
244 5182 324 5221 mens
350 5166 535 5237 praeruptior,
559 5166 755 5236 principatum
781 5164 930 5218 sacerdotii
947 5163 983 5218 ed
1036 5163 1095 5230 gat,
1120 5164 1169 5211 aut
1198 5157 1317 5211 vesicam
1348 5157 1486 5211 effusione
1516 5157 1606 5209 urinae
1639 5155 1724 5219 laxat,
1746 5158 1796 5206 aut
1823 5150 1885 5206 frmi

144 5256 217 5326 regni
252 5260 423 5328 potestatam
454 5256 508 5311 sibi
532 5257 683 5322 convertit,
715 5259 743 5308 ct
771 5255 903 5309 diadema
929 5254 982 5307 sibi
1035 5253 1169 5317 putorem
1184 5246 1268 5299 tacite
1296 5261 1328 5298 ex
1349 5245 1541 5305 anoeitxnlat,
1568 5248 1617 5296 aut
1641 5245 1716 5295 certe
1737 5240 1886 5295 inflatione

172 5388 184 5415 ⁸
203 5381 265 5450 teg.
278 5382 453 5450 Egestppnm,
469 5381 504 5435 de
521 5396 577 5451 qno
591 5379 698 5435 statim.
1072 5370 1086 5406 ἃ
1106 5373 1167 5431 tls..
1184 5373 1324 5454 ¹venientis.

170 5454 183 5494 t
202 5453 267 5522 Leg.
279 5454 404 5521 degener.
1073 5455 1083 5477 ⁰
1104 5446 1163 5508 tls,
1178 5449 1304 5496 intentos.

170 5532 181 5555 ί
199 5524 302 5591 Forte,
317 5525 487 5592 profuturo.

314 5622 455 5686 Parnon.
480 5619 586 5686 CXXI.
