3930 6098
104 279 156 332 879

678 275 849 333 Gltlllllhhl
868 275 1124 332 sauuathhuffls
1142 274 1287 333 leatus

1801 278 1849 343 88)

141 408 381 481 superabundent
398 407 428 462 iu
450 423 499 462 vos
513 406 619 461 divitiae
635 407 735 478 glorias
752 407 823 478 ejus,
841 422 948 477 vosque
966 414 989 467 Α
1004 406 1062 473 det,
1074 412 1103 461 et
1117 423 1177 462 suae
1190 407 1398 462 benedictionis
1412 406 1489 463 dono
1504 407 1672 479 locupletet.
1689 409 1791 462 Amen.

105 498 192 554 verbo
215 496 341 552 veritatis
366 495 499 563 instruat,
529 495 681 566 Evangelio
706 495 806 549 salvatis
828 496 949 561 erudiat,

1042 494 1239 566 Concedatque
1257 494 1338 549 robis
1357 496 1454 567 utqui
1472 496 1502 551 iu
1522 496 1584 551 sola
1605 512 1657 567 spe
1670 496 1773 567 gratia
1795 511 1849 550 cce·

106 587 295 656 omniumque
319 588 481 639 sanctorum
502 584 639 638 charitate
659 584 825 655 locupletet.
847 587 950 638 Amen.
1006 581 1084 636 lestis
1106 581 1275 651 innitimini,
1305 584 1413 639 coelesti
1437 584 1524 640 etiam
1543 583 1727 656 protectione
1747 584 1849 637 munia·

141 675 223 740 Quod
237 674 309 744 ipse,
324 678 391 741 ete,
408 672 457 743 qui
473 672 572 727 trinus.

106 777 363 819 aauanlcrvuuas
398 776 610 824 ouorvursurs
644 775 759 817 urceus
791 774 950 815 areauna.

141 852 294 907 Benedicat
309 850 388 906 vobis
403 851 552 918 Dominus,
570 855 598 905 et
614 850 757 905 custodiat
771 866 832 904 vos.
847 851 951 904 Amen.

141 939 289 996 llluminet
310 939 412 994 faciem
432 955 515 994 suam
538 955 705 1010 supervos,
730 945 759 995 et
783 938 954 993 misereatur

105 1029 203 1084 vestri.
219 1030 320 1083 Amen.

141 1118 294 1173 Convertat
307 1116 418 1171 vultum
434 1131 518 1171 suum
533 1115 567 1170 ad
584 1131 645 1183 vos,
661 1119 690 1170 et
702 1114 789 1171 donet
804 1115 884 1170 vohis
898 1132 953 1186 pa-

105 1222 178 1262 cem.
195 1208 297 1259 Amen.

142 1295 223 1360 Quod
242 1294 314 1365 ipse.

485 1382 562 1436 Alia.

141 1489 328 1560 Omnipotens
343 1489 418 1542 Deus
439 1503 490 1541 sue
505 1504 555 1542 vos
574 1485 728 1542 clementia
748 1487 909 1555 benedicat,
925 1492 954 1544 et

106 1593 221 1632 sensum
235 1575 316 1630 vobis
331 1575 479 1646 supientiae
494 1575 628 1630 salutaris
642 1576 784 1632 infundat.
795 1579 898 1632 Amen.

1006 670 1088 725 mini.
1102 672 1204 726 Amen.

1042 758 1186 822 Quatenus
1203 759 1277 815 etin
1292 760 1429 831 praesenti
1449 762 1552 816 saeculo
1570 760 1704 816 mortalis
1723 760 1789 814 vitae
1808 776 1848 814 so·

1007 846 1074 902 latia
1089 847 1216 919 capiatis,
1242 853 1271 903 et
1289 849 1465 920 sempiterna
1484 850 1590 921 gaudia
1610 849 1849 921 comprehendere

1007 936 1135 991 valeatis.
1151 938 1255 993 Amen.

1043 1024 1124 1089 Quod
1137 1023 1209 1097 ipse.

1393 1115 1470 1172 Ate.

1044 1202 1231 1274 Omnipotens
1250 1204 1324 1258 Deus
1347 1203 1470 1259 dextera
1493 1220 1553 1259 sure
1572 1208 1716 1276 perpetuo
1734 1220 1784 1258 vos
1802 1204 1847 1258 cir-

1008 1292 1123 1346 cumdet
1146 1291 1263 1361 auxilio,
1290 1297 1320 1347 et
1341 1292 1576 1349 benedictionum
1599 1307 1719 1348 suanum
1746 1291 1846 1364 repleat

1007 1381 1094 1437 dono.
1111 1383 1212 1435 Amen.

1043 1469 1083 1524 llb
1098 1470 1178 1525 omni
1194 1486 1242 1524 ros
1258 1469 1398 1540 pravitate
1423 1468 1566 1534 defendat,
1582 1474 1612 1526 et
1626 1469 1712 1526 donis
1730 1469 1845 1526 ccelesii-

1007 1557 1060 1612 bus
1075 1558 1232 1614 exuberare
1248 1558 1392 1614 concedat.
1413 1562 1515 1614 limen.

142 1665 294 1720 Catholicae
322 1663 389 1717 lidei
416 1680 464 1717 vos
493 1664 672 1719 documentis
702 1665 837 1733 enutriat,
866 1669 895 1721 et
922 1666 952 1720 iu
1043 1646 1105 1712 0¹¹⁰
1127 1663 1248 1719 c⁰rll⁰re
1270 1648 1402 1703 mundati
1426 1664 1458 1703 ³⁰
1481 1652 1588 1709 mem·
1614 1647 1704 1702 &¹⁸¹⁰
1727 1646 1843 1702 ⁰1⁰¹h5·

105 1754 208 1808 sanctis
223 1752 357 1822 operibus
372 1753 595 1822 perseverabiles
611 1753 722 1808 reddat.
736 1755 837 1808 Amen.

73 1890 78 1903 ,
139 1843 257 1897 Gressus
272 1847 380 1895 vestros
398 1841 433 1895 ab
450 1858 547 1896 errore
563 1848 717 1910 convertat,
735 1847 763 1897 et
786 1844 861 1899 viam
874 1842 954 1898 vobis

103 1931 182 2002 pacis
197 1934 225 1984 et
239 1929 385 1985 charitatis
398 1931 540 1985 ostendat.
557 1936 659 1986 Amen.

140 2019 221 2083 Quod
243 2019 314 2089 ipse.

490 2107 567 2161 Atta.

140 2214 261 2269 Inclinat
286 2213 424 2269 Dominus
446 2229 545 2268 aurem
563 2229 646 2268 suam
670 2213 705 2268 ad
728 2228 826 2284 preces
852 2216 954 2268 vestrae

106 2304 287 2369 humilitatis,
302 2307 332 2358 et
350 2302 398 2357 det
420 2303 500 2357 vobis
519 2303 641 2373 gratiam
662 2318 721 2357 suae
736 2301 953 2366 benedictionis,

106 2397 135 2447 et
149 2392 302 2463 premium
313 2391 497 2462 sempiternae
513 2391 623 2446 salutis.
639 2393 740 2446 Amen.

142 2480 261 2551 Semper
280 2485 309 2533 et
333 2479 439 2549 ubique
459 2479 612 2533 Dominum
635 2478 795 2550 propitium
815 2479 953 2547 habeatis,

107 2572 136 2622 et
151 2568 180 2621 in
196 2569 257 2636 ejus
270 2566 405 2620 laudibus
415 2565 573 2620 exsultetis.
584 2569 686 2621 limen.

142 2655 280 2710 Omnium
300 2658 482 2725 peecatorum
501 2659 661 2708 vestrorum
681 2653 796 2709 vincula
809 2654 901 2709 solvat

107 2742 144 2798 ad
161 2742 284 2815 gloriam
298 2742 503 2814 sempiternam
515 2759 564 2797 vos
578 2743 728 2816 pervenire
741 2743 834 2798 iaciat.
851 2746 953 2799 Amen.

143 2831 225 2897 Quod
242 2831 315 2903 ipse.

490 2919 567 2974 Alio.

143 3025 330 3081 Deuotiouem
345 3029 468 3080 restrum
485 3023 623 3079 Dominus
641 3023 796 3096 dignanter
813 3023 953 3095 intendet,

107 3120 136 3170 et
148 3131 208 3170 suae
222 3115 302 3170 vobis
323 3113 531 3169 benedictionis
550 3114 659 3168 donum
682 3114 828 3168 concedat.
851 3116 952 3172 Amen.

142 3203 261 3275 Taliqua
283 3219 333 3258 vos
350 3203 380 3257 iu
403 3203 539 3272 prasenti
561 3202 664 3256 saeculo
683 3201 811 3257 subsidio
832 3204 954 3271 muniat,

106 3296 139 3347 ut
154 3291 278 3362 paradisi
294 3307 343 3345 cos
363 3291 393 3345 iu
413 3291 509 3345 futuro
529 3290 704 3344 habitatores
721 3290 834 3345 efficiat.
851 3294 953 3348 Amen.

143 3381 246 3452 Sicque
271 3379 357 3434 corda
384 3384 479 3433 vestra
503 3378 707 3433 sanctificando
736 3378 897 3447 benedicat,
926 3384 955 3437 et

107 3466 302 3522 benedicendo
321 3466 486 3533 sanctificet,
507 3469 539 3520 ut
555 3465 714 3533 vobiscum,
731 3466 789 3521 imo
810 3466 841 3522 in
861 3468 952 3538 vobis,

107 3571 172 3609 eum
186 3554 294 3626 jugiter
310 3554 438 3609 habitare
454 3554 583 3609 delectet.
596 3557 697 3610 Amen.

143 3642 225 3708 Quod
241 3643 312 3713 ipse.

489 3732 568 3787 Alia.

141 3826 192 3880 Oet
213 3824 294 3880 vobis
314 3824 452 3880 [lominus
472 3841 578 3881 munus
598 3841 658 3881 suae
681 3826 902 3901 benedictionis,
924 3834 953 3886 et

108 3914 215 3984 repleat
227 3930 274 3967 vos
288 3913 394 3984 Spiritu
410 3914 538 3969 veritatis
551 3917 579 3968 et
591 3916 679 3986 pacis.
694 3918 797 3972 Amen.

141 4001 287 4065 Quatenus
302 4004 342 4055 sie
361 4018 413 4071 per
433 4001 508 4056 viam
531 4003 631 4058 salutis
650 4004 752 4060 devota
774 4011 871 4061 mente
885 4022 953 4061 cur-

105 4092 175 4144 ratis
190 4096 223 4144 ut
241 4090 463 4159 subripientium
483 4091 652 4146 delictorum
667 4093 785 4165 laqueos
800 4094 953 4150 salubriter

106 4178 241 4231 evadatis.
255 4181 354 4231 hmcu.

141 4266 245 4337 Sicque
266 4265 432 4320 efficiamini
451 4265 481 4321 in
502 4266 563 4337 ejus
580 4266 787 4339 supplicatione
801 4270 908 4341 devoti,
924 4275 953 4327 et
971 4298 995 4355 D
1042 4298 1188 4363 Quaem„
1203 4297 1274 4367 φθῇ,

106 4354 136 4408 in
158 4359 258 4409 mutua
278 4354 429 4408 dilectione
449 4355 563 4422 sinceri,
583 4362 616 4412 ut
641 4358 677 4412 ad
693 4359 808 4415 caeleste
830 4375 952 4432 reguum

105 4443 256 4513 pervenire
275 4443 390 4514 possitis
406 4443 508 4500 securi.
524 4449 629 4502 Amen.

142 4531 220 4596 Quod
237 4532 308 4603 ipse.

488 4621 564 4678 Atio.

141 4716 284 4773 Concedat
303 4717 384 4772 vobis
404 4719 477 4772 Deus
497 4719 681 4791 omnipotens
704 4737 809 4777 munus
825 4739 884 4777 suae
902 4724 951 4778 he-

105 4805 286 4874 nedictionis,
320 4807 370 4878 qui
398 4811 500 4862 vestrm
535 4814 578 4863 est
605 4810 736 4864 conscius
764 4811 950 4867 infirmitatis.

105 4897 207 4949 Amen.

142 4984 175 5037 Et
189 4983 239 5054 qui
260 4983 340 5038 vobis
360 4983 539 5054 supplicandi
555 4985 655 5040 tribuit
678 4986 820 5056 allectum,
844 4988 952 5045 tribuat

105 5072 307 5128 consolationis
321 5073 469 5127 auxilium.
486 5073 588 5129 Amcn.

142 5161 176 5216 Ut
194 5164 229 5216 ab
252 5176 286 5215 eo
303 5165 332 5214 et
343 5161 493 5231 praesentis
512 5165 540 5215 et
559 5161 663 5216 futurae
683 5163 747 5218 vitae
762 5163 890 5219 subsidia
904 5181 950 5220 ca·

104 5248 201 5319 piatis,
231 5248 312 5319 qu'us
340 5267 388 5304 vos
425 5249 554 5305 bonitate
591 5256 698 5306 creatos
728 5268 790 5308 esse
823 5253 949 5311 creditis.

104 5340 207 5393 Amen.

489 5429 566 5485 Atio.

140 5531 328 5604 Omnipotens
345 5536 418 5589 Oeus
432 5535 538 5590 caelesti
562 5551 613 5589 vos
631 5535 807 5606 protectione
826 5537 948 5593 circum·

973 1708 1099 1790 Bbeatis
1115 1736 1291 1800 servitutem,
1308 1750 1361 1806 per
1378 1751 1464 1807 quarn
1484 1751 1565 1790 suam
1584 1735 1725 1807 consequi
1737 1734 1843 1789 rdeahs

1008 1824 1253 1895 propitiationem.
1276 1831 1376 1880 umen.

1042 1912 1123 1977 Quod
1135 1911 1204 1983 ipse.

1390 2001 1467 2054 Atto.

1044 2089 1178 2144 Purihcet
1192 2088 1375 2160 omnipotens
1391 2089 1465 2143 Deus
1478 2092 1640 2142 vestrorum
1660 2087 1788 2143 cordium
1801 2102 1841 2141 ar·

1007 2195 1087 2245 caua,
1104 2185 1131 2233 ct
1143 2178 1351 2234 benedictionis
1375 2192 1433 2233 suae
1449 2177 1527 2232 robis
1542 2177 1652 2233 tribuat
1665 2176 1838 2231 incrementa.

1007 2270 1107 2323 Amen.
1283 2330 1286 2336 .

1042 2355 1084 2410 Ab
1101 2354 1234 2409 omnibus
1250 2354 1314 2410 vivae
1334 2354 1483 2426 praesentis
1502 2353 1640 2426 periculis
1653 2353 1803 2420 exuamini,
1816 2356 1839 2408 et

1007 2443 1146 2499 virtutum
1170 2444 1343 2515 spiritalium
1364 2443 1538 2498 ornamentis
1560 2443 1731 2500 induamini.
1749 2447 1835 2500 Amen.

1043 2534 1104 2598 Quo
1120 2533 1198 2588 illius
1210 2532 1351 2603 adjutorio
1365 2532 1440 2599 tutti,
1461 2531 1501 2587 sic
1518 2531 1543 2586 ei
1560 2533 1691 2588 serviatis
1711 2532 1742 2587 iu
1756 2531 1835 2591 terris,

904 2695 911 2722 ’
926 2658 956 2710 et
1008 2627 1041 2677 ut
1056 2621 1082 2675 ei
1097 2620 1234 2693 conjungi
1248 2621 1366 2676 valeatis
1379 2620 1410 2676 in
1424 2621 1512 2676 eoelis.
1528 2623 1631 2678 Amen.

1045 2709 1126 2775 Quod
1141 2710 1213 2781 ipse.

1392 2799 1467 2853 Atia.

1044 2885 1232 2958 Omnipotens
1254 2887 1328 2941 [leus
1346 2887 1478 2941 universa
1495 2905 1512 2941 a
1530 2887 1609 2943 vobis
1626 2887 1743 2942 adversa
1755 2885 1834 2941 exolu-

974 3005 994 3061 G
1009 2975 1067 3042 dat,
1084 2980 1112 3030 et
1126 2991 1185 3030 suae
1202 2990 1289 3046 super
1303 2991 1353 3030 vos
1367 2975 1576 3032 benedictionis
1590 2975 1665 3031 dona
1680 2974 1833 3047 propitiatus

1008 3063 1149 3118 infundat.
1168 3067 1270 3118 Amen.

1043 3152 1246 3207 cordavestra
1265 3149 1370 3205 alliciat
1389 3148 1476 3204 sacris
1495 3150 1605 3206 intenta
1625 3149 1831 3220 doctrinisque

1007 3239 1119 3310 possint
1132 3238 1237 3310 repleri
1249 3238 1394 3294 beneficiis
1409 3237 1600 3308 sempiternis.
1618 3240 1720 3295 Amen.

1043 3328 1189 3392 Quatenus
1217 3327 1399 3398 exsequenda
1421 3326 1626 3396 intelligentes,
1655 3331 1686 3382 et
1709 3325 1830 3380 intellecta

1008 3420 1205 3487 exsequentes,
1233 3419 1261 3469 et
1289 3414 1366 3469 inter
1393 3414 1509 3468 adversa
1536 3415 1639 3470 muudi
1666 3409 1828 3470 inveniamini

1007 3503 1168 3569 indemnes,
1180 3507 1207 3557 et
1219 3502 1371 3558 beatorum
1383 3501 1538 3574 spirituum
1551 3501 1716 3558 efficiamini
1728 3501 1828 3556 collare

1007 3592 1066 3647 des.
1083 3595 1183 3648 lmen.

1043 3680 1124 3746 Quod
1146 3679 1216 3752 ipse.

1096 3801 1104 3815 .
1392 3768 1470 3822 Atto.
1873 3838 1875 3843 Ι

1042 3852 1229 3924 Omnipotens
1253 3855 1327 3908 Deus
1348 3853 1409 3908 dies
1428 3858 1536 3909 vestros
1556 3854 1586 3908 in
1605 3870 1658 3909 sua
1673 3851 1824 3926 pacedispo·
1873 3852 1875 3863 '

1007 3947 1067 4010 nat,
1081 3948 1109 3997 et
1121 3957 1180 3996 suae
1192 3941 1272 3996 vobis
1284 3942 1491 3998 benedictionis
1502 3943 1576 3997 dona
1589 3943 1733 3999 concedat.
1745 3944 1823 3996 Amen.

1041 4031 1084 4085 ab
1099 4030 1234 4086 omnibus
1247 4047 1296 4086 vos
1315 4031 1581 4101 perturbationibus
1596 4033 1706 4095 liberet,
1722 4036 1748 4086 et
1759 4042 1823 4084 men-

1006 4123 1049 4174 tes
1072 4123 1179 4176 vestras
1202 4119 1233 4174 in
1257 4135 1316 4174 sua
1339 4119 1418 4191 pacis
1442 4120 1653 4194 tranquillitate
1680 4116 1822 4176 consolidet

1006 4210 1108 4264 Amen.

1290 4295 1358 4351 fidei
1371 4300 1400 4352 et
1414 4296 1560 4353 charitatis
1579 4300 1702 4370 gemmis
1716 4293 1794 4353 ornrti
1803 4294 1823 4344 el

1006 4389 1178 4459 praesentem
1203 4385 1291 4441 vitam
1315 4386 1480 4456 transigatis
1501 4386 1596 4456 illaesi,
1612 4393 1641 4444 et
1664 4388 1700 4445 ad
1713 4392 1821 4443 ahmam

1007 4475 1182 4548 perveniatis
1196 4473 1298 4529 securi.
1315 4477 1415 4531 Arnen.

1042 4564 1123 4630 Quod
1136 4563 1207 4635 ipse.

1317 4667 1344 4707 a.
1363 4666 1396 4707 vn
1414 4665 1550 4707 svuono.

1042 4738 1179 4795 Dominus
1198 4739 1299 4793 messis
1319 4742 1348 4793 et
1365 4738 1523 4809 corporalis
1540 4743 1571 4795 ct
1584 4738 1720 4811 spiritalis
1735 4739 1774 4795 det
1784 4747 1818 4786 tv

1005 4831 1051 4885 bis
1063 4830 1239 4885 incrementa
1253 4829 1352 4899 gratiae
1368 4828 1560 4884 sacerdotalis.
1584 4832 1690 4888 Amen.

1042 4920 1076 4974 Ut
1100 4933 1188 4974 mauu
1214 4922 1243 4973 ct
1265 4918 1364 4989 lingua
1385 4933 1528 4989 pauperes
1550 4918 1656 4974 Christi
1680 4915 1816 4973 muratel,

1006 5024 1071 5063 oum
1087 5005 1148 5060 istis
1163 5004 1239 5061 fiatis
1253 5010 1377 5061 ovantes.
1394 5009 1494 5061 Amen.

1042 5098 1074 5151 Et
1094 5093 1130 5150 ad
1154 5095 1301 5151 dexteram
1323 5094 1471 5150 constituti
1489 5093 1674 5168 participium
1686 5083 1818 5167 percipietis

1005 5185 1073 5256 agni
1090 5184 1150 5241 llei.
1166 5187 1269 5240 Amen.

1041 5274 1121 5339 Quod
1151 5275 1210 5345 ejus
1237 5272 1403 5344 dignatione
1429 5271 1493 5328 heri
1511 5273 1701 5345 postulemus,
1716 5272 1818 5346 quiquo

1006 5368 1071 5418 aute
1093 5363 1228 5417 saeculum
1253 5361 1394 5432 prescivit
1416 5366 1445 5417 et
1469 5362 1708 5433 praesdestinavit,
1729 5366 1756 5416 et
1774 5354 1818 5411 suit

1004 5450 1093 5505 finem
1115 5450 1212 5505 saeculi
1234 5451 1346 5505 vocavit
1370 5455 1398 5506 ct
1416 5451 1596 5520 justificavit,
1619 5451 1652 5507 in
1673 5451 1729 5507 fine
1750 5435 1819 5503 satflfi

1004 5537 1185 5609 glorificabit.
1201 5540 1304 5594 Amen.
