3930 6098
678 113 851 171 seruabis
874 112 921 169 eb
939 111 1056 170 osuiu
1075 110 1213 167 ALVbltl.

875 429 1082 497 INCIPIUNT

372 594 895 705 EPIGRAMMATA
940 591 1204 704 DOMINI
1248 590 1586 703 CYPRIANI

632 788 954 845 ARClllPRESBYTERl
974 788 1212 846 CORDUBENSIS
1232 787 1328 844 sauls

720 916 772 977 Ad
782 917 954 1002 petitionem
968 918 1097 979 Aoum
1111 915 1193 977 edita
1205 925 1227 975 ¹.

903 1085 1054 1097 —-

518 1226 539 1278 l.
968 1224 992 1279 Α
1408 1222 1454 1276 iv.

104 1332 244 1401 hocopus
257 1330 362 1384 illustri
372 1329 485 1384 comitis
497 1329 627 1384 clarescit
640 1328 745 1395 liduit,
1182 1329 1312 1398 Ejusdem
1335 1329 1468 1397 capriani
1485 1326 1563 1397 cujus
1581 1343 1677 1396 sapi-a.

104 1401 160 1466 Oui
174 1400 295 1481 sumptis
308 1400 432 1471 propriis
445 1400 586 1454 librorum
598 1405 660 1455 teca
675 1399 804 1466 novavit;

105 1472 166 1537 Qua
181 1487 247 1525 nori
261 1470 414 1537 habentur,
429 1475 595 1541 veteresque
609 1471 638 1524 in
654 1470 754 1525 ordine
767 1470 833 1525 libri

104 1541 278 1597 Testamenti
289 1541 347 1595 veri
364 1541 488 1595 inhianti
500 1540 535 1595 ad
548 1541 655 1596 aethera
669 1541 777 1595 victum

106 1614 229 1683 Pergere
239 1627 406 1665 mansurum
419 1615 511 1682 parat,
526 1618 554 1665 et
569 1612 669 1666 tollere
680 1611 799 1674 clamat:

106 1685 165 1739 Hae
184 1682 246 1737 cibo
262 1681 327 1752 qais
342 1683 427 1736 tuerit
449 1686 558 1751 pastus,
584 1682 659 1737 hand
683 1689 820 1752 aggravat
843 1687 907 1737 exta
929 1685 952 1748 b,

105 1755 162 1808 Nec
177 1758 307 1807 ventrem
321 1752 412 1818 farcit,
428 1753 477 1807 sed
493 1753 590 1806 crebre
606 1752 739 1822 spiritum
750 1753 811 1807 alit.

107 1823 179 1879 Hinc
193 1822 257 1878 fons
271 1823 428 1893 perspicuis
442 1823 567 1892 paradisi
582 1823 675 1892 surgit
690 1838 706 1875 a
720 1823 837 1894 limphis
853 1840 860 1878 ε

107 1892 260 1948 Hicdulcis
275 1893 395 1948 haustus
409 1893 500 1947 ellluit
518 1893 549 1946 iii
564 1893 686 1963 pectoris
701 1900 796 1960 antro,

108 1963 159 2018 llic
173 1963 267 2034 largos
281 1963 380 2017 latices

107 2034 172 2088 llaec
186 2033 313 2103 lorisque
329 1980 442 2088 renidet
456 2033 566 2104 argenti
582 2035 659 2088 claro
674 2035 802 2105 metallo,
865 2043 867 2047 ’

108 2105 141 2159 Et
154 2104 233 2158 intus
247 2103 317 2158 cluit
331 2103 467 2174 spiritalis
502 2103 582 2158 retiae
592 2105 678 2159 dono.

109 2173 217 2229 Obtulit
232 2190 335 2245 nempe
351 2176 408 2230 Deo
418 2119 570 2244 praedictas
581 2191 676 2229 comes
688 2174 807 2230 Adultus
1012 2173 1158 2230 Guisindis
1172 2175 1300 2229 dextram
1316 2175 1435 2229 illustris
1451 2175 1559 2228 adorna
1573 2173 1699 2240 flabelle,

110 2243 277 2298 ldemoriam
286 2260 374 2315 penes
386 2245 485 2298 Aciscli
500 2245 634 2316 martyris
649 2245 729 2312 almi,
1012 2245 1111 2300 Praeba
1125 2245 1191 2299 licet
1205 2245 1289 2300 falsos
1304 2251 1415 2311 veritos,
1431 2249 1617 2316 attemperet
1633 2247 1738 2298 aestum

110 2313 241 2369 cordoba
254 2319 364 2368 sacrata
376 2314 507 2369 conditus
517 2330 574 2385 qua
589 2315 664 2370 sistit
679 2315 709 2370 in
723 2316 798 2370 aula.
1012 2317 1151 2386 Tempore
1168 2316 1265 2370 aestivo
1281 2316 1393 2371 defluxa
1404 2316 1533 2370 membra
1545 2314 1685 2369 relucens.

111 2385 251 2438 vernulus
264 2389 403 2454 patronus
418 2385 479 2465 jam
492 2385 582 2439 fastus
596 2395 607 2420 ⁰
622 2387 701 2440 testis
717 2388 860 2452 alumnus,
1012 2387 1121 2441 Pensus
1133 2392 1162 2440 et
1176 2386 1302 2440 osticium
1317 2387 1441 2458 implens
1455 2402 1508 2458 per
1522 2383 1531 2422 f
1546 2386 1642 2441 omnia
1656 2389 1750 2439 tuum.

110 2455 147 2510 Ut
159 2454 272 2508 tantillo
288 2458 384 2508 tentus
398 2455 533 2526 dignetur
543 2455 710 2526 impendere
725 2462 841 2527 martyr,
1509 2485 1514 2493 ·

112 2524 247 2579 obtineat
261 2524 371 2578 meritis
386 2525 515 2580 Christus
528 2530 562 2580 ut
576 2527 682 2580 scelera
696 2544 747 2581 sue
979 2516 1000 2570 Β
1412 2511 1460 2566 Ἦ·

110 2596 224 2676 Tergat,
240 2600 327 2666 atque
341 2595 467 2650 animam
483 2597 590 2650 carnali
606 2598 729 2652 claustra
743 2597 851 2663 relicte,
1014 2598 1199 2668 Epitaphium
1214 2599 1287 2669 quod
1301 2598 1386 2653 isdem
1403 2600 1431 2651 ia
1454 2598 1575 2666 sepulcro
1597 2596 1704 2652 domiai
1726 2597 1909 2652 Samsoin·
1920 2615 1962 2653 s

112 2665 252 2720 Coelieolis
268 2667 409 2736 glomeret
417 2665 493 2720 felici
507 2667 537 2720 in
552 2666 620 2721 sede
634 2668 727 2721 beata.
1297 2670 1353 2722 edit
1363 2674 1446 2723 metro
1461 2669 1575 2723 heroico.

29 2738 40 2747 ”
112 2735 221 2792 Oblatis
235 2735 319 2790 bonis
329 2736 418 2790 tueris
434 2737 502 2791 duni
518 2737 607 2791 lector
619 2738 670 2792 ade
693 2743 748 2806 tus,

111 2805 195 2862 Adsis
208 2822 260 2876 pro
274 2822 321 2860 me
337 2807 396 2861 lieo
410 2807 525 2862 acclinis
540 2824 626 2878 posco
641 2754 759 2863 asulfus
776 2825 782 2862 τ

1007 1435 1129 1491 Renidst
1141 1434 1172 1489 iii
1187 1450 1274 1489 manu
1292 1433 1439 1489 flabellum
1454 1432 1567 1488 comitis
1585 1431 1666 1501 almi,

1008 1505 1122 1561 Litteris
1136 1504 1244 1559 conseri
1267 1510 1327 1560 tum
1344 1504 1448 1571 aureis,
1464 1509 1496 1558 ut
1508 1504 1646 1574 competit
1662 1501 1716 1567 illi,

1007 1576 1129 1632 Nomine
1141 1522 1292 1631 Guiireisus
1303 1591 1338 1629 ex
1353 1591 1433 1629 sacro
1450 1575 1564 1645 gurgite
1579 1574 1683 1628 dictus.

1009 1648 1045 1702 Ut
1057 1647 1144 1717 pellet
1160 1651 1261 1700 aestum
1277 1661 1346 1700 aura
1360 1646 1497 1700 suadente
1512 1644 1639 1706 flabello.

1008 1718 1100 1772 Trade
1113 1717 1206 1771 libens
1219 1733 1314 1770 comes
1324 1716 1454 1787 gloriosse
1467 1715 1582 1786 conjugi
1598 1714 1681 1780 illud,

1009 1787 1102 1843 Simili
1112 1792 1144 1842 ut
1161 1787 1244 1842 inodo
1260 1786 1474 1841 incumbentem
1484 1786 1603 1856 dissipet
1614 1789 1719 1840 oestum

1009 1857 1153 1914 Guisindoe
1168 1858 1260 1925 dictae,
1279 1863 1306 1913 et
1317 1862 1366 1911 tuo
1381 1857 1411 1911 in
1428 1858 1517 1911 latere
1528 1873 1618 1911 neme.

417 1980 448 2017 er
461 1963 561 2018 muudi
576 1964 701 2034 compita
713 1963 799 2018 mittit
1418 1981 1448 2035 v·

1205 2071 1271 2124 ltem
1289 2069 1341 2123 atii
1355 2067 1475 2138 ejusdem
1495 2069 1525 2121 in
1548 2067 1664 2135 flabello.

1016 2774 1085 2838 Quis
1095 2779 1254 2846 quantusve
1268 2773 1322 2829 luit
1337 2774 1455 2830 Samson
1467 2773 1645 2828 clarissimus
1656 2771 1741 2837 abba,

1016 2845 1104 2916 Cujus
1120 2845 1149 2898 iri
1163 2861 1235 2899 urna
1259 2849 1377 2899 manent
1395 2845 1447 2899 liae
1473 2861 1552 2897 saera
1577 2843 1706 2897 membra
1720 2843 1751 2898 iu
1791 2845 1857 2898 aul
1868 2864 1939 2913 a,

1016 2917 1151 2969 Personat
1169 2916 1304 2986 llesperia
1321 2915 1398 2970 illius
1412 2915 1518 2969 lamine
1533 2915 1601 2968 iota.

1019 2986 1109 3040 Flecte
1120 2987 1208 3040 [leoni
1221 2985 1365 3054 precibus,
1382 2987 1478 3054 lector,
1496 3001 1572 3039 nunc
1586 2985 1668 3039 ssecte
1684 2999 1790 3055 peroro

1016 3058 1132 3111 AEthera
1148 3062 1180 3111 ut
1194 3057 1286 3127 culpis
1295 3057 1484 3111 conscendere
1498 3057 1594 3111 tersis.
1660 3052 1665 3066 ¹

1020 3128 1150 3181 Discessit
1165 3130 1249 3197 longe
1260 3132 1345 3181 natos
1361 3129 1521 3206 plenusque
1534 3126 1656 3180 dierum.

1017 3197 1129 3251 Sextilis
1143 3213 1269 3268 namque
1281 3203 1386 3252 mentis
1400 3198 1446 3252 die
1459 3197 1594 3250 vicesima
1608 3196 1714 3266 prima.

526 3283 559 3338 11⁴
1019 3267 1131 3322 Sextilis
1146 3283 1272 3339 namque
1289 3269 1396 3322 mensis
1411 3267 1504 3339 primo
1516 3271 1545 3322 et
1559 3266 1695 3322 vicesimo
1712 3266 1783 3322 sols.

116 3387 183 3440 item
196 3385 315 3454 ejusdem
330 3385 368 3439 ad
384 3389 539 3455 petitionem
556 3389 634 3456 Zopti
647 3390 691 3443 sai
715 3391 745 3442 ia
759 3387 840 3456 Jtdem
863 3385 965 3443 biblio·
1314 3375 1380 3459 AEra
1393 3390 1567 3430 nccccxxviu.

153 3454 234 3510 theca
248 3471 330 3524 quam
346 3459 493 3526 scripserat
508 3459 656 3514 Saturnino
669 3460 869 3514 archidiacono.
1414 3499 1470 3552 VH¹

118 3559 248 3643 laudum
263 3565 329 3616 vota
343 3561 396 3616 tihi
410 3564 512 3644 Toylus
527 3569 626 3646 gtratus
642 3566 804 3646 persolvere
817 3563 895 3618 nitor
1179 3587 1244 3641 pem
1256 3585 1426 3656 epitaphium
1441 3585 1475 3640 ab
1489 3585 1578 3640 eodem
1593 3585 1708 3640 editum.

118 3631 737 3703 ChristoRedemptoriauctori,etDomino
755 3650 844 3689 meo:
1085 3692 1113 3704 ,,
1168 3692 1173 3704 ,
1397 3692 1403 3703 ,
1439 3692 1444 3703 ,
1475 3692 1481 3704 ,

118 3701 206 3772 Cujus
219 3702 309 3757 sustus
323 3718 378 3773 ⁰l⁸0
393 3708 504 3758 tantum
520 3706 630 3774 explevi
645 3706 785 3761 lahorem,
1021 3692 1129 3748 Nobilis
1145 3692 1192 3747 hic
1207 3696 1296 3746 exstat
1308 3692 1462 3748 Hermildis
1473 3708 1503 3746 in
1519 3692 1602 3747 busto
1618 3690 1722 3751 locata.

119 3772 193 3827 uum
207 3772 295 3827 tinem
306 3773 411 3828 adieris
426 3775 508 3830 istius
522 3778 611 3831 thece
627 3777 756 3846 legendo,
984 3809 1005 3864 C
1020 3765 1088 3846 Ope
1103 3764 1214 3845 christo
1229 3764 1371 3817 famulans
1386 3765 1542 3817 temnendo
1557 3763 1654 3817 saeeuii
1665 3778 1813 3845 pomponi.
1901 3792 1917 3803 -

118 3844 174 3897 Pro
188 3858 234 3897 me
247 3845 335 3898 Deum
352 3846 486 3915 preceris,
499 3847 596 3912 lector,
613 3847 721 3900 intente
735 3847 876 3916 (10903003
1019 3834 1198 3905 llianbilans
1206 3834 1401 3905 plaudensque
1411 3836 1532 3888 heroum
1543 3833 1749 3888 conscenditin
1762 3834 1909 3888 aula
1919 3825 1958 3870 Ψ

119 3912 165 3969 Sic
178 3914 272 3968 valeas
285 3914 396 3970 Christo
412 3921 476 3986 post
489 3933 581 3971 aevurn
597 3917 654 3971 frui
668 3932 794 3971 securus.
1406 3957 1476 4012 vm,

509 4040 575 4095 1110.
1107 4045 1286 4115 Epitaphium
1300 4059 1381 4114 super
1400 4046 1533 4100 tamaium
1548 4046 1637 4100 sancti
1650 4047 1765 4100 Joaaais

120 4143 210 4214 Terga
226 4142 335 4198 luctum
350 4157 485 4211 marens,
498 4149 580 4215 parta
590 4144 713 4199 virentia
727 4145 815 4214 vides,
1354 4118 1525 4183 ⁰⁰²¹!2880758·

120 4214 243 4285 Alesqiie
257 4213 369 4284 pipant,
384 4213 496 4268 diverso
509 4215 705 4271 modulamine
718 4232 808 4271 voces.
1020 4222 1152 4277 Carceres
1166 4225 1195 4276 et
1210 4222 1275 4276 diva
1288 4223 1413 4277 loannes
1427 4222 1519 4277 terrea
1531 4222 1625 4277 vincla

121 4283 156 4339 lit
167 4282 265 4356 liquor
281 4284 352 4339 meri
365 4289 461 4341 currat
471 4284 502 4340 in
513 4302 562 4340 ore
575 4287 685 4341 temeti.
1020 4292 1126 4348 Christi
1141 4307 1238 4347 amore
1252 4293 1340 4348 tulit:
1357 4294 1409 4348 hac
1422 4293 1536 4357 iunctus
1550 4293 1582 4347 in
1595 4293 1661 4348 aula
1677 4292 1809 4366 quiescit.
1912 4310 1943 4329 ‘

113 2876 232 2947 Suscipe
248 2892 334 2945 nunc,
351 2882 417 2931 uate
430 2878 614 2933 Fredensnde
630 2880 714 2943 liare,
732 2877 870 2933 tuendan.

113 2947 226 3014 Testem,
242 2962 328 3017 quani
352 2946 413 3017 ipse
428 2953 496 3002 tuus
514 2953 659 3018 comptem
688 2950 810 3020 patravit
842 2947 963 3004 Adultus

114 3018 150 3073 Ut
164 3018 262 3089 legens
277 3019 395 3087 relegas,
411 3023 441 3073 et
455 3034 528 3090 puio
544 3026 659 3090 pectore
674 3036 778 3088 serves,

114 3086 144 3143 Si
157 3087 235 3142 illins
249 3088 399 3159 praeceptis
413 3088 506 3143 libens
520 3090 697 3144 consenseris
712 3090 784 3161 ipse,

114 3157 236 3213 Securus
249 3158 285 3213 ad
297 3160 393 3213 aulam
406 3159 515 3230 poteris
529 3161 718 3215 conscendere
729 3161 803 3216 coeli.

155 4476 168 4507 ⁸
186 4461 248 4528 lis„
263 4461 339 4516 editi.
1055 4465 1070 4505 ἃ
1085 4468 1138 4523 Per
1149 4466 1223 4521 hanc
1234 4482 1333 4521 vocem
1348 4466 1477 4538 intellige
1491 4465 1586 4520 locum
1604 4465 1635 4520 in
1659 4481 1720 4537 quo
1744 4459 1953 4526 asserir‘1,².

155 4534 170 4576 b
187 4533 248 4600 lis,
264 4537 352 4588 eatae.
1021 4537 1199 4594 banturlibti
1210 4537 1319 4592 Veteris
1331 4542 1360 4593 et
1370 4537 1440 4592 Novi
1454 4537 1636 4602 Testamenti,
1647 4537 1741 4592 Bibtia
1751 4536 1892 4592 remeo
1901 4530 1936 4571 ¹
1947 4524 1965 4561 ¹¹

156 4611 168 4639 ⁶
184 4604 310 4660 Faustus.
1056 4617 1068 4645 ⁸
1088 4610 1172 4664 lleest
1185 4608 1284 4664 titulus
1298 4607 1330 4663 in
1345 4608 1452 4664 codice.

1058 4678 1068 4714 ¹
1086 4680 1150 4748 lis,
1164 4681 1262 4750 imper.

760 4946 1236 4986 W-
