3930 6098
426 268 718 328 waNntbssnltrus
736 266 874 326 norim
892 268 1086 327 illstoltlch.
1574 274 1626 329 574

85 399 163 468 abet,
178 400 305 470 pluviam
322 399 440 455 minime
456 400 574 471 patitur.
600 402 633 456 ln
653 401 716 472 ipso
735 405 757 458 Α
773 399 821 454 nbi
839 399 1020 455 celebrantur
1035 401 1139 456 missae.
1165 402 1249 457 Juxta
1264 403 1339 458 hanc
1360 403 1509 459 ecclesiam
1531 411 1574 461 est
1586 407 1621 461 ad

87 493 99 543 t
112 489 232 544 ecclesie
247 489 279 544 iu
294 505 351 560 quo
369 490 509 544 Dominus
523 490 647 545 traditus
667 495 718 546 est.
775 487 927 543 meridiem
941 488 1058 543 ecclesie
1072 488 1221 545 beatorum
1234 497 1394 563 martyrum
1407 493 1621 549 Innocentium.

85 582 152 633 ,tuor
169 592 282 632 mensas
305 578 443 632 rotundas
464 579 556 634 Coenoe
570 579 671 649 ipsius.
689 581 721 635 in
777 575 907 631 blilliario
923 575 1048 648 deniqne
1063 592 1150 631 unca
1166 578 1329 634 Bethlehem
1353 584 1396 634 est
1415 581 1621 637 monasterinm

98 666 235 737 iosaphat
251 670 294 721 est
318 666 437 720 ecclesia
460 667 490 720 in
507 667 616 721 honore
632 666 722 723 sancti
776 669 940 720 sanctorum
957 669 1115 736 pastorum,
1143 665 1248 736 quibus
1262 667 1381 738 angelus
1405 668 1518 723 Domini
1533 685 1622 741 appa·

85 771 114 811 aa
136 755 242 810 dicitur
266 760 402 810 venturus
427 756 566 811 Dominus
590 757 625 811 ad
645 756 722 827 judi·
775 755 835 808 ruit
855 753 886 807 iu
910 752 1058 808 nativitate
1081 753 1206 809 Domini.
1231 754 1273 809 ad
1287 759 1464 826 postremum
1486 773 1541 812 xxx
1555 757 1624 812 mil-

775 841 867 897 liariis
877 841 912 896 ab
923 842 1099 897 Hierusalem
1115 848 1159 897 est
1174 842 1305 897 iordanis
1318 844 1355 898 ad
1369 844 1521 912 orientem,
1538 861 1625 918 super

85 933 268 988 venerantia
293 938 423 988 montem
448 933 560 1001 oliveti,
585 933 616 988 in
640 935 723 1005 cujus
777 946 864 1003 quern
886 935 929 986 est
950 930 1157 986 monasterinm
1177 929 1399 986 sanctiJoannis
1424 932 1567 1003 Baptistae.
1590 935 1623 988 ln

85 1020 405 1076 iditurlocusoratronis
418 1021 531 1076 Domini
545 1022 579 1077 ad
596 1024 720 1077 Patrem.
777 1019 881 1090 qrribns
907 1035 1023 1091 quoque
1052 1019 1120 1074 locis
1142 1020 1233 1074 multa
1253 1019 1413 1075 consistunt
1439 1022 1622 1077 monasteria.

85 1117 138 1164 tem
159 1106 675 1180 praedictirnontiso‘stenditnrlocus
691 1110 722 1166 in
777 1109 825 1163 Est
851 1108 927 1163 inter
953 1109 1014 1164 haec
1044 1109 1080 1163 ad
1109 1109 1315 1164 occidentalem
1343 1111 1459 1182 plagam
1488 1111 1624 1166 Hieroso·

96 1197 277 1253 deduxerunt
289 1201 323 1254 ad
337 1199 491 1254 Dominum
508 1200 658 1254 mulierem
672 1200 721 1255 de·
776 1197 862 1268 lymae
876 1197 1000 1252 civitatis
1015 1197 1150 1253 milliario
1165 1214 1222 1252 uno
1238 1198 1356 1252 ecclesia
1368 1203 1471 1253 sanctae
1482 1199 1624 1267 hlamillae,

85 1302 94 1341 ι
114 1287 265 1341 adulterio.
290 1287 417 1342 Debetur
438 1287 478 1341 ibi
492 1287 610 1342 ecclesia
624 1288 653 1343 iu
669 1288 723 1343 ho·
777 1286 806 1340 iu
821 1302 878 1357 qua
891 1289 958 1341 suut
973 1287 1062 1340 multa
1083 1301 1203 1357 corpora
1218 1291 1388 1358 martyrum,
1405 1287 1455 1359 qui
1479 1303 1495 1342 a
1511 1287 1625 1343 Sarace-

85 1374 214 1441 loeunis,
236 1374 267 1428 in
291 1391 348 1446 qaia
371 1381 501 1429 servetur
524 1377 666 1446 scriptura
691 1376 722 1431 in
777 1374 823 1429 nis
837 1374 980 1430 interlecti
992 1375 1029 1429 ab
1042 1375 1104 1445 ipsa
1120 1380 1187 1429 sunt
1205 1374 1247 1431 ibi
1261 1375 1415 1447 diligenter
1429 1376 1548 1434 conditi.

85 1478 150 1518 oreo
166 1479 253 1534 quam
271 1463 410 1518 Dominus
429 1463 543 1534 scripsit
556 1463 586 1518 in
600 1469 686 1518 terra.
815 1466 857 1518 ¹7.
875 1463 913 1517 De
938 1462 1115 1517 Hierusalem
1139 1462 1320 1518 intraverunt
1335 1464 1364 1518 in
1380 1481 1470 1531 mare,
1496 1470 1525 1520 et
1540 1479 1626 1519 rene·

85 1551 176 1606 smine
198 1558 293 1606 autem
318 1552 420 1623 saepius
439 1552 639 1619 dictimuntis,
657 1551 722 1606 mil·
778 1555 847 1606 runt
872 1552 907 1606 ad
936 1552 1215 1622 Mentem-Aureum,
1244 1552 1295 1607 ubi
1321 1557 1363 1623 est
1389 1558 1489 1624 crypta
1517 1553 1627 1608 habens

99 1639 245 1712 iosaphat,
263 1651 305 1696 est
326 1641 406 1695 locus
419 1641 593 1696 ascensionis
608 1641 724 1695 Domini
778 1640 818 1696 ibi
833 1657 870 1695 vir
885 1640 995 1695 altaria.
1009 1640 1193 1697 ilabetetiam
1208 1656 1295 1712 snpra
1309 1657 1339 1696 se
1359 1641 1459 1696 silvam
1474 1657 1623 1712 magnanu

85 1728 196 1785 labetur
209 1729 250 1784 ibi
272 1729 389 1785 ecclesia
404 1730 528 1785 rotunda
553 1730 614 1785 sine
638 1734 721 1799 tecto,
743 1702 808 1785 Bin
829 1746 886 1803 qna
905 1735 1004 1802 crypta
1019 1745 1103 1785 nemo
1121 1734 1216 1800 potest
1229 1745 1289 1800 prce
1304 1730 1478 1785 obscuritate
1492 1731 1626 1785 tenebra·

85 1817 123 1882 io,
145 1816 200 1871 hoc
224 1817 312 1872 estin
327 1820 390 1872 loco
406 1817 581 1873 ascensionis
596 1817 721 1882 Domini,
778 1834 843 1874 rum
857 1819 976 1886 intrare,
997 1817 1052 1873 nisi
1067 1835 1133 1873 cum
1149 1818 1274 1873 accensis
1297 1817 1498 1874 luminaribus.
1518 1818 1627 1873 ibidem

87 1921 102 1960 a
124 1905 177 1960 sub
196 1905 261 1961 divo
285 1912 397 1978 patens,
416 1908 445 1961 in
462 1923 519 1979 quo
544 1906 724 1962 celebrantur
777 1907 932 1963 iuitabbas
946 1907 1258 1963 domuusVelentinns.

85 2009 195 2049 aarum.
815 1999 857 2052 la.
897 1997 935 2052 De
974 1996 1181 2051 Monte-Aureo
1205 1998 1401 2065 pervenerunt
1430 1994 1466 2050 ad
1493 1996 1626 2060 Romam,

85 2087 251 2138 errexerunt
265 2100 281 2138 a
296 2084 443 2154 Bethania,
470 2101 535 2156 quae
556 2089 598 2139 est
612 2086 648 2140 ad
663 2099 723 2139 me·
777 2085 854 2140 intra
878 2101 964 2157 quam
992 2084 1094 2140 urbem
1117 2085 1153 2140 ad
1177 2084 1348 2139 orientalem
1373 2087 1496 2155 partem,
1514 2083 1545 2138 in
1564 2084 1628 2138 luco

85 2186 115 2226 ns
138 2177 266 2227 amunte
291 2174 392 2228 Oliveti
414 2173 530 2228 milliari
547 2189 615 2240 uno,
629 2173 659 2228 in
674 2173 748 2228 dev
778 2174 828 2245 qui
852 2174 958 2230 dicitur
986 2173 1140 2240 lateranis,
1156 2178 1200 2236 est
1214 2172 1333 2229 ecclesia
1359 2172 1390 2227 in
1415 2173 1525 2228 honore
1538 2172 1629 2227 sancti

85 2261 201 2330 montis,
223 2261 255 2316 in
277 2268 391 2332 quaest
411 2262 625 2326 monasterium,
642 2262 723 2331 crrjus
776 2262 895 2318 loannis
923 2262 1057 2333 Daptistae
1080 2262 1154 2317 bene
1175 2261 1343 2333 composita,
1368 2261 1419 2317 ubi
1445 2267 1488 2316 est
1510 2260 1629 2333 propria

85 2350 183 2404 llcrum
212 2356 354 2405 monstrat
380 2351 477 2406 Lazari
508 2368 514 2406 :
539 2352 620 2420 juxta
645 2351 723 2422 quod
778 2352 858 2407 sedas
883 2352 1080 2423 apostolorum
1111 2351 1183 2424 [tea.
1211 2350 1457 2422 apostolicornml.
1486 2350 1528 2406 dd
1553 2348 1627 2405 occi·

85 2438 284 2510 laquilonem,
310 2439 340 2494 in
354 2456 410 2512 qua
427 2441 511 2511 jussu
528 2439 640 2494 Domini
655 2439 725 2494 lavit
778 2440 922 2496 dentalem
949 2445 1046 2496 autern
1072 2447 1186 2511 partem
1212 2445 1256 2495 est
1286 2439 1405 2495 ecclesia
1428 2438 1506 2494 beati
1540 2437 1627 2505 Petri,

85 2542 144 2582 irus
178 2527 371 2597 resuscitatus,
398 2529 448 2600 qui
486 2528 591 2583 dicitur
625 2533 724 2600 postea
778 2529 916 2600 principis
944 2531 1152 2600 apostolorum,
1176 2528 1227 2583 ubi
1253 2528 1316 2599 ipse
1338 2527 1501 2599 requiescit,
1525 2526 1571 2581 cni
1598 2526 1629 2581 in

85 2631 183 2687 scopus
198 2618 228 2670 in
251 2618 362 2688 Epheso
377 2633 412 2673 xe
430 2617 522 2672 annis.
540 2619 571 2672 ln
587 2617 723 2672 descensu
778 2618 977 2690 magnitudine
998 2634 1057 2672 nou
1086 2622 1129 2672 est
1157 2617 1259 2672 similis
1283 2617 1403 2672 ecclesia
1433 2618 1463 2670 in
1496 2615 1629 2671 universa

86 2708 152 2760 onte
178 2705 281 2762 Oliveti
308 2707 343 2761 ad
371 2706 578 2762 occidentalem
608 2708 723 2778 plagam
778 2713 865 2773 terra,
878 2723 943 2779 quae
954 2707 1082 2762 continet
1097 2706 1185 2761 etiem
1199 2711 1371 2761 ornamenta
1387 2704 1508 2759 diversa.
1525 2704 1557 2758 lu
1572 2718 1629 2773 qua

85 2811 173 2849 armor
189 2797 224 2851 de
244 2812 301 2867 quo
322 2796 470 2852 descendit
486 2796 626 2851 Dominus
638 2813 724 2867 supra
778 2796 865 2851 etiarn
889 2795 1027 2867 praedicta
1044 2795 1116 2850 urbe
1132 2793 1356 2849 innumerabilia
1379 2808 1500 2864 corpora
1514 2794 1629 2846 sancto-

85 2899 102 2938 a.
117 2884 195 2938 luter
206 2884 267 2939 haec
283 2886 313 2939 in
329 2885 431 2940 vallem
443 2884 592 2956 iosaphat,
608 2885 644 2939 ad
661 2901 724 2939 me·
778 2899 844 2939 rum
869 2884 1063 2956 requiescunt.
1094 2883 1161 2937 lude
1186 2881 1385 2937 veneruntad
1418 2887 1549 2935 sanctum
1579 2880 1629 2934 lii·

85 2973 302 3028 alatoriaSiloe.
743 2973 905 3059 Cchaelem
926 2973 962 3027 ed
992 2971 1062 3026 duas
1094 2970 1227 3037 lumbes,
1257 2969 1308 3042 qui
1335 2969 1415 3024 locus
1436 2973 1478 3023 eet
1502 2968 1574 3023 situs
1598 2968 1629 3022 in

85 3061 249 3116 ransieruut
270 3062 300 3115 in
325 3062 503 3126 Bethlehem,
521 3062 571 3116 nbi
587 3064 724 3117 Dominus
781 3068 878 3115 monte
902 3059 953 3131 qui
978 3058 1138 3130 porrigitur
1161 3059 1192 3112 in
1215 3073 1294 3112 mare
1317 3072 1369 3128 per
1385 3057 1456 3111 duas
1470 3057 1575 3111 leucas.
1597 3056 1630 3111 ln

85 3149 167 3205 abens
188 3167 216 3205 vr
239 3150 340 3204 millia.
366 3151 504 3206 Ostensns
525 3151 727 3206 estilliscam-
780 3147 945 3203 summitate
970 3147 1058 3217 hujus
1084 3146 1200 3201 montis
1221 3150 1266 3200 est
1293 3143 1421 3199 Ecclesia
1454 3143 1485 3198 in
1518 3143 1630 3198 honore

85 3237 215 3293 iborabat
230 3238 361 3293 ilabacuc
382 3256 447 3294 cum
472 3241 592 3311 angelus
612 3241 727 3295 Domini
780 3237 870 3291 sancti
887 3236 1043 3303 Michaelis,
1067 3242 1097 3291 at
1118 3236 1149 3290 in
1164 3235 1286 3290 circuitu
1300 3234 1378 3289 illius
1393 3234 1500 3288 montis
1518 3231 1630 3286 redun-

84 3326 173 3382 rdium
188 3327 263 3382 larre
279 3328 389 3382 Danieli
412 3327 442 3383 in
460 3330 726 3400 babyloriamque.
780 3326 829 3380 dat
850 3341 928 3380 mare
949 3324 1078 3396 qnotidie
1100 3324 1212 3379 duabus
1232 3324 1353 3393 vicibus,
1375 3322 1466 3377 idest
1489 3337 1575 3377 mane
1601 3325 1631 3375 et

85 3415 177 3482 diem,
207 3416 259 3471 uhi
290 3417 421 3487 regnarit
454 3418 725 3484 Nabuchodonosor,
780 3430 909 3487 vespere,
933 3419 962 3469 et
980 3417 1174 3485 nonpossnnt
1194 3412 1326 3468 homines
1343 3410 1631 3467 adiramontemdo·

85 3510 220 3574 ¹erpcntes
242 3522 275 3559 ac
297 3506 395 3560 bestiae
424 3506 594 3561 inhabitant.
615 3507 726 3562 Bethle·
780 3520 833 3559 uec
861 3520 939 3559 mere
971 3501 1143 3559 discesserit.
1174 3502 1207 3556 ln
1234 3501 1388 3556 festivitate
1415 3504 1512 3555 autem
1539 3496 1632 3553 sancti

85 3591 131 3647 bet
144 3593 294 3648 ecclesiam
312 3594 392 3648 valde
408 3610 544 3666 magnam
568 3595 597 3649 in
617 3596 727 3650 honore
781 3593 997 3648 hlichaelisuon
1021 3591 1207 3661 conjungitur
1224 3606 1301 3644 mare
1329 3589 1360 3643 in
1384 3587 1574 3643 redundando
1598 3585 1632 3640 in

85 3681 419 3752 e,inouj11smcdioast
440 3685 581 3754 scriptura
595 3685 648 3739 sub
668 3701 727 3739 uno
781 3682 900 3736 circuitu
920 3682 999 3736 illius
1023 3679 1141 3745 montis,
1172 3679 1221 3733 sed
1245 3683 1301 3733 stat
1325 3677 1417 3732 instar
1440 3691 1592 3738 murorum
1615 3691 1632 3728 a

102 3770 239 3824 introitus
253 3777 296 3825 est
311 3788 327 3825 a
342 3771 478 3839 meridie3
502 3773 594 3826 exitus
609 3789 675 3827 vero
691 3773 727 3826 ad
782 3771 887 3825 dextris
907 3775 936 3824 et
960 3786 974 3824 a
991 3768 1122 3823 sinistris.
1139 3769 1173 3822 Et
1186 3768 1217 3822 in
1232 3768 1294 3837 ipsa
1308 3767 1355 3822 die
1371 3764 1494 3820 solemni
1510 3767 1632 3836 possunt

92 3875 149 3931 quo
172 3861 335 3914 ostenditur
355 3862 530 3932 praesepium
556 3862 670 3917 Domini
692 3862 727 3917 ad
781 3875 892 3926 omues,
909 3858 1074 3930 quicunqne
1088 3857 1123 3912 ad
1145 3857 1309 3911 orationem
1334 3857 1475 3922 venerint,
1497 3852 1632 3908 omnibus

85 3948 168 4018 psius
189 3948 348 4018 scripturae.
379 3949 468 4003 Locus
493 3955 589 4004 autem
612 3951 642 4004 in
670 3965 727 4022 quo
782 3948 862 4003 horis
885 3947 965 4003 adire
987 3945 1234 4017 montemequod
1255 3950 1353 4000 tamen
1378 3942 1632 3998 aliisdiebusnon

85 4035 137 4107 pit,
164 4038 263 4091 estad
288 4037 438 4093 orientem.
463 4039 554 4093 Habet
577 4037 617 4093 ibi
637 4040 727 4092 altare
782 4042 913 4109 possunt.

555 4263 642 4308 ΔΝΝΟ
664 4263 780 4310 neuim
803 4263 956 4311 cccclxx.

162 4402 1355 4640 WANDALBERTUS

490 4687 753 4753 PRUMIDNSIS
775 4688 1025 4754 MONACHUS.

683 4812 831 4824 -——-

254 4903 453 4995 NOTITIA
475 4902 736 4996 HiSTORiCA
767 4907 819 4995 ΙΝ
842 4906 1263 4998 WANDALBERTUM

488 5059 607 5123 (Febris,
626 5061 750 5112 Biblioth.
768 5063 837 5114 med.
853 5067 880 5115 et
891 5062 938 5114 inl.
957 5064 1028 5128 Lat.)

85 5245 150 5298 arne,
166 5230 303 5286 diaconus
325 5236 353 5286 et
373 5233 530 5287 monachus
554 5234 730 5289 Prnmiensis
750 5236 771 5290 D
785 5234 816 5290 in
831 5234 956 5291 editione
971 5234 1066 5306 priore
1081 5235 1226 5307 Spicilegii
1242 5234 1466 5289 desiderabatur.
1482 5230 1563 5287 Adde
1576 5231 1635 5286 Tri-

85 5301 157 5357 circa
191 5318 237 5358 an.
262 5305 323 5358 850.
356 5303 473 5373 Scripsit
504 5306 731 5375 Mortprotoptam
786 5307 928 5361 themium
956 5306 992 5361 de
1019 5307 1154 5380 Scriptor.
1192 5307 1308 5371 Euclea,
1343 5321 1367 5359 c.
1399 5306 1464 5368 3163
1495 5303 1633 5370 balaum,

85 5373 128 5428 rod
156 5373 237 5428 Dedae
254 5374 334 5443 prius
352 5375 554 5443 ascripserunt.
573 5376 729 5431 Editiouem
787 5378 856 5432 llist.
874 5377 1002 5432 Univers.
1015 5377 1183 5433 Parisiensis
1198 5382 1277 5432 tomo
1294 5377 1314 5437 l.
1333 5393 1361 5446 p.
1377 5376 1444 5439 lem
1464 5372 1634 5430 Dollandum

91 5443 221 5499 Labbeus
235 5444 367 5516 promisit
381 5445 411 5499 in
426 5445 497 5500 Dihl.
515 5462 588 5500 nova
605 5464 681 5511 mss,
698 5464 728 5529 p.
786 5448 816 5502 in
831 5448 999 5517 praelatione
1009 5448 1137 5521 generali
1147 5448 1183 5502 ad
1198 5451 1267 5502 Acta
1282 5448 1463 5510 Sanctorum,
1479 5449 1547 5499 ante
1562 5449 1632 5501 tom.

85 5530 94 5567 1
116 5518 212 5570 autern
239 5515 329 5570 edidit
351 5517 439 5570 Lucas
464 5517 616 5572 Dacherins
631 5517 727 5589 Spicrl.
788 5508 960 5588 lianirarii‚
982 5535 1011 5590 p.
1036 5521 1085 5590 5¹3
1111 5517 1264 5574 Baronium
1287 5518 1322 5571 de
1344 5516 1528 5587 llartyrolog.
1551 5531 1577 5569 c.
1602 5520 1633 5571 a:

85 5588 118 5640 te.
143 5585 213 5639 Tom
229 5586 260 5651 V,
278 5603 306 5656 p.
330 5590 381 5641 305
405 5587 541 5641 editionis
559 5589 662 5642 veteris
677 5590 729 5644 suh
785 5588 948 5656 Sollerinm,
971 5590 1052 5662 proel.
1075 5589 1111 5644 ad
1128 5587 1249 5644 Usuardi
1263 5585 1510 5660 Martyrologium,
1525 5603 1589 5657 cap.
1606 5590 1633 5642 l.

85 5654 194 5711 additur
208 5657 321 5714 curruca
336 5657 369 5712 de
383 5658 635 5726 Orcatioaemundi,
652 5661 729 5730 qnod
784 5661 864 5717 artic.
883 5665 909 5718 3.
931 5663 1022 5718 Vitam
1034 5665 1059 5717 et
1071 5660 1207 5715 miraculo
1221 5661 1248 5716 S.
1271 5659 1369 5716 Goaris
1386 5658 1634 5730 presbyterijussu
