3930 6098
616 219 663 276 oi:
682 219 844 279 coiirone
865 222 908 280 ei
927 223 1099 280 sinooina
1120 222 1249 279 arinini.
1521 204 1523 215 '
1760 230 1806 283 iii

52 371 162 428 corpus
178 354 256 428 qnod
282 353 312 408 in
331 352 455 409 Ecclesia
469 352 639 423 celebratur,
655 355 812 410 secundum
837 355 902 410 risi·
919 359 941 411 Α
960 355 1024 424 isto,
1050 355 1119 410 nibil
1136 354 1166 409 in
1181 358 1249 426 potu
1269 354 1324 410 isto
1348 356 1536 428 corporaliter
1549 357 1741 426 sentiendum,
1757 358 1805 412 sed

53 443 144 501 bilem
161 445 321 516 speciemet
336 441 523 515 corruptibile
538 448 581 498 est
601 448 629 498 et
644 444 796 515 palpabile.
957 450 1048 499 totum
1063 443 1254 514 spiritualiter
1269 445 1486 499 attendendum.

91 534 185 589 Llllll.
202 532 353 598 Quomodo
372 548 441 601 ergo
471 531 561 587 divini
585 533 709 604 Spiritus
725 549 828 604 corpus
843 549 904 588 esse
994 533 1081 588 vai.
1101 534 1162 588 Non
1180 533 1258 587 enim
1284 532 1391 598 aniiiin,
1412 551 1476 604 quai
1492 534 1576 588 corde
1592 534 1718 588 hoiniois
1733 550 1811 606 prui-⁸

55 621 356 678 dicituriSeconduni
373 621 426 675 hoc
437 621 537 693 utique
551 623 626 692 qood
643 621 790 693 spirituale
804 626 857 688 est,
875 619 904 674 id
959 623 1032 676 senti
1061 622 1325 694 locosigiiiticiitor,
1352 623 1394 677 iel
1415 640 1478 676 esca
1497 639 1643 694 corporea,
1664 624 1708 678 vel
1737 630 1805 695 potu

53 718 109 778 est,
128 711 286 766 secundum
308 710 386 781 quod
402 709 545 765 invisibile
567 711 696 765 consistit
710 714 739 765 et
765 711 904 781 impalpa·
959 727 1098 781 corporeo
1120 711 1254 783 pascitur,
1271 712 1320 766 sed
1336 711 1484 765 verbobei
1500 713 1670 766 nutriturae
1689 715 1806 783 vegeta-

52 797 122 861 bile,
139 813 173 850 ec
185 813 238 867 per
253 798 307 851 boc
321 796 548 869 incorruptibile.
959 805 1028 854 tur:
1054 800 1131 871 quod
1160 801 1289 872 apertius
1318 799 1347 853 iu
1397 800 1471 855 libro
1509 816 1523 851 i
1555 800 1806 855 Sacramentorum

90 884 181 939 lxlv.
215 885 286 939 ilinc
308 884 595 956 inconsequentibus
615 885 714 956 titio.)
746 903 752 941 :
783 908 793 936 ι
832 886 905 951 Quia
959 888 1447 959 (capildoctoridemallirmat:
1470 887 1630 941 «Nonistc
1655 889 1804 958 panisest,

53 973 179 1043 Spiritus
205 973 344 1038 Christus,
367 974 557 1045 utlegimus:
587 976 711 1044 Spiritus
728 980 790 1029 onte
805 977 904 1042 sisciam
959 975 1104 1047 inquiens,
1128 978 1178 1049 qui
1198 976 1275 1030 vadit
1302 976 1333 1030 iu
1357 991 1475 1046 corpus;
1499 974 1548 1028 sed
1572 975 1619 1028 ille
1644 976 1806 1047 panisi'iloe

53 1067 176 1116 nostram
199 1064 323 1118 Christos
360 1065 499 1118 Dominus.
533 1084 546 1112 s
572 1071 584 1098 ⁸
617 1065 748 1118 Patenter
781 1065 905 1118 ostendit
959 1071 1085 1131 aeterua,
1111 1067 1161 1138 qui
1187 1067 1291 1120 animia
1323 1073 1426 1120 nostrie
1447 1064 1634 1119 substantiam
1664 1065 1806 1119 submini-

54 1151 215 1204 secundum
249 1151 326 1222 quod
355 1151 494 1206 habeatur
518 1167 622 1223 corpus
639 1152 752 1221 Christi,
776 1152 906 1207 videlicet
958 1158 1067 1208 stret.»

54 1239 215 1294 secundam
236 1238 266 1293 id
294 1241 370 1311 qood
390 1241 424 1294 sit
440 1241 469 1294 iu
484 1256 518 1295 eo
544 1241 667 1313 Spiritus
682 1241 798 1308 Christi,
817 1242 846 1297 id
863 1247 906 1296 est
996 1244 1096 1299 hlthl.
1115 1245 1146 1298 Et
1159 1243 1227 1315 quia
1249 1259 1308 1298 oon
1335 1243 1369 1298 de
1385 1241 1529 1297 commoni
1549 1257 1623 1314 pane
1638 1240 1741 1296 dixerit
1757 1241 1809 1296 boc

55 1328 145 1382 diiioi
161 1329 290 1398 potentia
304 1330 398 1396 Verbi,
428 1346 493 1401 quei
509 1346 569 1385 non
594 1330 687 1386 soloni
704 1330 830 1385 animani
851 1347 905 1401 pa·
959 1339 1073 1387 sanctus
1087 1333 1265 1399 Ambrosius,
1289 1348 1385 1385 reruni
1399 1331 1434 1386 de
1449 1347 1522 1402 pane
1546 1331 1673 1403 corporis
1692 1329 1806 1396 Christi,

54 1417 116 1483 scit,
139 1434 241 1472 rerum
260 1418 345 1472 etium
359 1424 469 1489 purgat.
959 1422 1109 1493 sequeutia
1119 1421 1249 1476 lectionis
1264 1420 1493 1475 manifestissime
1517 1419 1684 1473 declararit:
1712 1416 1808 1488 loqui-

89 1507 164 1561 LVV.
182 1508 302 1578 Propter
316 1508 393 1579 quod
407 1509 468 1578 ipse
483 1508 551 1562 dicit
577 1513 677 1564 auctor
698 1518 906 1580 consequenter
959 1515 1006 1564 tor
1030 1511 1107 1564 euim
1136 1510 1171 1565 de
1188 1526 1261 1581 pane
1277 1509 1455 1582 quotidiano,
1472 1525 1558 1580 quem
1582 1507 1730 1562 credentes
1750 1505 1809 1576 ¹sihi

55 1595 174 1662 trimi:
192 1617 205 1644 a
226 1595 354 1667 lienique
378 1612 423 1651 cor
451 1602 573 1652 nostrum
600 1601 727 1652 esooisto
752 1602 904 1667 coufirmat,
959 1598 1106 1670 postulant
1124 1598 1197 1652 dari.

56 1689 80 1738 et
105 1684 328 1754 potuslaetificot
352 1701 397 1740 coi·
425 1686 542 1741 bominis
570 1687 653 1758 (Psoi.
690 1704 747 1752 ciii,
790 1691 843 1753 li),
875 1662 941 1742 utB
998 1683 1808 1756 vatti.etidcircosuajungii2i81quoiioianusesi

58 1774 459 1843 i'roptictacommemoraiit.
480 1796 494 1824 »
512 1777 586 1831 Num
606 1791 667 1831 esca
682 1777 838 1847 corporalis
859 1793 908 1832 cor
962 1778 1055 1848 panis,
1068 1793 1118 1830 cor
1132 1781 1196 1847 post
1210 1792 1319 1830 annum
1339 1775 1420 1830 illuni
1439 1773 1549 1846 isanris3
1566 1770 1807 1844 quemadmodum

57 1860 362 1929 honiiniscontiimat,
383 1868 411 1918 et
429 1867 513 1935 potus
535 1880 688 1936 corporeus
713 1866 838 1920 lielilicat
858 1882 908 1920 cor
962 1865 1051 1921 Greci
1078 1865 1107 1919 in
1135 1865 1250 1921 Oriente
1269 1865 1361 1919 iacere
1385 1861 1577 1918 eonsiierontl
1609 1859 1710 1931 Accipe
1738 1874 1808 1929 ergo

58 1948 206 2003 bominis?
231 1949 286 2005 Sed
302 1957 333 2005 nt
351 1951 514 2006 ostenderet
531 1969 596 2024 qnae
612 1970 675 2008 osca
696 1955 738 2008 vel
753 1955 802 2025 qni
826 1958 908 2025 potos
963 1952 1092 2026 quotidie
1107 1953 1182 2025 quod
1200 1951 1327 2024 quotidie
1342 1951 1395 2006 tibi
1408 1951 1520 2022 prosit:
1539 1950 1580 2003 sic
1594 1949 1667 2017 vire,
1685 1952 1715 2001 ot
1735 1964 1805 2019 qno·

56 222 106 275 itio

58 2038 113 2091 sint
132 2037 170 2092 de
185 2037 292 2108 quibus
314 2039 451 2110 loquitur,
472 2041 581 2095 addidit
595 2041 752 2112 signanter,
775 2058 834 2097 eico
853 2046 908 2098 istri
963 2043 1032 2098 tidie
1061 2041 1198 2097 merearis
1225 2041 1362 2112 recipere.
1392 2041 1465 2110 Ergo
1495 2037 1677 2093 manifestum
1701 2037 1808 2106 dequo
1894 2084 1900 2093 .

59 2126 111 2189 rel,
126 2130 210 2195 potus
225 2128 401 2193 isteaoiiia
416 2132 490 2183 istri?
517 2132 559 2183 iet
576 2131 626 2201 qui
653 2133 724 2186 iste?
740 2132 849 2202 Corpus
864 2134 908 2188 ni·
963 2148 1036 2204 pano
1062 2132 1197 2202 loquitur,
1220 2130 1256 2186 de
1286 2145 1361 2201 pane
1388 2127 1519 2183 videlicet
1546 2125 1673 2196 corporis
1692 2123 1809 2190 Christi,

59 2214 165 2268 mirum
181 2214 299 2282 Christi,
310 2217 508 2288 corpusdiiini
525 2218 663 2290 Spiritus;
689 2225 717 2273 et
738 2225 768 2273 ut
782 2220 909 2290 apertius
964 2220 1013 2292 qui
1031 2236 1086 2274 non
1099 2236 1133 2274 ex
1152 2219 1277 2291 eoquod
1296 2217 1370 2273 radit
1389 2217 1417 2271 iii
1437 2231 1550 2288 corpus,
1567 2214 1616 2269 sed
1631 2231 1664 2268 ex
1680 2229 1714 2268 eo
1727 2212 1809 2284 {quod

58 2301 230 2372 inculcetur,
270 2304 387 2375 spiritns
427 2305 564 2369 Christus,
594 2307 628 2361 de
658 2323 715 2379 quo
757 2308 907 2378 loquitor:
963 2309 1046 2380 panis
1062 2308 1098 2363 sit
1125 2308 1190 2362 iitae
1208 2310 1332 2375 aternio,
1362 2305 1466 2361 animae
1492 2309 1595 2359 nostrie
1622 2301 1811 2357 substantiam

59 2391 180 2459 Spiritus
203 2398 268 2447 ante
294 2395 394 2460 facicm
421 2399 542 2450 nostram
572 2396 695 2451 Cliri'stos
729 2398 867 2452 Dominus.
895 2419 908 2445 »i
964 2399 1052 2455 iulcit.

60 2479 319 2542 Ouibasomnibus
344 2482 490 2538 evidenter
514 2483 673 2538 ostenditur
696 2485 768 2540 nihil
792 2487 822 2540 in
847 2502 911 2541 esca
1002 2488 1116 2543 attat
1141 2486 1229 2556 liujus
1257 2483 1411 2540 doctissimi
1430 2483 1482 2538 viri
1513 2479 1680 2536 auctoritate
1708 2479 1810 2552 perdo-

97 2648 109 2675 ⁸
124 2641 254 2694 Potenter
268 2640 386 2696 ostendit
409 2642 553 2695 secundum
567 2641 641 2712 quod
665 2642 798 2696 trahentur
814 2659 911 2712 corpus
965 2644 1123 2709 catholice,
1140 2659 1203 2714 quie
1220 2643 1255 2697 de
1278 2643 1336 2697 tide
1349 2641 1510 2696 Christiane
1536 2657 1596 2694 esse
1611 2656 1669 2694 uon
1699 2637 1814 2694 dubitat

64 2713 177 2776 Christi,
196 2718 250 2764 etc.
267 2711 569 2783 liatromnoseiiplicat
582 2730 639 2783 qna
657 2714 768 2768 ratione
783 2721 811 2767 et
827 2716 911 2769 modo
966 2717 1036 2786 qnia
1053 2715 1226 2786 recipiamus
1251 2713 1279 2768 in
1297 2713 1432 2784 mysterio
1448 2728 1538 2778 sacro,
1556 2710 1738 2766 Eucharistiae
1760 2710 1812 2763 sub

65 2782 205 2836 habemus
221 2798 325 2851 corpus
343 2783 447 2837 Christi
464 2785 492 2836 in
511 2784 620 2838 ratione
653 2801 724 2838 escae
740 2790 767 2839 et
781 2785 912 2840 alimenti
966 2787 1116 2850 velamine,
1130 2785 1311 2839 reconditum
1327 2799 1431 2853 corpus
1447 2783 1522 2837 idem
1538 2783 1655 2837 altinum
1674 2780 1760 2846 cruci,
1786 2784 1813 2835 et

64 2853 166 2907 animm
183 2859 297 2906 nostrie.
317 2854 348 2907 Et
362 2870 426 2907 cum
440 2861 548 2908 cartuiii
564 2856 601 2908 sit
624 2855 765 2925 ejusmodi
782 2856 912 2911 iiliment·
967 2859 1098 2913 bibaiiius
1113 2858 1246 2911 eumdem
1261 2855 1430 2923 sanguinem
1444 2852 1813 2924 proomnibushoniinibus

64 2929 119 2977 tna.
134 2924 264 2977 aniiuani
286 2941 343 2976 noo
360 2924 471 2977 initi-ire
486 2926 576 2980 instar
592 2927 721 2981 alimenti
736 2928 874 2981 ordinarii
885 2932 947 3017 etc
968 2929 1099 2982 ellusum.
1116 2927 1169 2982 Sed
1190 2926 1258 2981 nihil
1277 2926 1371 2979 minus
1392 2925 1436 2979 his
1452 2925 1547 2996 eloqui
1576 2923 1699 2978 intendit
1717 2924 1813 2976 animo

64 3001 190 3048 consueti
207 2996 464 3064 corpus,videlicet
492 2997 772 3066 percouieisioncm
791 3007 912 3052 natura·
968 3000 1148 3054 llatramnus.
1166 2998 1229 3053 Sive
1257 2997 1345 3067 igitur
1369 3011 1483 3050 necesse
1503 3000 1642 3049 estaetate
1665 2993 1813 3049 llatramni

64 3066 118 3120 lem
147 3065 317 3120 substantiae
345 3066 375 3120 iii
400 3068 517 3121 alterurn
544 3066 743 3133 substantiam,
765 3071 914 3124 nosdocet
968 3087 1024 3124 non
1041 3085 1122 3123 secus
1137 3085 1169 3122 ac
1183 3073 1280 3122 nostru
1297 3067 1423 3136 corporis
1439 3065 1543 3120 Christi
1564 3082 1669 3119 uonien
1683 3066 1813 3134 impone-

65 3152 235 3206 permanere
257 3153 361 3206 corpus
387 3137 489 3191 Christi
518 3139 548 3191 iii
565 3139 716 3214 animabus
739 3140 852 3206 nostris,
882 3139 912 3193 in
967 3141 1052 3194 batur
1072 3139 1139 3210 pani
1167 3145 1343 3199 consecrato,
1373 3136 1505 3189 videlicet
1527 3136 1568 3188 rei
1591 3135 1681 3188 oculis
1707 3134 1814 3188 nostris

65 3214 205 3277 qnantum
223 3208 306 3261 nohis
318 3215 479 3278 porrectum
495 3212 537 3262 est
552 3208 580 3262 in
596 3209 782 3275 Eucliaristio,
808 3211 911 3281 praedi·
968 3211 1102 3280 subjectio
1116 3214 1180 3280 post
1192 3206 1430 3269 coriscralionem,
1447 3205 1555 3259 scilicet
1569 3206 1651 3269 albae,
1670 3205 1812 3269 rotundae,

65 3283 122 3332 tuni
137 3278 271 3347 potentia
285 3278 380 3344 Verbi,
396 3295 460 3349 quae
476 3295 533 3333 non
553 3280 643 3334 soloin
659 3281 759 3347 nutrit,
775 3283 824 3334 sed
841 3298 911 3351 por·
967 3289 1092 3336 extensae
1116 3279 1248 3334 monibus
1270 3278 1341 3331 sacri
1370 3276 1504 3341 ilaniinis,
1533 3282 1564 3331 iit
1594 3274 1693 3355 inquit¹
1715 3281 1815 3329 auctor

65 3355 157 3420 galet
177 3349 281 3403 liberat
309 3354 430 3419 pcccatis
452 3352 577 3404 animam
608 3361 742 3415 nostiam,
766 3353 912 3407 secundam
968 3353 1105 3406 librorum
1120 3352 1155 3405 do
1171 3348 1362 3406 sacramentis
1377 3348 1436 3415 (tit.
1449 3364 1485 3414 iv,
1499 3362 1560 3416 cop.
1580 3347 1605 3410 4)
1625 3355 1814 3414 ascripturum

64 3419 92 3472 id
103 3419 179 3490 pund
194 3422 232 3474 sit
249 3422 278 3474 in
292 3435 321 3474 eo
336 3421 457 3490 Spiritus
469 3422 582 3487 Christi,
599 3421 626 3476 id
646 3429 688 3477 est
704 3422 793 3476 diuini
810 3431 912 3494 poten·
967 3429 1064 3477 sancto
1080 3422 1233 3479 Ambrosio
1250 3437 1256 3475 :
1274 3420 1330 3478 Sed
1347 3421 1428 3488 ponis
1440 3422 1500 3484 iste,
1512 3421 1592 3486 porris
1603 3423 1641 3472 est
1656 3421 1718 3471 onte
1731 3416 1814 3471 verbo

64 3492 100 3543 tia
116 3491 212 3544 Verbi.
234 3492 323 3545 Porro
339 3493 369 3545 in
384 3491 428 3544 liis
446 3491 581 3546 omnibns
599 3493 670 3548 nihil
698 3493 812 3547 videtur
826 3511 911 3566 repu-
967 3501 1214 3558 sacramentorum
1232 3493 1279 3546 ubi
1293 3492 1434 3545 occesserit
1447 3492 1620 3554 consecratio,
1633 3488 1666 3542 de
1692 3503 1762 3556 pone
1783 3491 1814 3556 tlt

65 3576 151 3630 gnare
178 3561 331 3615 sententia,
360 3578 455 3615 verani
487 3563 546 3617 veri
575 3565 703 3634 corporis
728 3567 912 3634 praesentiam
967 3582 1030 3621 cai-o
1043 3566 1160 3620 Christi.
1177 3565 1210 3618 Et
1224 3565 1298 3618 intro
1319 3563 1399 3618 :Nori
1427 3566 1486 3614 erat
1499 3562 1618 3628 corporis
1634 3560 1736 3616 Christi
1753 3565 1816 3613 irata

66 3633 252 3686 constituenti
269 3633 327 3686 siva
346 3635 509 3699 tantitatem,
534 3650 621 3704 quoni
638 3642 740 3689 rocam
762 3636 910 3705 theologi:
967 3640 1213 3691 consecrationem:
1235 3638 1332 3703 etpost
1352 3633 1579 3687 reviscerationem
1599 3630 1658 3685 dico
1676 3630 1726 3684 titii
1742 3629 1816 3697 qood

66 3703 166 3781 inqua
197 3704 340 3757 sententie
365 3710 395 3758 et
419 3706 551 3758 suasione
578 3722 634 3758 non
656 3706 821 3760 dubitamus
841 3707 911 3760 rcci-
962 3708 1024 3777 jam
1038 3722 1134 3775 corpas
1153 3707 1256 3761 Christi
1270 3709 1316 3758 est.
1334 3703 1449 3756 Etiamsi
1474 3702 1616 3772 ejusmodi
1639 3699 1813 3768 rotiiiidalio,

67 3774 168 3842 pieudo
186 3789 252 3826 vere
277 3790 373 3828 reram
392 3790 508 3830 carnem
537 3776 640 3831 Christi
674 3779 760 3830 modo
782 3779 913 3832 sensibus

68 3843 194 3912 eorporis
223 3860 282 3898 uon
312 3845 451 3914 subjecto,
478 3845 664 3900 nutritionem
689 3849 791 3902 animae
809 3854 913 3904 nostrie

70 3914 157 3968 etiieri
170 3931 229 3968 non
246 3915 338 3970 aliter.
354 3917 427 3980 Quia
441 3918 568 3985 potentie
580 3917 663 3972 Verbi
683 3918 782 3986 divini,
799 3919 913 3990 corpori

69 3987 146 4038 unita
158 3992 189 4038 et
206 3986 384 4056 hypostatice
399 3987 542 4057 colligate,
558 3989 587 4041 iii
602 3989 683 4042 nobis
694 3990 793 4060 gratiae
809 4006 913 4044 munus

70 4061 94 4110 et
107 4057 217 4110 donnni
238 4060 315 4111 t'oiiet
342 4063 369 4110 et
383 4059 500 4128 patratis
515 4059 670 4113 sceleribus
686 4073 713 4113 et
731 4062 913 4114 contamine-

71 4126 195 4181 tiouibos
208 4144 261 4181 uos
274 4136 422 4198 expurget.
437 4128 501 4183 Haec
515 4136 581 4183 snut
593 4138 728 4200 concepta
754 4132 839 4186 verbo
855 4133 913 4186 lla-

71 4200 172 4252 tremni
186 4198 216 4252 iii
232 4198 290 4252 fine
311 4199 424 4252 numeri
439 4203 472 4254 65
490 4217 496 4254 :
513 4200 566 4256 Sed
579 4207 609 4254 ut
619 4201 768 4256 osteiulrrct
782 4218 840 4271 quic
854 4218 914 4257 esca

968 3778 1070 3832 albedo
1086 3782 1114 3830 et
1136 3775 1261 3829 extensio
1280 3790 1337 3828 nou
1360 3774 1418 3827 sint
1442 3772 1556 3841 propria
1580 3787 1683 3843 corpus
1699 3771 1815 3838 Christi,

968 3849 1014 3902 sed
1031 3848 1126 3900 velum
1141 3851 1190 3898 eut
1201 3844 1351 3899 inductum
1368 3843 1513 3915 sypnrium
1529 3842 1634 3913 quibus
1652 3842 1817 3896 reconditur

969 3924 1023 3973 eto
1036 3922 1188 3987 conspectu
1206 3918 1355 3969 oculorum
1372 3920 1401 3968 et
1415 3913 1474 3966 ncie
1489 3928 1624 3966 sensuum
1651 3916 1815 3965 nostrorum

967 3986 1262 4059 eripitur.lt'onqaod
1289 3983 1585 4052 inorniecoipiiseius
1613 3984 1650 4036 sit
1668 3984 1759 4051 panis,
1791 3985 1816 4035 et

965 4062 1091 4130 poculum
1118 4060 1244 4125 soiipuis3
1267 4057 1314 4111 sed
1328 4056 1400 4124 qood
1420 4056 1449 4108 iii
1471 4069 1498 4108 se
1513 4056 1671 4120 mysterium
1693 4054 1816 4123 corporis

967 4134 1026 4200 ejus
1042 4133 1237 4197 strenuitasque
1255 4129 1418 4187 contineant,
1444 4125 1593 4196 inquiebat
1607 4124 1675 4178 olim
1705 4125 1815 4178 Vacuu-

968 4205 1022 4255 diis
1037 4201 1095 4271 (tib.
1113 4217 1151 4266 ix,
1162 4199 1377 4269 prodrleiisioae
1396 4199 1479 4250 trium
1494 4194 1641 4276 Capituli,
1666 4194 1815 4266 episcopus

70 4271 106 4321 ret
117 4272 167 4337 qni
181 4277 263 4338 potus
275 4270 369 4324 siatde
379 4271 734 4339 quibustoquitur,oddidit
751 4275 910 4339 sipiionter:
928 4262 949 4315 Ι)
970 4272 1183 4328 llermiancnsis
1198 4270 1226 4324 in
1243 4269 1344 4334 birico,
1357 4278 1436 4321 sexto
1447 4268 1551 4321 saeculo
1566 4272 1692 4320 ineunte.
1710 4266 1816 4320 Eodem

72 4340 135 4393 lisca
150 4342 215 4402 iste,
233 4342 366 4410 scipulos
380 4343 439 4395 iate.
459 4343 523 4406 Qua
537 4342 611 4397 isloi
630 4343 671 4396 cet
682 4345 729 4409 qui
749 4345 818 4398 istc?
851 4345 914 4400 Coi·-

69 4425 116 4478 pns
140 4413 274 4464 nimirum
304 4412 416 4473 Gliiisti,
437 4427 534 4481 corpus
562 4413 652 4466 diuini
678 4414 817 4482 Spiritum
842 4419 866 4467 ct
885 4417 914 4467 ut

70 4484 189 4549 apertius
213 4483 372 4548 inculcetur,
399 4485 522 4552 Spiritus
538 4484 672 4544 Christus.
698 4485 804 4553 dequo
829 4485 914 4553 toqui·

71 4556 123 4619 tiir;
139 4551 265 4622 Spiritus
276 4559 342 4606 ante
360 4553 464 4608 facicm
481 4559 606 4608 nostraui
620 4555 749 4609 Christus
764 4557 911 4610 Dominus.

71 4622 172 4690 (initiis
192 4625 316 4678 omnibns
326 4624 464 4678 eridmter
478 4625 632 4680 ostenditur
644 4627 715 4679 nihil
727 4628 754 4680 iii
773 4641 833 4682 esca
848 4630 912 4690 ista,

70 4697 135 4750 nihil
163 4697 193 4748 iii
225 4700 292 4762 potu
320 4697 371 4748 isto
385 4697 562 4763 corporaliter
575 4697 755 4759 omittendum,
768 4697 815 4751 sed
831 4701 914 4751 totum

70 4765 460 4832 spiritualiterotteiirteiidum.
475 4765 578 4820 Eadem
592 4768 649 4820 iere
660 4768 730 4821 dixit
742 4770 771 4821 in
792 4769 914 4837 epistola

71 4835 99 4888 id
116 4836 315 4904 i'rudgardom
333 4837 513 4901 paschasium
532 4837 581 4908 qni
597 4844 741 4892 annuente
765 4838 914 4892 Alhertino

71 4907 164 4959 etiere
186 4907 323 4959 omnibus
346 4907 432 4962 hodie
458 4908 695 4974 Protestanlibus,
720 4911 873 4964 realitatem
889 4915 914 4963 et

72 4976 399 5032 transsubstantiationem
411 4979 472 5033 sine
482 4980 645 5051 suspicione
659 4987 710 5034 aut
724 4980 811 5034 dubio
831 4987 914 5035 tuen-

71 5047 128 5101 dam
146 5064 282 5117 expresse
297 5050 414 5118 recepit.

99 5118 224 5190 inuias
239 5118 392 5173 doctissimi
408 5122 464 5174 riri
478 5124 639 5176 auctoritate
659 5121 842 5192 perdocemur,
859 5125 912 5176 etc.

73 5186 103 5243 ix
128 5190 362 5261 hisqnibusdam
389 5191 718 5247 ridebiturllatramuus
743 5208 798 5245 non
827 5192 913 5247 tuisse

73 5256 95 5312 in
109 5262 362 5315 sententineornm
376 5262 426 5331 qni
441 5262 495 5316 eiiii
510 5262 684 5333 persuadent
694 5279 797 5331 corpus
811 5263 914 5318 Christi

75 5337 164 5384 natiiui
181 5335 217 5385 de
231 5333 361 5403 Virgine,
374 5332 489 5386 atlixiini
507 5333 595 5402 croci,
612 5338 759 5388 mortuom
776 5339 804 5388 el
819 5336 913 5403 sepul-

75 5404 138 5463 lum,
153 5418 212 5456 non
225 5403 350 5473 idipsum
361 5404 509 5474 essequod
520 5406 549 5457 iii
560 5403 733 5458 Eueliaristia
744 5406 912 5474 percipitur,

76 5474 195 5544 ideoque
212 5474 367 5527 secundom
393 5481 500 5544 parti-iu
520 5476 683 5546 quaestionis
699 5480 852 5546 propositae
869 5476 914 5530 hic

77 5541 192 5598 inivisse
208 5544 378 5611 decretorie,
395 5546 538 5601 scribendi
552 5546 693 5618 elegendi
710 5561 815 5618 genere
836 5563 914 5673 pror·

77 5627 116 5665 sos
130 5614 251 5670 adverso
267 5615 414 5687 opinionis
432 5616 574 5673 Paschasii
587 5622 615 5673 et
639 5617 767 5673 suasioni
783 5618 834 5672 lice
847 5618 913 5673 esiae

970 4344 1086 4397 nomine
1111 4340 1236 4413 corporis
1260 4338 1447 4410 atsangoinis
1467 4337 1571 4392 Christi
1597 4336 1817 4408 nuncupabatur

969 4429 1177 4484 veranii-orpus
1192 4417 1220 4466 et
1236 4428 1317 4465 ieros
1338 4409 1455 4480 sangnis
1468 4410 1534 4463 lesu
1556 4407 1661 4462 Christi
1675 4406 1816 4462 reconditi

968 4486 1022 4538 sub
1038 4485 1185 4555 speciebus
1207 4485 1293 4536 modo
1309 4480 1451 4552 spirituali
1475 4483 1504 4533 et
1518 4479 1650 4533 sensibus
1675 4494 1731 4532 non
1753 4478 1818 4532 sub·

965 4557 1050 4625 jecto,
1069 4570 1120 4608 nec
1137 4553 1289 4622 corporali,
1311 4568 1362 4606 noc
1378 4549 1633 4618 circumscriptiro,
1660 4555 1689 4603 ut
1711 4549 1816 4603 scholae

969 4627 1135 4697 loquuntur.
1166 4624 1408 4679 ilocilotramuus
1439 4625 1518 4674 rorat
1548 4621 1577 4674 in
1605 4620 1659 4674 hoo
1695 4624 1817 4674 tractatu

968 4698 1116 4768 proprium
1142 4711 1246 4764 corpus
1278 4692 1392 4757 Christi,
1424 4707 1518 4745 ierom
1543 4707 1657 4745 carnem
1686 4691 1738 4745 sob
1764 4691 1817 4744 hoc

968 4768 1104 4840 mysterio
1118 4767 1236 4820 celatam
1254 4769 1281 4818 et
1306 4763 1489 4818 indiisiatem.
1522 4762 1590 4816 Ecce
1610 4763 1698 4829 rides,
1725 4761 1816 4815 amice

967 4839 1066 4902 lector,
1108 4838 1165 4891 duo
1212 4851 1330 4906 corpora
1357 4835 1422 4888 iesu
1448 4833 1550 4888 Cbrisli
1580 4832 1609 4887 in
1642 4832 1815 4887 Eucharistia

969 4909 1197 4964 consideratione
1219 4911 1247 4961 et
1270 4905 1455 4960 meditatione
1474 4906 1572 4975 digna.
1591 4904 1682 4958 Uarini
1699 4901 1815 4979 iioniiiie
1842 4954 1847 4961 ,

967 4985 1050 5034 tenus
1082 4980 1111 5034 in
1146 4979 1215 5033 solis
1253 4976 1399 5048 speciebus
1426 4976 1582 5029 consistens
1613 4981 1641 5028 et
1676 4985 1816 5052 exprossis

968 5051 1143 5122 imaginibus
1170 5066 1234 5120 qoae
1268 5064 1300 5102 ea
1331 5047 1490 5101 substantio
1516 5045 1598 5115 panis
1616 5051 1645 5098 et
1672 5058 1730 5096 iini
1751 5045 1817 5110 post

967 5122 1211 5176 consecrationem
1240 5125 1409 5190 supersunt3
1435 5119 1556 5171 alterum
1586 5129 1684 5167 icriini
1704 5119 1814 5182 etpro-

967 5193 1075 5263 prium,
1093 5193 1121 5244 in
1140 5193 1215 5262 quod
1230 5191 1312 5259 penis
1333 5195 1361 5242 et
1379 5189 1476 5242 riuum
1500 5188 1722 5250 commutantur,
1739 5182 1817 5263 qood

967 5264 1006 5317 ibi
1026 5263 1155 5316 consistit
1180 5268 1209 5315 et
1228 5265 1378 5331 permanet
1406 5259 1534 5312 modoet
1557 5270 1669 5334 genere,
1684 5256 1816 5309 sensibus

968 5335 1096 5402 corporis
1111 5349 1168 5387 uon
1190 5333 1327 5402 subjecto,
1347 5329 1480 5383 solicolis
1495 5333 1523 5379 et
1547 5341 1686 5394 expressis
1711 5326 1815 5395 imagi·

967 5405 1052 5459 nibus
1079 5420 1129 5457 seu
1157 5405 1304 5473 speciebus
1328 5400 1410 5471 ponis
1437 5405 1465 5452 et
1488 5397 1558 5449 riui.
1585 5397 1642 5475 ilnoc
1660 5396 1755 5482 ipsum
1774 5402 1817 5451 est

967 5492 1071 5544 cor-piis
1087 5475 1252 5529 criicilixnm
1269 5480 1296 5528 et
1316 5473 1361 5527 liic
1376 5471 1496 5539 ipseiiiet
1510 5483 1627 5537 sanguis
1641 5470 1747 5523 ellusus
1764 5485 1816 5537 pro

967 5548 1065 5614 nobis;
1083 5563 1134 5600 nec
1154 5545 1271 5601 etiatuin
1302 5546 1428 5598 iiiciirret
1444 5539 1549 5593 alicubi
1568 5556 1626 5621 quo
1639 5543 1816 5595 contrarium

968 5619 1071 5675 dixisse
1086 5617 1258 5673 iletramnos
1277 5614 1415 5667 videatur.
1437 5611 1492 5664 iVeo
1510 5614 1707 5682 pertimescam
1723 5612 1817 5668 dicero
