3930 6098
109 220 160 275 939
710 216 854 275 uttohts
872 214 1025 274 llolthlll
1045 217 1072 271 S.
1093 215 1229 271 AlthDl
1804 214 1848 271 stt

107 355 255 428 Verbaque
270 358 366 410 sancta
381 354 475 409 terens
490 352 520 407 in
535 351 620 407 cmlos
632 352 712 406 lucra
727 351 854 418 revexit,
972 350 1184 419 dignoscendo
1200 363 1271 403 meae
1284 347 1444 418 disrumpat
1458 347 1571 403 vincula
1585 347 1682 418 cnlpae

108 444 169 509 Ono
185 443 290 498 fruitur
305 440 413 496 maritis
428 444 535 495 aeterne
547 439 578 493 in
593 439 697 493 sucula
716 437 809 493 donis.
1010 437 1137 493 Christus
1153 435 1350 506 cunctipotens
1362 434 1513 489 hominum
1525 435 1689 505 Reparator
1699 437 1729 488 et
1740 436 1841 503 Auctor,

109 533 196 603 Gujus
209 535 288 603 geste
298 546 403 584 canens
419 544 583 601 quanquam
602 543 735 582 sermone
750 542 854 597 poema
1009 527 1112 593 Aurea,
1128 542 1213 596 poseo
1230 527 1321 594 prius,
1338 524 1465 594 propriae
1480 539 1567 594 quam
1580 523 1671 577 taenia
1685 522 1751 578 vitea

109 618 264 674 Conficiem
280 617 427 684 stolidum,
442 616 520 679 volui
534 615 588 670 hoc
597 616 742 686 complere
753 614 861 682 libello,
1011 609 1122 680 Elllnat,
1140 615 1168 666 et
1181 610 1258 665 lunis
1273 608 1410 680 fugiendo
1420 615 1574 680 argenteus
1589 624 1694 663 urnam

33 744 35 749 .
107 706 176 770 Qooe
187 705 322 777 juvenilis
337 705 430 760 adhuc
444 703 492 759 sed
508 719 565 757 non
579 702 744 773 juveniliter
764 702 830 774 egit.
1010 699 1177 770 Confringat
1190 697 1295 762 carnis,
1310 701 1445 750 cunctum
1465 695 1650 767 effundatque
1665 693 1812 765 liquorem.

106 798 212 864 Aptnm
228 809 300 864 opus
317 798 375 848 ult
394 792 656 864 iuvenisjuvenem
684 790 801 845 laudare
817 803 954 857 mererer,
1008 788 1150 843 iustitiam
1168 791 1280 851 mettio,
1296 784 1330 838 ad
1347 785 1485 854 pietatem
1499 799 1583 838 curro
1599 782 1766 854 benignam.

106 881 242 937 Criminis
257 881 394 936 immensi
407 881 431 934 si
446 895 553 950 magna
565 879 640 934 mole
655 894 793 941 carerem,
1009 873 1050 928 Sit
1064 875 1139 943 pius,
1151 888 1212 943 oro,
1231 872 1312 937 mihi,
1330 877 1357 926 et
1367 872 1452 942 justis
1463 870 1642 941 justissimus
1657 873 1757 924 exstet.

4 1042 7 1047 Ι
108 971 169 1035 Qua
185 974 281 1025 tamen
294 985 311 1023 a
323 968 446 1023 Domino
462 983 508 1022 rue
523 968 613 1022 lidens
627 983 712 1038 posse
725 966 813 1031 levari
1009 962 1083 1032 Ergo
1096 961 1166 1016 boni
1181 961 1312 1015 meritam
1327 963 1444 1014 teneant
1454 959 1484 1013 in
1500 949 1625 1013 munere‘
1639 955 1774 1028 palmam.

108 1057 255 1113 Ponhticis
269 1057 355 1128 hujus
369 1056 513 1128 precibus,
529 1055 697 1126 meritisque
710 1053 812 1121 beatis,
1009 1054 1044 1106 tt
1058 1050 1190 1105 mihimet
1205 1048 1335 1103 flammas
1350 1047 1418 1102 satis
1433 1051 1476 1102 est
1489 1045 1625 1101 transisse
1639 1044 1783 1115 whence,

108 1146 164 1212 Qui
178 1146 231 1200 sibi
247 1161 306 1200 non
319 1146 422 1210 solnm,
440 1143 491 1198 sed
505 1147 606 1198 cuncto
627 1142 736 1214 profuit
749 1142 822 1209 orbi,
1010 1145 1043 1198 Et
1057 1143 1169 1197 veniam
1185 1142 1277 1196 multo
1291 1157 1342 1211 pro
1353 1140 1473 1196 crimine
1489 1135 1694 1210 promeruisse.

108 1233 242 1300 Obsecro,
257 1249 354 1304 posco,
365 1247 478 1305 precor,
489 1232 667 1302 jugibusque
682 1231 832 1302 expostulo
846 1226 920 1284 votis
1008 1229 1096 1300 Nigra
1108 1245 1160 1300 per
1174 1229 1301 1284 albentes
1313 1228 1477 1283 diffundens
1492 1225 1604 1281 semina
1619 1239 1748 1296 campos,

18 1338 23 1345 ·
108 1322 281 1392 Suppliciter
307 1321 426 1392 supplex
451 1319 605 1375 minimum
633 1323 666 1374 ut
690 1319 841 1373 miseratus
861 1318 953 1373 alum·
1010 1318 1111 1372 Lassus
1124 1317 1198 1373 fasce
1211 1318 1292 1389 gravi
1305 1317 1448 1387 completa
1462 1315 1525 1370 lnce
1540 1314 1598 1369 diei

862 1403 954 1477 [num,
1010 1406 1149 1477 Spargere
1161 1406 1222 1477 jam
1237 1421 1327 1472 cesso,
1343 1405 1475 1477 factoque
1490 1404 1536 1459 hic
1550 1403 1612 1457 sine
1627 1415 1756 1474 repauso.
1772 1401 1784 1444 l

111 1560 125 1585 ⁸
140 1550 189 1605 liic
204 1554 322 1605 aetatem
334 1566 391 1621 qua
405 1549 467 1604 herc
482 1548 594 1620 scripsit
608 1548 674 1605 llilo
688 1547 805 1603 indicat.
1042 1549 1056 1589 b
1075 1546 1240 1602 Addebatur
1256 1563 1263 1600 ε
1288 1547 1360 1601 Finit
1379 1545 1447 1600 liber
1462 1561 1491 1614 ιι,
1516 1545 1596 1600 babet
1615 1558 1710 1600 sersus
1734 1541 1789 1609 tao,
1808 1555 1830 1594 ac

1009 1617 1205 1688 sequebantur
1221 1617 1315 1688 capita
1328 1617 1390 1671 haec
1401 1616 1467 1670 libri
1479 1632 1510 1670 ιι.

778 1910 920 1984 LIBER
948 1909 1210 1984 SECUNDUS.

859 2223 988 2293 Capitale
1000 2223 1067 2278 libri
1080 2239 1110 2278 ιι.

107 2353 130 2399 t.
146 2349 251 2399 Viribus
260 2349 316 2398 suis
329 2348 442 2412 scriptor
448 2346 614 2411 posthabiti.
623 2359 671 2410 pro
683 2347 818 2396 communi
832 2347 944 2396 utilitate
956 2345 1020 2395 dicit
1030 2360 1058 2395 se
1072 2360 1135 2396 suos
1149 2346 1270 2396 divisisse
1284 2347 1398 2403 libellos,
1409 2353 1436 2398 et
1447 2349 1549 2399 naenias
1561 2354 1700 2414 poetarum
1713 2350 1826 2400 thomiri·

137 2414 188 2471 tus,
200 2410 283 2482 libelli
298 2411 340 2481 sni
354 2423 462 2481 cursum
472 2412 499 2459 et
515 2409 627 2480 Spiritus
639 2409 724 2480 sancti
738 2408 831 2457 humili
847 2422 923 2472 prece
937 2408 1055 2480 deposcit
1067 2409 1225 2481 ingressum.
1238 2436 1267 2444 -
1276 2412 1304 2480 2·
1320 2411 1367 2459 Ubi
1383 2415 1490 2460 sanctus
1505 2412 1650 2484 Episcopus
1665 2411 1829 2480 ordinatur.-¹

137 2475 160 2522 3.
173 2472 264 2521 Editor
279 2473 359 2534 huJus
374 2485 461 2534 operis
478 2470 589 2519 Galliam
606 2469 760 2532 alloquitur.
775 2497 806 2506 -
818 2473 840 2519 l.
860 2471 895 2518 De
910 2483 998 2531 pueris
1010 2475 1106 2533 emptis
1122 2475 1148 2519 et
1160 2475 1335 2520 instructione
1349 2485 1451 2521 eorum.
1468 2499 1497 2508 —
1513 2476 1535 2522 5.
1552 2473 1670 2536 Scriptis?
1683 2473 1760 2537 hujus
1772 2479 1828 2522 metu

138 2534 265 2583 Sanctum
279 2546 339 2582 cum
353 2532 431 2581 lende
442 2531 547 2581 ellatur.
562 2557 593 2568 -
607 2534 630 2581 6.
647 2532 760 2618 Puerum
773 2532 886 2581 Sanctus
900 2531 1032 2581 adiabolo
1047 2533 1073 2580 iu
1090 2531 1276 2603 centumcellis
1288 2533 1408 2582 salvavit.
1421 2560 1452 2570 -
1461 2538 1485 2584 7.
1506 2535 1604 2607 hoctor
1618 2536 1706 2599 operis
1716 2535 1788 2584 istius
1799 2535 1828 2582 in·

138 2592 1615 2764 iiiiiGli,riutilioillillhsillllhluu31·sdidfflilllllhlililli'lli{lllddllllillt
1630 2595 1830 2721 attulit:

137 2729 589 2842 lateatis,tilitates
602 2717 1333 2841 iustitis,tttttlfltldttstlete¹¹
1349 2718 1421 2768 “¹¹⁰⁸
1434 2719 1521 2769 “bil
1542 2734 1602 2770 ⁰⁰⁰⁰
1616 2720 1696 2771 “¹¹³⁰
1710 2721 1828 2821 'ill'

385 2890 498 2946 GAPUT
522 2889 669 2944 Pltlbllllt.
970 2892 991 2946 D
1006 2891 1097 2962 Digne
1112 2909 1170 2964 qno
1184 2893 1306 2962 valeam,
1320 2909 1385 2965 quae
1397 2899 1464 2949 sunt
1478 2895 1640 2966 pangenda,
1656 2897 1747 2952 relatu

1008 2978 1136 3034 Scribere
1152 2985 1230 3051 gestu
1246 2980 1309 3048 viri,
1329 2981 1470 3035 mundum
1487 2982 1648 3054 spargende
1659 2999 1712 3055 per
1725 2996 1826 3038 omnen.

1042 3071 1069 3122 2.
1085 3069 1215 3123 Romana
1231 3068 1341 3124 interca
1362 3070 1406 3123 vir
1420 3071 1540 3125 Sanctus
1555 3071 1591 3126 ab
1607 3071 1677 3127 urbe
1697 3074 1825 3134 revertens,

1009 3155 1155 3210 Gallorum
1171 3156 1206 3211 ad
1223 3159 1345 3229 populos
1362 3157 1487 3213 directus
1499 3159 1613 3214 coelitns
1628 3159 1691 3216 ivit.

58 3254 61 3259 ’
144 3250 168 3303 l.
186 3245 300 3300 Viribus
315 3242 426 3314 exiguis
441 3258 573 3298 canerem
598 3259 674 3309 cum,
698 3242 798 3311 lector,
827 3243 952 3299 rimandi
1008 3243 1042 3297 Et
1056 3258 1109 3297 ceu
1126 3241 1178 3298 snb
1190 3244 1287 3298 modio
1299 3245 1421 3299 rutilans
1431 3250 1560 3300 contecta
1573 3246 1693 3301 lucerna

106 3335 215 3406 inclyta
230 3335 310 3405 gesta
326 3331 377 3402 pii,
394 3331 542 3386 communi
556 3330 624 3384 hinc
637 3329 704 3385 inde
717 3330 807 3385 labori
1008 3329 1146 3385 Humanis
1162 3331 1275 3386 nullum
1293 3329 1453 3402 profectum
1469 3332 1578 3386 visibus
1591 3332 1695 3402 infert,

106 3422 288 3494 Prospiciens
299 3420 409 3493 pariter
423 3418 581 3482 scribentis,
595 3419 655 3473 sive
670 3419 804 3490 legentis,
1007 3419 1037 3474 ln
1051 3417 1117 3473 base
1128 3417 1177 3474 sed
1192 3419 1286 3490 posita
1301 3420 1460 3489 splendoris
1472 3421 1534 3475 luce
1549 3421 1684 3477 tenebras

107 3512 237 3576 Quatuor
252 3509 284 3562 in
297 3506 394 3579 parvis
408 3506 509 3578 partiri
524 3505 577 3561 rita
596 3506 701 3561 libellis
1007 3505 1127 3574 Decutit‚
1145 3505 1324 3578 intrantique
1337 3505 1457 3562 domum
1471 3523 1523 3564 sua
1537 3523 1661 3563 munera
1674 3507 1778 3581 pandit;

106 3599 171 3653 llaec
182 3596 282 3652 eadem
295 3595 383 3664 volui,
404 3594 499 3666 capias
514 3611 571 3666 quo
587 3594 644 3650 line
660 3594 804 3663 levamen,
1006 3592 1051 3647 Sic
1066 3593 1107 3647 sic
1121 3593 1167 3647 his
1180 3593 1285 3649 Christi
1300 3594 1486 3665 resplendens
1499 3594 1610 3650 lumine
1619 3598 1769 3664 Amandus,

106 3687 142 3741 Et
154 3685 265 3742 brevies
279 3688 392 3739 tantum
406 3683 511 3754 partito
524 3683 598 3738 iasce
613 3682 749 3738 laborem.
1005 3680 1085 3735 lilius
1098 3685 1130 3736 ut
1140 3682 1250 3737 cunctis
1264 3682 1388 3752 fulgeret
1403 3683 1432 3736 in
1451 3684 1511 3738 aede
1524 3684 1676 3752 ministris,

106 3774 206 3829 Lector
219 3771 298 3827 enim
311 3771 449 3843 prudens,
465 3770 573 3841 poteris
585 3785 768 3842 cognoscere,
783 3769 806 3824 si
821 3770 874 3839 vis,
1005 3769 1184 3840 Exueretqne
1199 3770 1331 3825 homines
1345 3775 1420 3825 tetra
1434 3771 1557 3842 caligine
1574 3772 1692 3837 rrrultos,

105 3861 188 3928 Quod
197 3876 255 3916 non
269 3858 455 3931 grammatice
468 3858 593 3913 decurrit
607 3859 669 3928 lege
684 3858 809 3928 loquela,
1005 3856 1145 3928 Principis
1159 3857 1289 3928 imperiis
1302 3859 1480 3929 compulsus,
1492 3858 1721 3932 Ponuncumque

105 3950 221 4006 Rustica
235 3948 283 4003 sed
300 3946 410 4003 stolidis
426 3950 561 4001 texuntur
574 3945 703 4001 carmina
716 3945 821 4000 verbis.
1006 3944 1136 3999 Devictus
1149 3946 1278 4011 monitis,
1295 3951 1338 4000 est
1351 3946 1442 4001 lactus
1459 3947 1630 4019 Episcopum
1643 3953 1673 4004 et
1688 3946 1757 4018 qnod

105 4038 167 4092 Non
183 4051 254 4107 opus
273 4034 328 4088 hoc
342 4032 418 4088 orbis
431 4031 610 4087 recitandum
624 4032 707 4087 mitto
718 4030 878 4102 magistris;
1004 4033 1066 4087 lam
1079 4032 1190 4104 pridem
1207 4029 1317 4088 meritis
1330 4034 1433 4103 luerat,
1449 4038 1518 4089 lunc
1531 4035 1633 4091 ordine
1645 4035 1765 4109 sumpsit.

105 4123 233 4188 Quorum
244 4136 337 4174 sermo
350 4120 415 4173 lloit
427 4118 563 4173 torrentis
577 4119 699 4189 gurgitis
715 4118 813 4186 instar,
1004 4119 1060 4174 Nec
1073 4120 1170 4175 sedem
1184 4121 1330 4192 propriam
1350 4122 1473 4193 suscepit
1488 4123 1691 4193 pontificalem,

106 4209 230 4265 Grandia
244 4208 294 4279 qui
308 4205 414 4260 oritoni
428 4209 573 4260 ructantes
587 4206 674 4260 verba
685 4204 808 4259 hieronis
969 4182 989 4237 C
1003 4207 1059 4262 Sed
1071 4209 1159 4262 veluti
1173 4210 1279 4264 Paulus
1289 4209 1413 4280 populos
1427 4225 1579 4280 aggressus
1593 4212 1676 4279 Eoos,
1865 4202 1867 4221 '

104 4296 187 4351 Vocis
201 4294 320 4350 olorinae
333 4297 503 4347 concentum
520 4298 635 4363 gutture
649 4298 798 4365 premunt3
1005 4296 1051 4350 Sic
1063 4296 1116 4351 iste
1130 4297 1268 4353 Dociduas
1282 4302 1378 4368 parles
1392 4298 1578 4353 transmissus
1591 4300 1689 4365 adivit,
1762 4317 1767 4329 ·
1864 4224 1867 4431 Ι

105 4384 215 4455 Quique
231 4397 315 4435 suum
331 4396 447 4435 carmen
473 4381 541 4434 dum
557 4380 647 4435 musis
673 4381 808 4436 suavibus
823 4384 949 4452 aequant,
1005 4385 1142 4441 Gentibus
1157 4389 1185 4439 el
1199 4386 1304 4457 sparsis
1320 4386 1426 4457 sparsit
1437 4387 1486 4456 pia
1500 4387 1587 4442 verba
1599 4388 1707 4443 salutis.

106 4471 265 4528 Ostendant
278 4485 395 4536 vanum,
411 4469 555 4540 nullisque
568 4469 693 4540 aptabile
704 4469 800 4525 lucris.
1039 4474 1065 4527 3.
1081 4472 1178 4537 Gallia,
1189 4473 1282 4544 gaude
1292 4473 1402 4536 alacris,
1414 4474 1568 4544 praeclarus
1578 4475 1726 4546 Apostolus
1735 4467 1812 4526 istest
1864 4436 1867 4585 ⁴

105 4560 169 4614 Non
185 4557 229 4612 his
241 4573 309 4628 ergo
325 4572 402 4612 meos
414 4572 510 4611 versus
523 4556 687 4612 transmitto
702 4557 842 4625 citandos,
1004 4561 1132 4616 Donatus
1145 4561 1262 4616 tibimet.
1280 4561 1418 4616 Dominus
1433 4575 1498 4633 cum
1515 4561 1643 4616 mitteret
1659 4561 1719 4617 orbi

105 4648 158 4704 Sed
173 4646 330 4713 monachis,
347 4662 470 4718 quornm
485 4646 638 4718 requiescit
653 4647 681 4700 in
696 4663 744 4701 ore
758 4647 880 4702 salubris
1004 4648 1125 4702 Lumina
1141 4648 1305 4716 Doctorum,
1321 4664 1374 4703 ceu
1389 4648 1484 4703 stellas
1500 4650 1563 4704 luce
1579 4650 1717 4716 nitentes;

104 4738 265 4793 Thesaurus
276 4735 380 4806 psalmi
392 4740 421 4789 et
433 4734 544 4806 hymni,
559 4752 610 4790 seu
624 4735 745 4802 cantica,
761 4735 872 4790 Christo
1002 4735 1079 4789 'luno
1093 4735 1146 4789 tibi
1157 4740 1233 4789 sorte
1249 4736 1296 4806 pia
1311 4740 1441 4790 nostrum
1452 4737 1573 4792 serravit
1589 4738 1757 4797 Amandum
1865 4728 1867 4739 '

104 4827 174 4892 Quae
193 4841 245 4896 per
263 4823 371 4894 templa
390 4828 498 4877 canunt
515 4824 638 4877 tonitrus
654 4823 733 4878 velut
752 4839 801 4878 ore
818 4823 947 4890 boantes,
1003 4823 1064 4888 Quo
1079 4823 1191 4878 radiata
1205 4824 1252 4894 pio
1263 4828 1400 4880 virtutum
1413 4824 1521 4880 lumine
1534 4825 1609 4880 facta
1624 4843 1664 4894 es,

104 4917 206 4971 Petrus
219 4912 344 4984 piscator
357 4911 479 4981 populos
494 4911 629 4982 piscando
644 4911 736 4982 poetis
1002 4912 1155 4982 Splendida
1171 4911 1323 4984 terrigenis
1337 4913 1445 4984 quadro
1465 4912 1518 4967 sub
1530 4914 1647 4969 climate
1656 4911 1757 4970 clausis.

103 5001 258 5057 Praefertnr
270 4998 390 5066 cunctis,
405 4997 455 5069 qui
469 5003 565 5053 sancto
578 4998 695 5053 flamine
708 5000 822 5070 plenus,
1002 5001 1056 5055 Per
1069 5016 1153 5071 quem
1170 4999 1343 5055 celsithrono
1359 5001 1476 5056 credens
1491 5001 1522 5055 in
1537 5005 1642 5058 saecula
1658 5003 1725 5074 regi,

103 5087 195 5143 Vertit
208 5085 381 5156 multiplices
398 5100 455 5138 uno
469 5101 601 5140 sermone
614 5090 756 5154 catervas;
1001 5087 1119 5157 Semper
1127 5088 1183 5141 eris
1197 5093 1337 5155 sanctum,
1351 5089 1522 5159 speciosum,
1540 5095 1568 5144 et
1587 5091 1685 5146 nobile
1706 5089 1805 5157 regnum}

103 5179 165 5244 Quo
179 5177 253 5232 tacto
264 5174 371 5242 decuit,
387 5175 463 5247 qnod
473 5191 532 5230 non
548 5190 681 5230 sermone
695 5179 813 5243 paretur
1002 5175 1055 5239 Oni
1071 5180 1107 5241 le,
1120 5175 1290 5247 conspicuus
1305 5192 1369 5230 cum
1384 5177 1475 5232 ludex
1489 5178 1600 5232 venerit
1615 5176 1702 5245 orbis,

104 5266 247 5336 Regnum,
263 5263 311 5317 sed
327 5261 442 5317 Domini
456 5261 581 5317 solidum
595 5262 699 5315 virtute
714 5261 834 5316 levetur.
1002 5263 1132 5333 Undique
1145 5263 1304 5332 collectam,
1319 5279 1371 5318 ceu
1387 5268 1484 5335 pastor
1497 5264 1593 5333 ovilia,
1611 5266 1696 5321 ducet

103 5352 116 5404 1
130 5352 211 5418 liber,
226 5351 234 5403 i
248 5366 373 5405 carmen.
389 5350 431 5404 Tu
444 5348 568 5420 Spiritus
578 5349 663 5414 alme,
678 5348 786 5415 venito,
999 5349 1042 5403 ud
1057 5350 1161 5405 Ghristi
1176 5351 1278 5404 solium
1291 5368 1298 5419 ;
1310 5352 1428 5406 veniens
1441 5368 1509 5423 quo,
1522 5367 1644 5409 munera
1659 5349 1747 5425 magni

104 5435 230 5488 Pectoris
243 5442 272 5491 et
285 5435 376 5491 nestri
389 5436 547 5507 penetralia
560 5434 682 5507 pleniter
696 5435 780 5503 intra,
1000 5437 1145 5508 Principes
1161 5438 1284 5506 Domini,
1296 5444 1375 5494 tauto
1387 5444 1536 5511 praeeunte
1552 5442 1685 5496 Patrono.

107 3034 179 3092 Ordo
198 3034 358 3105 episcopalis
377 3032 406 3088 S.
426 3030 555 3086 Amcodo
569 3031 694 3086 collatus.
718 3031 806 3087 Abeo
822 3030 956 3102 redempti

371 3104 485 3173 captivi,
505 3106 530 3156 et
548 3104 688 3157 instructi.
