<?xml version="1.0" encoding="UTF-8"?>
<!DOCTYPE html PUBLIC "-//W3C//DTD XHTML 1.0 Transitional//EN"
    "http://www.w3.org/TR/xhtml1/DTD/xhtml1-transitional.dtd">
<html xmlns="http://www.w3.org/1999/xhtml" xml:lang="en" lang="en">
 <head>
  <title>
</title>
<meta http-equiv="Content-Type" content="text/html;charset=utf-8" />
  <meta name='ocr-system' content='tesseract 3.04.00' />
  <meta name='ocr-capabilities' content='ocr_page ocr_carea ocr_par ocr_line ocrx_word'/>
</head>
<body>
  <div class='ocr_page' id='page_1' title='image "./patrologiaecurs04unkngoog_0374.png"; bbox 0 0 3930 6098; ppageno 0'>
   <div class='ocr_carea' id='block_1_1' title="bbox 103 264 155 319">
    <p class='ocr_par' dir='ltr' id='par_1_1' title="bbox 103 264 155 319">
     <span class='ocr_line' id='line_1_1' title="bbox 103 264 155 319; baseline 0.038 -2"><span class='ocrx_word' id='word_1_1' title='bbox 103 264 155 319; x_wconf 78' lang='lat'><strong>703</strong></span> 
     </span>
    </p>
   </div>
   <div class='ocr_carea' id='block_1_2' title="bbox 103 389 987 892">
    <p class='ocr_par' dir='ltr' id='par_1_2' title="bbox 103 389 987 801">
     <span class='ocr_line' id='line_1_2' title="bbox 103 389 987 464; baseline 0.002 -17"><span class='ocrx_word' id='word_1_2' title='bbox 103 393 217 464; x_wconf 85' lang='lat' dir='ltr'><strong>sepiens</strong></span> <span class='ocrx_word' id='word_1_3' title='bbox 230 395 392 463; x_wconf 77' lang='lat' dir='ltr'><strong>unipotens</strong></span> <span class='ocrx_word' id='word_1_4' title='bbox 406 389 520 458; x_wconf 86' lang='lat' dir='ltr'><strong>dicitur,</strong></span> <span class='ocrx_word' id='word_1_5' title='bbox 538 389 607 462; x_wconf 90' lang='lat' dir='ltr'><strong>quia</strong></span> <span class='ocrx_word' id='word_1_6' title='bbox 619 405 670 462; x_wconf 91' lang='lat' dir='ltr'><strong>per</strong></span> <span class='ocrx_word' id='word_1_7' title='bbox 691 391 788 446; x_wconf 90' lang='lat' dir='ltr'><strong>omnia</strong></span> <span class='ocrx_word' id='word_1_8' title='bbox 802 391 945 463; x_wconf 90' lang='lat' dir='ltr'><strong>perlectus</strong></span> <span class='ocrx_word' id='word_1_9' title='bbox 964 398 987 449; x_wconf 80' lang='grc' dir='ltr'><strong>Α</strong></span> 
     </span>
     <span class='ocr_line' id='line_1_3' title="bbox 103 480 949 552; baseline 0 -16"><span class='ocrx_word' id='word_1_10' title='bbox 103 487 156 548; x_wconf 86' lang='lat' dir='ltr'><strong>est,</strong></span> <span class='ocrx_word' id='word_1_11' title='bbox 172 486 201 536; x_wconf 90' lang='lat' dir='ltr'><strong>et</strong></span> <span class='ocrx_word' id='word_1_12' title='bbox 215 481 295 536; x_wconf 91' lang='lat' dir='ltr'><strong>nullo</strong></span> <span class='ocrx_word' id='word_1_13' title='bbox 310 496 426 551; x_wconf 90' lang='lat' dir='ltr'><strong>prorsus</strong></span> <span class='ocrx_word' id='word_1_14' title='bbox 449 480 582 552; x_wconf 88' lang='lat' dir='ltr'><strong>indigens</strong></span> <span class='ocrx_word' id='word_1_15' title='bbox 608 481 693 535; x_wconf 88' lang='lat' dir='ltr'><strong>bono.</strong></span> <span class='ocrx_word' id='word_1_16' title='bbox 724 480 796 536; x_wconf 89' lang='lat' dir='ltr'><strong>Nam</strong></span> <span class='ocrx_word' id='word_1_17' title='bbox 821 487 949 552; x_wconf 80' lang='lat' dir='ltr'><strong>paternas</strong></span> 
     </span>
     <span class='ocr_line' id='line_1_4' title="bbox 103 567 950 640; baseline 0.004 -18"><span class='ocrx_word' id='word_1_18' title='bbox 103 569 216 624; x_wconf 87' lang='lat' dir='ltr'><strong>virtutis</strong></span> <span class='ocrx_word' id='word_1_19' title='bbox 229 568 413 638; x_wconf 83' lang='lat' dir='ltr'><strong>elsapientiae</strong></span> <span class='ocrx_word' id='word_1_20' title='bbox 438 567 514 623; x_wconf 90' lang='lat' dir='ltr'><strong>idem</strong></span> <span class='ocrx_word' id='word_1_21' title='bbox 539 569 602 624; x_wconf 79' lang='lat' dir='ltr'><strong>Filii</strong></span> <span class='ocrx_word' id='word_1_22' title='bbox 622 569 746 640; x_wconf 78' lang='lat' dir='ltr'><strong>Spiritus</strong></span> <span class='ocrx_word' id='word_1_23' title='bbox 765 570 901 634; x_wconf 89' lang='lat' dir='ltr'><strong>creditur,</strong></span> <span class='ocrx_word' id='word_1_24' title='bbox 921 575 950 625; x_wconf 89' lang='lat' dir='ltr'><strong>et</strong></span> 
     </span>
     <span class='ocr_line' id='line_1_5' title="bbox 103 655 949 729; baseline 0 -17"><span class='ocrx_word' id='word_1_25' title='bbox 103 658 169 712; x_wconf 90' lang='lat' dir='ltr'><strong>ideo</strong></span> <span class='ocrx_word' id='word_1_26' title='bbox 182 657 243 726; x_wconf 90' lang='lat' dir='ltr'><strong>ipse</strong></span> <span class='ocrx_word' id='word_1_27' title='bbox 264 662 293 710; x_wconf 88' lang='lat' dir='ltr'><strong>et</strong></span> <span class='ocrx_word' id='word_1_28' title='bbox 306 655 465 711; x_wconf 87' lang='lat' dir='ltr'><strong>substantia</strong></span> <span class='ocrx_word' id='word_1_29' title='bbox 484 657 582 725; x_wconf 83' lang='lat' dir='ltr'><strong>virtus,</strong></span> <span class='ocrx_word' id='word_1_30' title='bbox 606 663 634 713; x_wconf 90' lang='lat' dir='ltr'><strong>et</strong></span> <span class='ocrx_word' id='word_1_31' title='bbox 654 658 794 729; x_wconf 70' lang='lat' dir='ltr'>sapientia</span> <span class='ocrx_word' id='word_1_32' title='bbox 817 674 949 729; x_wconf 86' lang='lat' dir='ltr'><strong>couipro-</strong></span> 
     </span>
     <span class='ocr_line' id='line_1_6' title="bbox 103 746 222 801; baseline -0.025 0"><span class='ocrx_word' id='word_1_33' title='bbox 103 746 195 801; x_wconf 71' lang='lat' dir='ltr'><strong>batur.</strong></span> <span class='ocrx_word' id='word_1_34' title='bbox 209 766 222 793; x_wconf 81' lang='lat' dir='ltr'><strong>n</strong></span> 
     </span>
    </p>

    <p class='ocr_par' dir='ltr' id='par_1_3' title="bbox 447 836 608 892">
     <span class='ocr_line' id='line_1_7' title="bbox 447 836 608 892; baseline -0.012 -3"><span class='ocrx_word' id='word_1_35' title='bbox 447 836 511 890; x_wconf 79' lang='lat' dir='ltr'><strong>Car.</strong></span> <span class='ocrx_word' id='word_1_36' title='bbox 533 836 608 892; x_wconf 78' lang='lat' dir='ltr'>XXV.</span> 
     </span>
    </p>
   </div>
   <div class='ocr_carea' id='block_1_3' title="bbox 102 957 994 3071">
    <p class='ocr_par' dir='ltr' id='par_1_4' title="bbox 102 957 994 3071">
     <span class='ocr_line' id='line_1_8' title="bbox 138 957 951 1032; baseline 0 -19"><span class='ocrx_word' id='word_1_37' title='bbox 138 959 209 1013; x_wconf 86' lang='lat' dir='ltr'><strong>item</strong></span> <span class='ocrx_word' id='word_1_38' title='bbox 225 957 301 1014; x_wconf 90' lang='lat' dir='ltr'><strong>idem</strong></span> <span class='ocrx_word' id='word_1_39' title='bbox 317 958 347 1013; x_wconf 94' lang='lat' dir='ltr'><strong>in</strong></span> <span class='ocrx_word' id='word_1_40' title='bbox 363 958 481 1030; x_wconf 86' lang='lat' dir='ltr'><strong>Dialogo</strong></span> <span class='ocrx_word' id='word_1_41' title='bbox 498 975 562 1014; x_wconf 89' lang='lat' dir='ltr'><strong>cum</strong></span> <span class='ocrx_word' id='word_1_42' title='bbox 583 959 760 1015; x_wconf 83' lang='lat' dir='ltr'><strong>Theodorete</strong></span> <span class='ocrx_word' id='word_1_43' title='bbox 785 960 816 1014; x_wconf 88' lang='lat' dir='ltr'><strong>in</strong></span> <span class='ocrx_word' id='word_1_44' title='bbox 835 960 951 1032; x_wconf 83' lang='lat' dir='ltr'><strong>Tripar-</strong></span> 
     </span>
     <span class='ocr_line' id='line_1_9' title="bbox 102 1046 950 1120; baseline 0.002 -19"><span class='ocrx_word' id='word_1_45' title='bbox 102 1046 155 1101; x_wconf 87' lang='lat' dir='ltr'><strong>tita</strong></span> <span class='ocrx_word' id='word_1_46' title='bbox 178 1048 299 1102; x_wconf 77' lang='lat' dir='ltr'>Historia</span> <span class='ocrx_word' id='word_1_47' title='bbox 321 1047 442 1118; x_wconf 86' lang='lat' dir='ltr'><strong>Cyriano</strong></span> <span class='ocrx_word' id='word_1_48' title='bbox 465 1049 598 1119; x_wconf 90' lang='lat' dir='ltr'><strong>episcopo</strong></span> <span class='ocrx_word' id='word_1_49' title='bbox 618 1047 741 1104; x_wconf 89' lang='lat' dir='ltr'><strong>habite:</strong></span> <span class='ocrx_word' id='word_1_50' title='bbox 768 1048 844 1116; x_wconf 76' lang='lat' dir='ltr'><strong>Quod</strong></span> <span class='ocrx_word' id='word_1_51' title='bbox 857 1051 950 1120; x_wconf 87' lang='lat' dir='ltr'><strong>Spiri-</strong></span> 
     </span>
     <span class='ocr_line' id='line_1_10' title="bbox 104 1138 950 1210; baseline 0.005 -20"><span class='ocrx_word' id='word_1_52' title='bbox 104 1141 147 1191; x_wconf 88' lang='lat' dir='ltr'><strong>tus</strong></span> <span class='ocrx_word' id='word_1_53' title='bbox 162 1142 272 1191; x_wconf 88' lang='lat' dir='ltr'><strong>sanatus</strong></span> <span class='ocrx_word' id='word_1_54' title='bbox 288 1154 305 1190; x_wconf 91' lang='lat' dir='ltr'><strong>a</strong></span> <span class='ocrx_word' id='word_1_55' title='bbox 319 1139 401 1191; x_wconf 90' lang='lat' dir='ltr'><strong>Patre</strong></span> <span class='ocrx_word' id='word_1_56' title='bbox 413 1138 552 1206; x_wconf 83' lang='lat' dir='ltr'><strong>procedat,</strong></span> <span class='ocrx_word' id='word_1_57' title='bbox 568 1144 594 1193; x_wconf 86' lang='lat' dir='ltr'><strong>et</strong></span> <span class='ocrx_word' id='word_1_58' title='bbox 618 1155 635 1192; x_wconf 94' lang='lat' dir='ltr'><strong>a</strong></span> <span class='ocrx_word' id='word_1_59' title='bbox 654 1140 724 1210; x_wconf 24' lang='lat' dir='ltr'><strong>ratio,</strong></span> <span class='ocrx_word' id='word_1_60' title='bbox 746 1154 800 1193; x_wconf 89' lang='lat' dir='ltr'><strong>non</strong></span> <span class='ocrx_word' id='word_1_61' title='bbox 819 1141 856 1194; x_wconf 87' lang='lat' dir='ltr'><strong>sit</strong></span> <span class='ocrx_word' id='word_1_62' title='bbox 879 1141 950 1194; x_wconf 85' lang='lat' dir='ltr'><strong>alie-</strong></span> 
     </span>
     <span class='ocr_line' id='line_1_11' title="bbox 103 1224 949 1296; baseline 0.001 -17"><span class='ocrx_word' id='word_1_63' title='bbox 103 1240 164 1292; x_wconf 86' lang='lat' dir='ltr'><strong>nas,</strong></span> <span class='ocrx_word' id='word_1_64' title='bbox 185 1224 225 1278; x_wconf 90' lang='lat' dir='ltr'><strong>sic</strong></span> <span class='ocrx_word' id='word_1_65' title='bbox 244 1225 451 1296; x_wconf 87' lang='lat' dir='ltr'><strong>prosequitur:</strong></span> <span class='ocrx_word' id='word_1_66' title='bbox 469 1247 483 1275; x_wconf 78' lang='lat' dir='ltr'><strong>a</strong></span> <span class='ocrx_word' id='word_1_67' title='bbox 508 1226 688 1280; x_wconf 77' lang='lat' dir='ltr'><strong>Meminimus</strong></span> <span class='ocrx_word' id='word_1_68' title='bbox 708 1227 785 1281; x_wconf 90' lang='lat' dir='ltr'><strong>enim</strong></span> <span class='ocrx_word' id='word_1_69' title='bbox 808 1227 949 1281; x_wconf 73' lang='lat' dir='ltr'><strong>dicentem</strong></span> 
     </span>
     <span class='ocr_line' id='line_1_12' title="bbox 105 1313 951 1384; baseline 0 -16"><span class='ocrx_word' id='word_1_70' title='bbox 105 1313 246 1368; x_wconf 81' lang='lat' dir='ltr'><strong>Christum</strong></span> <span class='ocrx_word' id='word_1_71' title='bbox 272 1315 366 1384; x_wconf 87' lang='lat' dir='ltr'><strong>palam</strong></span> <span class='ocrx_word' id='word_1_72' title='bbox 390 1314 424 1368; x_wconf 90' lang='lat' dir='ltr'><strong>ds</strong></span> <span class='ocrx_word' id='word_1_73' title='bbox 451 1313 559 1384; x_wconf 91' lang='lat' dir='ltr'><strong>Spiritu</strong></span> <span class='ocrx_word' id='word_1_74' title='bbox 583 1320 680 1369; x_wconf 89' lang='lat' dir='ltr'><strong>sancto</strong></span> <span class='ocrx_word' id='word_1_75' title='bbox 712 1317 760 1370; x_wconf 77' lang='lat' dir='ltr'><strong>nte</strong></span> <span class='ocrx_word' id='word_1_76' title='bbox 788 1331 826 1370; x_wconf 84' lang='lat' dir='ltr'><strong>me</strong></span> <span class='ocrx_word' id='word_1_77' title='bbox 852 1318 951 1384; x_wconf 76' lang='lat' dir='ltr'><strong>atartfi·</strong></span> 
     </span>
     <span class='ocr_line' id='line_1_13' title="bbox 103 1400 950 1474; baseline 0.005 -20"><span class='ocrx_word' id='word_1_78' title='bbox 103 1400 188 1456; x_wconf 85' lang='lat' dir='ltr'><strong>rabit.</strong></span> <span class='ocrx_word' id='word_1_79' title='bbox 204 1402 339 1456; x_wconf 87' lang='lat' dir='ltr'><strong>Novimus</strong></span> <span class='ocrx_word' id='word_1_80' title='bbox 353 1403 388 1457; x_wconf 89' lang='lat' dir='ltr'><strong>ad</strong></span> <span class='ocrx_word' id='word_1_81' title='bbox 404 1403 464 1457; x_wconf 77' lang='lat' dir='ltr'><strong>hac</strong></span> <span class='ocrx_word' id='word_1_82' title='bbox 487 1402 578 1457; x_wconf 88' lang='lat' dir='ltr'><strong>sancti</strong></span> <span class='ocrx_word' id='word_1_83' title='bbox 602 1403 725 1472; x_wconf 92' lang='lat' dir='ltr'><strong>Spiritus</strong></span> <span class='ocrx_word' id='word_1_84' title='bbox 754 1405 950 1474; x_wconf 79' lang='lat' dir='ltr'><strong>operationem</strong></span> 
     </span>
     <span class='ocr_line' id='line_1_14' title="bbox 104 1491 948 1563; baseline 0.004 -21"><span class='ocrx_word' id='word_1_85' title='bbox 104 1495 300 1544; x_wconf 83' lang='lat' dir='ltr'><strong>conterentem</strong></span> <span class='ocrx_word' id='word_1_86' title='bbox 338 1492 529 1563; x_wconf 86' lang='lat' dir='ltr'><strong>nequissimas</strong></span> <span class='ocrx_word' id='word_1_87' title='bbox 568 1491 788 1563; x_wconf 90' lang='lat' dir='ltr'><strong>immundasque</strong></span> <span class='ocrx_word' id='word_1_88' title='bbox 820 1492 948 1561; x_wconf 85' lang='lat' dir='ltr'><strong>virtutes,</strong></span> 
     </span>
     <span class='ocr_line' id='line_1_15' title="bbox 104 1578 947 1653; baseline 0.004 -21"><span class='ocrx_word' id='word_1_89' title='bbox 104 1578 227 1646; x_wconf 89' lang='lat' dir='ltr'><strong>sednon</strong></span> <span class='ocrx_word' id='word_1_90' title='bbox 241 1578 281 1632; x_wconf 89' lang='lat' dir='ltr'><strong>ita</strong></span> <span class='ocrx_word' id='word_1_91' title='bbox 296 1578 417 1634; x_wconf 91' lang='lat' dir='ltr'><strong>dicimus</strong></span> <span class='ocrx_word' id='word_1_92' title='bbox 431 1596 497 1634; x_wconf 90' lang='lat' dir='ltr'><strong>eam</strong></span> <span class='ocrx_word' id='word_1_93' title='bbox 515 1580 596 1634; x_wconf 91' lang='lat' dir='ltr'><strong>sicuti</strong></span> <span class='ocrx_word' id='word_1_94' title='bbox 613 1580 737 1653; x_wconf 91' lang='lat' dir='ltr'><strong>denique</strong></span> <span class='ocrx_word' id='word_1_95' title='bbox 756 1596 947 1653; x_wconf 89' lang='lat' dir='ltr'><strong>unumquem-</strong></span> 
     </span>
     <span class='ocr_line' id='line_1_16' title="bbox 104 1669 990 1748; baseline 0.008 -30"><span class='ocrx_word' id='word_1_96' title='bbox 104 1681 161 1736; x_wconf 88' lang='lat' dir='ltr'><strong>que</strong></span> <span class='ocrx_word' id='word_1_97' title='bbox 185 1671 357 1734; x_wconf 90' lang='lat' dir='ltr'><strong>sanctorum,</strong></span> <span class='ocrx_word' id='word_1_98' title='bbox 385 1671 523 1740; x_wconf 82' lang='lat' dir='ltr'><strong>tanquam</strong></span> <span class='ocrx_word' id='word_1_99' title='bbox 547 1669 641 1723; x_wconf 90' lang='lat' dir='ltr'><strong>aliena</strong></span> <span class='ocrx_word' id='word_1_100' title='bbox 659 1686 711 1740; x_wconf 89' lang='lat' dir='ltr'><strong>per</strong></span> <span class='ocrx_word' id='word_1_101' title='bbox 724 1670 863 1740; x_wconf 90' lang='lat' dir='ltr'><strong>Spiritum</strong></span> <span class='ocrx_word' id='word_1_102' title='bbox 888 1687 990 1748; x_wconf 73' lang='lat' dir='ltr'><strong>san-g</strong></span> 
     </span>
     <span class='ocr_line' id='line_1_17' title="bbox 104 1755 949 1829; baseline 0.006 -22"><span class='ocrx_word' id='word_1_103' title='bbox 104 1758 182 1808; x_wconf 87' lang='lat' dir='ltr'><strong>ctum</strong></span> <span class='ocrx_word' id='word_1_104' title='bbox 198 1759 326 1809; x_wconf 89' lang='lat' dir='ltr'><strong>utentem</strong></span> <span class='ocrx_word' id='word_1_105' title='bbox 340 1755 454 1811; x_wconf 85' lang='lat' dir='ltr'><strong>virtute.</strong></span> <span class='ocrx_word' id='word_1_106' title='bbox 470 1756 534 1812; x_wconf 87' lang='lat' dir='ltr'><strong>Fuit</strong></span> <span class='ocrx_word' id='word_1_107' title='bbox 545 1758 622 1812; x_wconf 91' lang='lat' dir='ltr'><strong>caim</strong></span> <span class='ocrx_word' id='word_1_108' title='bbox 639 1763 668 1812; x_wconf 89' lang='lat' dir='ltr'><strong>et</strong></span> <span class='ocrx_word' id='word_1_109' title='bbox 682 1763 723 1812; x_wconf 87' lang='lat' dir='ltr'><strong>est</strong></span> <span class='ocrx_word' id='word_1_110' title='bbox 737 1759 798 1829; x_wconf 81' lang='lat' dir='ltr'><strong>ejus</strong></span> <span class='ocrx_word' id='word_1_111' title='bbox 818 1759 949 1829; x_wconf 78' lang='lat' dir='ltr'><strong>Spiritus,</strong></span> 
     </span>
     <span class='ocr_line' id='line_1_18' title="bbox 104 1841 951 1915; baseline 0.009 -20"><span class='ocrx_word' id='word_1_112' title='bbox 104 1841 187 1898; x_wconf 89' lang='lat' dir='ltr'><strong>sicuti</strong></span> <span class='ocrx_word' id='word_1_113' title='bbox 197 1843 322 1915; x_wconf 91' lang='lat' dir='ltr'><strong>deniqne</strong></span> <span class='ocrx_word' id='word_1_114' title='bbox 337 1850 365 1900; x_wconf 89' lang='lat' dir='ltr'><strong>et</strong></span> <span class='ocrx_word' id='word_1_115' title='bbox 380 1845 481 1901; x_wconf 88' lang='lat' dir='ltr'><strong>Petris.</strong></span> <span class='ocrx_word' id='word_1_116' title='bbox 499 1847 531 1901; x_wconf 85' lang='lat' dir='ltr'><strong>Et</strong></span> <span class='ocrx_word' id='word_1_117' title='bbox 546 1847 600 1901; x_wconf 90' lang='lat' dir='ltr'><strong>boc</strong></span> <span class='ocrx_word' id='word_1_118' title='bbox 615 1847 697 1901; x_wconf 88' lang='lat' dir='ltr'><strong>uobis</strong></span> <span class='ocrx_word' id='word_1_119' title='bbox 718 1848 791 1902; x_wconf 90' lang='lat' dir='ltr'><strong>bene</strong></span> <span class='ocrx_word' id='word_1_120' title='bbox 816 1849 883 1902; x_wconf 90' lang='lat' dir='ltr'><strong>satis</strong></span> <span class='ocrx_word' id='word_1_121' title='bbox 904 1864 951 1903; x_wconf 83' lang='lat' dir='ltr'><strong>ex·</strong></span> 
     </span>
     <span class='ocr_line' id='line_1_19' title="bbox 103 1931 952 2003; baseline 0.007 -18"><span class='ocrx_word' id='word_1_122' title='bbox 103 1931 202 2003; x_wconf 88' lang='lat' dir='ltr'><strong>planat</strong></span> <span class='ocrx_word' id='word_1_123' title='bbox 216 1933 340 1987; x_wconf 87' lang='lat' dir='ltr'><strong>scribens</strong></span> <span class='ocrx_word' id='word_1_124' title='bbox 360 1934 566 1989; x_wconf 86' lang='lat' dir='ltr'><strong>sacratissimus</strong></span> <span class='ocrx_word' id='word_1_125' title='bbox 589 1937 694 1990; x_wconf 87' lang='lat' dir='ltr'><strong>Paulus</strong></span> <span class='ocrx_word' id='word_1_126' title='bbox 712 1955 720 1990; x_wconf 80' lang='lat' dir='ltr'><strong>r</strong></span> <span class='ocrx_word' id='word_1_127' title='bbox 745 1938 799 2002; x_wconf 81' lang='lat' dir='ltr'><strong>Qut</strong></span> <span class='ocrx_word' id='word_1_128' title='bbox 816 1943 906 1992; x_wconf 87' lang='lat' dir='ltr'><strong>autern</strong></span> <span class='ocrx_word' id='word_1_129' title='bbox 921 1939 952 1991; x_wconf 83' lang='lat' dir='ltr'><strong>in</strong></span> 
     </span>
     <span class='ocr_line' id='line_1_20' title="bbox 103 2023 952 2093; baseline 0.006 -18"><span class='ocrx_word' id='word_1_130' title='bbox 103 2036 184 2075; x_wconf 86' lang='lat' dir='ltr'><strong>carne</strong></span> <span class='ocrx_word' id='word_1_131' title='bbox 202 2027 275 2089; x_wconf 85' lang='lat' dir='ltr'><strong>sunt,</strong></span> <span class='ocrx_word' id='word_1_132' title='bbox 291 2023 397 2091; x_wconf 82' lang='lat' dir='ltr'><strong>plaeere</strong></span> <span class='ocrx_word' id='word_1_133' title='bbox 412 2026 463 2078; x_wconf 83' lang='lat' dir='ltr'><strong>Deo</strong></span> <span class='ocrx_word' id='word_1_134' title='bbox 477 2039 530 2078; x_wconf 92' lang='lat' dir='ltr'><strong>non</strong></span> <span class='ocrx_word' id='word_1_135' title='bbox 551 2029 685 2093; x_wconf 85' lang='lat' dir='ltr'><strong>pessunt:</strong></span> <span class='ocrx_word' id='word_1_136' title='bbox 713 2027 766 2082; x_wconf 85' lang='lat' dir='ltr'><strong>Vos</strong></span> <span class='ocrx_word' id='word_1_137' title='bbox 785 2031 874 2080; x_wconf 87' lang='lat' dir='ltr'><strong>eutem</strong></span> <span class='ocrx_word' id='word_1_138' title='bbox 900 2042 952 2080; x_wconf 88' lang='lat' dir='ltr'><strong>uon</strong></span> 
     </span>
     <span class='ocr_line' id='line_1_21' title="bbox 104 2111 953 2185; baseline 0.008 -21"><span class='ocrx_word' id='word_1_139' title='bbox 104 2111 168 2164; x_wconf 85' lang='lat' dir='ltr'><strong>estis</strong></span> <span class='ocrx_word' id='word_1_140' title='bbox 187 2112 216 2166; x_wconf 88' lang='lat' dir='ltr'><strong>in</strong></span> <span class='ocrx_word' id='word_1_141' title='bbox 240 2126 329 2172; x_wconf 85' lang='lat' dir='ltr'><strong>carne,</strong></span> <span class='ocrx_word' id='word_1_142' title='bbox 353 2113 441 2167; x_wconf 84' lang='lat' dir='ltr'><strong>sedin</strong></span> <span class='ocrx_word' id='word_1_143' title='bbox 459 2115 572 2183; x_wconf 83' lang='lat' dir='ltr'><strong>spirita.</strong></span> <span class='ocrx_word' id='word_1_144' title='bbox 594 2116 619 2169; x_wconf 86' lang='lat' dir='ltr'><strong>si</strong></span> <span class='ocrx_word' id='word_1_145' title='bbox 644 2118 737 2171; x_wconf 85' lang='lat' dir='ltr'><strong>tamen</strong></span> <span class='ocrx_word' id='word_1_146' title='bbox 757 2115 877 2185; x_wconf 81' lang='lat' dir='ltr'><strong>Spiritus</strong></span> <span class='ocrx_word' id='word_1_147' title='bbox 902 2115 953 2170; x_wconf 76' lang='lat' dir='ltr'><strong>nei</strong></span> 
     </span>
     <span class='ocr_line' id='line_1_22' title="bbox 105 2198 952 2272; baseline 0.009 -20"><span class='ocrx_word' id='word_1_148' title='bbox 105 2198 212 2254; x_wconf 77' lang='lat' dir='ltr'><strong>habitat</strong></span> <span class='ocrx_word' id='word_1_149' title='bbox 231 2202 259 2254; x_wconf 85' lang='lat' dir='ltr'><strong>in</strong></span> <span class='ocrx_word' id='word_1_150' title='bbox 274 2201 358 2256; x_wconf 86' lang='lat' dir='ltr'><strong>nobis.</strong></span> <span class='ocrx_word' id='word_1_151' title='bbox 383 2202 489 2272; x_wconf 86' lang='lat' dir='ltr'><strong>Siquis</strong></span> <span class='ocrx_word' id='word_1_152' title='bbox 515 2207 603 2256; x_wconf 80' lang='lat' dir='ltr'><strong>autem</strong></span> <span class='ocrx_word' id='word_1_153' title='bbox 622 2203 757 2272; x_wconf 82' lang='lat' dir='ltr'><strong>Spiritum</strong></span> <span class='ocrx_word' id='word_1_154' title='bbox 775 2205 879 2260; x_wconf 81' lang='lat' dir='ltr'><strong>Christi</strong></span> <span class='ocrx_word' id='word_1_155' title='bbox 899 2221 952 2260; x_wconf 86' lang='grc' dir='ltr'>ιιοιι</span> 
     </span>
     <span class='ocr_line' id='line_1_23' title="bbox 105 2288 951 2362; baseline 0.007 -22"><span class='ocrx_word' id='word_1_156' title='bbox 105 2288 194 2354; x_wconf 80' lang='lat' dir='ltr'><strong>babet,</strong></span> <span class='ocrx_word' id='word_1_157' title='bbox 211 2289 320 2345; x_wconf 78' lang='lat' dir='ltr'><strong>hicnon</strong></span> <span class='ocrx_word' id='word_1_158' title='bbox 333 2295 373 2344; x_wconf 87' lang='lat' dir='ltr'><strong>est</strong></span> <span class='ocrx_word' id='word_1_159' title='bbox 394 2306 452 2360; x_wconf 72' lang='lat' dir='ltr'><strong>epus</strong></span> <span class='ocrx_word' id='word_1_160' title='bbox 472 2289 557 2362; x_wconf 82' lang='lat' dir='ltr'><strong>(Ram.</strong></span> <span class='ocrx_word' id='word_1_161' title='bbox 577 2307 636 2360; x_wconf 83' lang='lat' dir='ltr'><strong>t’lll,</strong></span> <span class='ocrx_word' id='word_1_162' title='bbox 657 2293 695 2359; x_wconf 90' lang='lat'><strong>8).</strong></span> <span class='ocrx_word' id='word_1_163' title='bbox 722 2292 853 2346; x_wconf 87' lang='lat' dir='ltr'><strong>Procedit</strong></span> <span class='ocrx_word' id='word_1_164' title='bbox 874 2293 951 2347; x_wconf 89' lang='lat' dir='ltr'><strong>onim</strong></span> 
     </span>
     <span class='ocr_line' id='line_1_24' title="bbox 105 2377 951 2450; baseline 0.007 -20"><span class='ocrx_word' id='word_1_165' title='bbox 105 2392 139 2431; x_wconf 88' lang='lat' dir='ltr'><strong>ex</strong></span> <span class='ocrx_word' id='word_1_166' title='bbox 167 2377 224 2430; x_wconf 84' lang='lat' dir='ltr'><strong>Deo</strong></span> <span class='ocrx_word' id='word_1_167' title='bbox 240 2378 361 2432; x_wconf 90' lang='lat' dir='ltr'><strong>etPatrs</strong></span> <span class='ocrx_word' id='word_1_168' title='bbox 378 2379 500 2450; x_wconf 89' lang='lat' dir='ltr'><strong>Spiritus</strong></span> <span class='ocrx_word' id='word_1_169' title='bbox 523 2385 646 2449; x_wconf 88' lang='lat' dir='ltr'><strong>sanctus,</strong></span> <span class='ocrx_word' id='word_1_170' title='bbox 670 2382 826 2435; x_wconf 90' lang='lat' dir='ltr'><strong>secundum</strong></span> <span class='ocrx_word' id='word_1_171' title='bbox 855 2381 951 2437; x_wconf 84' lang='lat' dir='ltr'><strong>Salva-</strong></span> 
     </span>
     <span class='ocr_line' id='line_1_25' title="bbox 105 2464 951 2533; baseline 0.006 -14"><span class='ocrx_word' id='word_1_172' title='bbox 105 2464 176 2519; x_wconf 89' lang='lat' dir='ltr'><strong>toris</strong></span> <span class='ocrx_word' id='word_1_173' title='bbox 191 2481 300 2533; x_wconf 88' lang='lat' dir='ltr'><strong>vocem,</strong></span> <span class='ocrx_word' id='word_1_174' title='bbox 312 2467 361 2522; x_wconf 90' lang='lat' dir='ltr'><strong>sed</strong></span> <span class='ocrx_word' id='word_1_175' title='bbox 376 2483 434 2521; x_wconf 92' lang='lat' dir='ltr'><strong>non</strong></span> <span class='ocrx_word' id='word_1_176' title='bbox 451 2474 494 2523; x_wconf 91' lang='lat' dir='ltr'><strong>est</strong></span> <span class='ocrx_word' id='word_1_177' title='bbox 507 2469 616 2523; x_wconf 85' lang='lat' dir='ltr'><strong>alienus</strong></span> <span class='ocrx_word' id='word_1_178' title='bbox 631 2485 647 2523; x_wconf 89' lang='lat' dir='ltr'><strong>a</strong></span> <span class='ocrx_word' id='word_1_179' title='bbox 662 2469 743 2524; x_wconf 78' lang='lat' dir='ltr'><strong>miro.</strong></span> <span class='ocrx_word' id='word_1_180' title='bbox 761 2470 863 2525; x_wconf 88' lang='lat' dir='ltr'><strong>Omnis</strong></span> <span class='ocrx_word' id='word_1_181' title='bbox 875 2471 951 2525; x_wconf 87' lang='lat' dir='ltr'><strong>enirn</strong></span> 
     </span>
     <span class='ocr_line' id='line_1_26' title="bbox 106 2553 952 2631; baseline 0.008 -25"><span class='ocrx_word' id='word_1_182' title='bbox 106 2553 193 2607; x_wconf 87' lang='lat' dir='ltr'><strong>habet</strong></span> <span class='ocrx_word' id='word_1_183' title='bbox 206 2569 272 2608; x_wconf 89' lang='lat' dir='ltr'><strong>cum</strong></span> <span class='ocrx_word' id='word_1_184' title='bbox 287 2555 379 2624; x_wconf 86' lang='lat' dir='ltr'><strong>Patre,</strong></span> <span class='ocrx_word' id='word_1_185' title='bbox 396 2561 424 2610; x_wconf 90' lang='lat' dir='ltr'><strong>et</strong></span> <span class='ocrx_word' id='word_1_186' title='bbox 439 2555 492 2611; x_wconf 87' lang='lat' dir='ltr'><strong>hoe</strong></span> <span class='ocrx_word' id='word_1_187' title='bbox 515 2557 576 2628; x_wconf 90' lang='lat' dir='ltr'><strong>ipse</strong></span> <span class='ocrx_word' id='word_1_188' title='bbox 598 2558 695 2612; x_wconf 89' lang='lat' dir='ltr'><strong>docuit</strong></span> <span class='ocrx_word' id='word_1_189' title='bbox 715 2559 812 2613; x_wconf 89' lang='lat' dir='ltr'><strong>dicens</strong></span> <span class='ocrx_word' id='word_1_190' title='bbox 835 2559 871 2613; x_wconf 88' lang='lat' dir='ltr'><strong>de</strong></span> <span class='ocrx_word' id='word_1_191' title='bbox 888 2559 952 2631; x_wconf 93' lang='lat' dir='ltr'><strong>Spi-</strong></span> 
     </span>
     <span class='ocr_line' id='line_1_27' title="bbox 107 2640 954 2715; baseline 0.009 -21"><span class='ocrx_word' id='word_1_192' title='bbox 107 2640 166 2694; x_wconf 89' lang='lat' dir='ltr'><strong>ritu</strong></span> <span class='ocrx_word' id='word_1_193' title='bbox 192 2646 311 2697; x_wconf 89' lang='lat' dir='ltr'><strong>sancto:</strong></span> <span class='ocrx_word' id='word_1_194' title='bbox 337 2645 436 2701; x_wconf 87' lang='lat' dir='ltr'><strong>Omnia</strong></span> <span class='ocrx_word' id='word_1_195' title='bbox 474 2661 638 2715; x_wconf 77' lang='lat' dir='ltr'><strong>quecunque</strong></span> <span class='ocrx_word' id='word_1_196' title='bbox 666 2646 746 2702; x_wconf 83' lang='lat' dir='ltr'><strong>babet</strong></span> <span class='ocrx_word' id='word_1_197' title='bbox 775 2650 867 2713; x_wconf 84' lang='lat' dir='ltr'><strong>Pater,</strong></span> <span class='ocrx_word' id='word_1_198' title='bbox 894 2663 954 2702; x_wconf 88' lang='lat' dir='ltr'><strong>mea</strong></span> 
     </span>
     <span class='ocr_line' id='line_1_28' title="bbox 107 2730 953 2805; baseline 0.007 -21"><span class='ocrx_word' id='word_1_199' title='bbox 107 2733 181 2784; x_wconf 76' lang='lat' dir='ltr'><strong>susat.</strong></span> <span class='ocrx_word' id='word_1_200' title='bbox 211 2730 346 2800; x_wconf 86' lang='lat' dir='ltr'><strong>Proptero</strong></span> <span class='ocrx_word' id='word_1_201' title='bbox 368 2732 432 2787; x_wconf 77' lang='lat' dir='ltr'><strong>diei</strong></span> <span class='ocrx_word' id='word_1_202' title='bbox 451 2733 527 2788; x_wconf 85' lang='lat' dir='ltr'><strong>vebis</strong></span> <span class='ocrx_word' id='word_1_203' title='bbox 555 2736 621 2802; x_wconf 85' lang='lat' dir='ltr'><strong>quia</strong></span> <span class='ocrx_word' id='word_1_204' title='bbox 643 2751 677 2788; x_wconf 85' lang='lat' dir='ltr'><strong>ear</strong></span> <span class='ocrx_word' id='word_1_205' title='bbox 693 2750 751 2790; x_wconf 86' lang='lat' dir='ltr'><strong>meo</strong></span> <span class='ocrx_word' id='word_1_206' title='bbox 778 2737 900 2805; x_wconf 76' lang='lat' dir='ltr'><strong>accipiet,</strong></span> <span class='ocrx_word' id='word_1_207' title='bbox 928 2742 953 2790; x_wconf 88' lang='lat' dir='ltr'><strong>et</strong></span> 
     </span>
     <span class='ocr_line' id='line_1_29' title="bbox 106 2818 954 2895; baseline 0.011 -25"><span class='ocrx_word' id='word_1_208' title='bbox 106 2818 283 2873; x_wconf 80' lang='lat' dir='ltr'><strong>annuntiabit</strong></span> <span class='ocrx_word' id='word_1_209' title='bbox 306 2819 381 2875; x_wconf 81' lang='lat' dir='ltr'><strong>rotis</strong></span> <span class='ocrx_word' id='word_1_210' title='bbox 411 2820 499 2891; x_wconf 78' lang='lat' dir='ltr'><strong>(teari.</strong></span> <span class='ocrx_word' id='word_1_211' title='bbox 522 2838 577 2890; x_wconf 80' lang='grc' dir='ltr'>ιιι,</span> <span class='ocrx_word' id='word_1_212' title='bbox 597 2822 651 2894; x_wconf 77' lang='grc' dir='ltr'><strong>ιὸ).</strong></span> <span class='ocrx_word' id='word_1_213' title='bbox 683 2824 755 2893; x_wconf 86' lang='lat' dir='ltr'><strong>Ergo</strong></span> <span class='ocrx_word' id='word_1_214' title='bbox 784 2824 954 2895; x_wconf 84' lang='lat' dir='ltr'><strong>glorificavit</strong></span> 
     </span>
     <span class='ocr_line' id='line_1_30' title="bbox 109 2905 953 2984; baseline 0.012 -27"><span class='ocrx_word' id='word_1_215' title='bbox 109 2905 225 2975; x_wconf 89' lang='lat' dir='ltr'><strong>quidem</strong></span> <span class='ocrx_word' id='word_1_216' title='bbox 239 2906 335 2962; x_wconf 83' lang='lat' dir='ltr'><strong>tasum</strong></span> <span class='ocrx_word' id='word_1_217' title='bbox 351 2908 475 2979; x_wconf 88' lang='lat' dir='ltr'><strong>Spiritus</strong></span> <span class='ocrx_word' id='word_1_218' title='bbox 492 2917 607 2964; x_wconf 89' lang='lat' dir='ltr'><strong>sanctus</strong></span> <span class='ocrx_word' id='word_1_219' title='bbox 620 2911 810 2982; x_wconf 79' lang='lat' dir='ltr'><strong>inopinabilia</strong></span> <span class='ocrx_word' id='word_1_220' title='bbox 831 2929 953 2984; x_wconf 87' lang='lat' dir='ltr'><strong>oparan-</strong></span> 
     </span>
     <span class='ocr_line' id='line_1_31' title="bbox 106 2990 994 3071; baseline 0.011 -24"><span class='ocrx_word' id='word_1_221' title='bbox 106 2998 165 3048; x_wconf 88' lang='lat' dir='ltr'><strong>tem</strong></span> <span class='ocrx_word' id='word_1_222' title='bbox 182 3010 189 3048; x_wconf 90' lang='lat'>:</span> <span class='ocrx_word' id='word_1_223' title='bbox 205 3002 402 3052; x_wconf 80' lang='lat' dir='ltr'><strong>verumtamen</strong></span> <span class='ocrx_word' id='word_1_224' title='bbox 432 2998 504 3053; x_wconf 87' lang='lat' dir='ltr'><strong>sieut</strong></span> <span class='ocrx_word' id='word_1_225' title='bbox 519 2999 641 3070; x_wconf 84' lang='lat' dir='ltr'><strong>Spiritus</strong></span> <span class='ocrx_word' id='word_1_226' title='bbox 656 3001 727 3071; x_wconf 90' lang='lat' dir='ltr'><strong>ejus,</strong></span> <span class='ocrx_word' id='word_1_227' title='bbox 742 3006 771 3055; x_wconf 87' lang='lat' dir='ltr'><strong>ct</strong></span> <span class='ocrx_word' id='word_1_228' title='bbox 784 3018 841 3056; x_wconf 91' lang='lat' dir='ltr'><strong>non</strong></span> <span class='ocrx_word' id='word_1_229' title='bbox 861 3003 953 3057; x_wconf 87' lang='lat' dir='ltr'><strong>aliena</strong></span> <span class='ocrx_word' id='word_1_230' title='bbox 974 2990 994 3046; x_wconf 81' lang='lat' dir='ltr'>C</span> 
     </span>
    </p>
   </div>
   <div class='ocr_carea' id='block_1_4' title="bbox 106 3081 954 3227">
    <p class='ocr_par' dir='ltr' id='par_1_5' title="bbox 106 3081 954 3227">
     <span class='ocr_line' id='line_1_32' title="bbox 106 3081 954 3162; baseline 0.013 -27"><span class='ocrx_word' id='word_1_231' title='bbox 106 3081 207 3150; x_wconf 80' lang='lat' dir='ltr'><strong>virtus,</strong></span> <span class='ocrx_word' id='word_1_232' title='bbox 235 3090 265 3139; x_wconf 92' lang='lat' dir='ltr'><strong>et</strong></span> <span class='ocrx_word' id='word_1_233' title='bbox 285 3101 318 3139; x_wconf 89' lang='lat' dir='ltr'><strong>eo</strong></span> <span class='ocrx_word' id='word_1_234' title='bbox 339 3087 471 3159; x_wconf 87' lang='lat' dir='ltr'><strong>superior</strong></span> <span class='ocrx_word' id='word_1_235' title='bbox 491 3089 651 3143; x_wconf 90' lang='lat' dir='ltr'><strong>secundum</strong></span> <span class='ocrx_word' id='word_1_236' title='bbox 681 3090 758 3160; x_wconf 91' lang='lat' dir='ltr'><strong>quod</strong></span> <span class='ocrx_word' id='word_1_237' title='bbox 782 3090 954 3162; x_wconf 79' lang='lat' dir='ltr'><strong>intelligitur</strong></span> 
     </span>
     <span class='ocr_line' id='line_1_33' title="bbox 108 3172 224 3227; baseline -0.043 -1"><span class='ocrx_word' id='word_1_238' title='bbox 108 3172 192 3227; x_wconf 85' lang='lat' dir='ltr'><strong>Deus.</strong></span> <span class='ocrx_word' id='word_1_239' title='bbox 210 3196 224 3221; x_wconf 71' lang='lat' dir='ltr'><strong>n</strong></span> 
     </span>
    </p>
   </div>
   <div class='ocr_carea' id='block_1_5' title="bbox 445 3266 618 3323">
    <p class='ocr_par' dir='ltr' id='par_1_6' title="bbox 445 3266 618 3323">
     <span class='ocr_line' id='line_1_34' title="bbox 445 3266 618 3323; baseline 0.006 -3"><span class='ocrx_word' id='word_1_240' title='bbox 445 3266 509 3320; x_wconf 79' lang='lat' dir='ltr'><strong>Car.</strong></span> <span class='ocrx_word' id='word_1_241' title='bbox 529 3267 618 3323; x_wconf 69' lang='lat' dir='ltr'><strong>mlvi.</strong></span> 
     </span>
    </p>
   </div>
   <div class='ocr_carea' id='block_1_6' title="bbox 108 3388 956 3992">
    <p class='ocr_par' dir='ltr' id='par_1_7' title="bbox 108 3388 956 3992">
     <span class='ocr_line' id='line_1_35' title="bbox 144 3388 954 3464; baseline 0.004 -20"><span class='ocrx_word' id='word_1_242' title='bbox 144 3388 283 3456; x_wconf 85' lang='lat' dir='ltr'><strong>Hilarius,</strong></span> <span class='ocrx_word' id='word_1_243' title='bbox 301 3389 471 3444; x_wconf 75' lang='lat' dir='ltr'><strong>pictavensis</strong></span> <span class='ocrx_word' id='word_1_244' title='bbox 487 3390 648 3460; x_wconf 89' lang='lat' dir='ltr'><strong>episcopus,</strong></span> <span class='ocrx_word' id='word_1_245' title='bbox 667 3393 702 3446; x_wconf 91' lang='lat' dir='ltr'><strong>de</strong></span> <span class='ocrx_word' id='word_1_246' title='bbox 718 3392 850 3446; x_wconf 87' lang='lat' dir='ltr'><strong>ldissioue</strong></span> <span class='ocrx_word' id='word_1_247' title='bbox 865 3394 954 3464; x_wconf 90' lang='lat' dir='ltr'><strong>Spiri-</strong></span> 
     </span>
     <span class='ocr_line' id='line_1_36' title="bbox 109 3477 956 3551; baseline 0.006 -20"><span class='ocrx_word' id='word_1_248' title='bbox 109 3480 155 3531; x_wconf 89' lang='lat' dir='ltr'><strong>tus</strong></span> <span class='ocrx_word' id='word_1_249' title='bbox 170 3477 288 3531; x_wconf 90' lang='lat' dir='ltr'><strong>sanctia</strong></span> <span class='ocrx_word' id='word_1_250' title='bbox 306 3477 387 3543; x_wconf 87' lang='lat' dir='ltr'><strong>Filio,</strong></span> <span class='ocrx_word' id='word_1_251' title='bbox 405 3478 434 3531; x_wconf 93' lang='lat' dir='ltr'><strong>in</strong></span> <span class='ocrx_word' id='word_1_252' title='bbox 455 3478 528 3532; x_wconf 92' lang='lat' dir='ltr'><strong>libro</strong></span> <span class='ocrx_word' id='word_1_253' title='bbox 549 3494 635 3549; x_wconf 88' lang='lat' dir='ltr'><strong>quern</strong></span> <span class='ocrx_word' id='word_1_254' title='bbox 652 3479 764 3551; x_wconf 88' lang='lat' dir='ltr'><strong>scripsit</strong></span> <span class='ocrx_word' id='word_1_255' title='bbox 786 3481 817 3533; x_wconf 91' lang='lat' dir='ltr'><strong>in</strong></span> <span class='ocrx_word' id='word_1_256' title='bbox 841 3481 956 3536; x_wconf 85' lang='lat' dir='ltr'><strong>Germa·</strong></span> 
     </span>
     <span class='ocr_line' id='line_1_37' title="bbox 109 3564 954 3640; baseline 0.007 -22"><span class='ocrx_word' id='word_1_257' title='bbox 109 3565 199 3630; x_wconf 87' lang='lat' dir='ltr'><strong>niam,</strong></span> <span class='ocrx_word' id='word_1_258' title='bbox 215 3564 346 3632; x_wconf 87' lang='lat' dir='ltr'><strong>Galliam,</strong></span> <span class='ocrx_word' id='word_1_259' title='bbox 364 3567 515 3637; x_wconf 79' lang='lat' dir='ltr'><strong>Belgicam,</strong></span> <span class='ocrx_word' id='word_1_260' title='bbox 538 3568 767 3637; x_wconf 81' lang='lat' dir='ltr'><strong>Lugdunensem,</strong></span> <span class='ocrx_word' id='word_1_261' title='bbox 793 3569 954 3640; x_wconf 88' lang='lat' dir='ltr'><strong>Novempo-</strong></span> 
     </span>
     <span class='ocr_line' id='line_1_38' title="bbox 108 3653 955 3724; baseline 0.006 -18"><span class='ocrx_word' id='word_1_262' title='bbox 108 3653 256 3724; x_wconf 86' lang='lat' dir='ltr'><strong>pulsuam,</strong></span> <span class='ocrx_word' id='word_1_263' title='bbox 272 3655 405 3708; x_wconf 82' lang='lat' dir='ltr'><strong>Tolosam</strong></span> <span class='ocrx_word' id='word_1_264' title='bbox 422 3659 450 3708; x_wconf 90' lang='lat' dir='ltr'><strong>et</strong></span> <span class='ocrx_word' id='word_1_265' title='bbox 465 3656 653 3724; x_wconf 87' lang='lat' dir='ltr'><strong>Britanniam,</strong></span> <span class='ocrx_word' id='word_1_266' title='bbox 678 3657 718 3711; x_wconf 89' lang='lat' dir='ltr'><strong>sic</strong></span> <span class='ocrx_word' id='word_1_267' title='bbox 737 3657 806 3712; x_wconf 92' lang='lat' dir='ltr'><strong>dicit</strong></span> <span class='ocrx_word' id='word_1_268' title='bbox 821 3675 828 3712; x_wconf 76' lang='grc' dir='ltr'><strong>ι</strong></span> <span class='ocrx_word' id='word_1_269' title='bbox 845 3679 859 3707; x_wconf 90' lang='lat'>«</span> <span class='ocrx_word' id='word_1_270' title='bbox 886 3659 955 3713; x_wconf 90' lang='lat' dir='ltr'><strong>Cre-</strong></span> 
     </span>
     <span class='ocr_line' id='line_1_39' title="bbox 108 3741 955 3816; baseline 0.005 -20"><span class='ocrx_word' id='word_1_271' title='bbox 108 3741 204 3796; x_wconf 91' lang='lat' dir='ltr'><strong>dimus</strong></span> <span class='ocrx_word' id='word_1_272' title='bbox 218 3748 246 3796; x_wconf 89' lang='lat' dir='ltr'><strong>et</strong></span> <span class='ocrx_word' id='word_1_273' title='bbox 259 3741 288 3796; x_wconf 95' lang='lat' dir='ltr'><strong>in</strong></span> <span class='ocrx_word' id='word_1_274' title='bbox 300 3742 439 3814; x_wconf 86' lang='lat' dir='ltr'><strong>Spiritum</strong></span> <span class='ocrx_word' id='word_1_275' title='bbox 460 3748 601 3806; x_wconf 82' lang='lat' dir='ltr'><strong>sanctum.</strong></span> <span class='ocrx_word' id='word_1_276' title='bbox 627 3745 682 3799; x_wconf 87' lang='lat' dir='ltr'><strong>boe</strong></span> <span class='ocrx_word' id='word_1_277' title='bbox 707 3751 750 3800; x_wconf 92' lang='lat' dir='ltr'><strong>est</strong></span> <span class='ocrx_word' id='word_1_278' title='bbox 768 3747 955 3816; x_wconf 89' lang='lat' dir='ltr'><strong>paracletum,</strong></span> 
     </span>
     <span class='ocr_line' id='line_1_40' title="bbox 109 3831 955 3904; baseline 0.007 -21"><span class='ocrx_word' id='word_1_279' title='bbox 109 3845 194 3900; x_wconf 88' lang='lat' dir='ltr'><strong>quem</strong></span> <span class='ocrx_word' id='word_1_280' title='bbox 210 3831 381 3901; x_wconf 88' lang='lat' dir='ltr'><strong>promittens</strong></span> <span class='ocrx_word' id='word_1_281' title='bbox 401 3833 621 3903; x_wconf 69' lang='lat' dir='ltr'><strong>apostolisatis,</strong></span> <span class='ocrx_word' id='word_1_282' title='bbox 639 3839 704 3904; x_wconf 89' lang='lat' dir='ltr'><strong>post</strong></span> <span class='ocrx_word' id='word_1_283' title='bbox 726 3835 850 3889; x_wconf 89' lang='lat' dir='ltr'><strong>reditum</strong></span> <span class='ocrx_word' id='word_1_284' title='bbox 871 3851 955 3889; x_wconf 88' lang='lat' dir='ltr'><strong>suurn</strong></span> 
     </span>
     <span class='ocr_line' id='line_1_41' title="bbox 109 3918 954 3992; baseline 0.006 -20"><span class='ocrx_word' id='word_1_285' title='bbox 109 3918 138 3972; x_wconf 93' lang='lat' dir='ltr'><strong>in</strong></span> <span class='ocrx_word' id='word_1_286' title='bbox 163 3919 260 3988; x_wconf 87' lang='lat' dir='ltr'><strong>caelos,</strong></span> <span class='ocrx_word' id='word_1_287' title='bbox 289 3920 368 3974; x_wconf 89' lang='lat' dir='ltr'><strong>misit</strong></span> <span class='ocrx_word' id='word_1_288' title='bbox 395 3922 496 3976; x_wconf 88' lang='lat' dir='ltr'><strong>docere</strong></span> <span class='ocrx_word' id='word_1_289' title='bbox 521 3937 571 3976; x_wconf 91' lang='lat' dir='ltr'><strong>eos</strong></span> <span class='ocrx_word' id='word_1_290' title='bbox 598 3938 629 3977; x_wconf 90' lang='lat' dir='ltr'><strong>ac</strong></span> <span class='ocrx_word' id='word_1_291' title='bbox 662 3924 818 3977; x_wconf 90' lang='lat' dir='ltr'><strong>memorari</strong></span> <span class='ocrx_word' id='word_1_292' title='bbox 846 3924 954 3992; x_wconf 89' lang='lat' dir='ltr'><strong>omnia,</strong></span> 
     </span>
    </p>
   </div>
   <div class='ocr_carea' id='block_1_7' title="bbox 109 4009 955 4153">
    <p class='ocr_par' dir='ltr' id='par_1_8' title="bbox 109 4009 955 4153">
     <span class='ocr_line' id='line_1_42' title="bbox 109 4009 955 4078; baseline 0.006 -17"><span class='ocrx_word' id='word_1_293' title='bbox 109 4023 261 4078; x_wconf 89' lang='lat' dir='ltr'><strong>perquem</strong></span> <span class='ocrx_word' id='word_1_294' title='bbox 290 4009 503 4064; x_wconf 86' lang='lat' dir='ltr'><strong>sanctificantur</strong></span> <span class='ocrx_word' id='word_1_295' title='bbox 522 4011 671 4065; x_wconf 83' lang='lat' dir='ltr'><strong>sinceriter</strong></span> <span class='ocrx_word' id='word_1_296' title='bbox 695 4012 723 4065; x_wconf 91' lang='lat' dir='ltr'><strong>in</strong></span> <span class='ocrx_word' id='word_1_297' title='bbox 751 4027 817 4066; x_wconf 89' lang='lat' dir='ltr'><strong>eum</strong></span> <span class='ocrx_word' id='word_1_298' title='bbox 838 4012 955 4066; x_wconf 80' lang='lat' dir='ltr'><strong>creden·</strong></span> 
     </span>
     <span class='ocr_line' id='line_1_43' title="bbox 109 4097 345 4153; baseline 0 -4"><span class='ocrx_word' id='word_1_299' title='bbox 109 4097 181 4150; x_wconf 90' lang='lat' dir='ltr'><strong>tium</strong></span> <span class='ocrx_word' id='word_1_300' title='bbox 198 4098 312 4153; x_wconf 76' lang='lat' dir='ltr'><strong>anime.</strong></span> <span class='ocrx_word' id='word_1_301' title='bbox 331 4119 345 4149; x_wconf 81' lang='lat' dir='ltr'><strong>o</strong></span> 
     </span>
    </p>
   </div>
   <div class='ocr_carea' id='block_1_8' title="bbox 109 4207 996 5347">
    <p class='ocr_par' dir='ltr' id='par_1_9' title="bbox 109 4207 996 5347">
     <span class='ocr_line' id='line_1_44' title="bbox 441 4207 626 4262; baseline 0 -1"><span class='ocrx_word' id='word_1_302' title='bbox 441 4207 506 4261; x_wconf 81' lang='lat' dir='ltr'><strong>Car.</strong></span> <span class='ocrx_word' id='word_1_303' title='bbox 526 4207 626 4262; x_wconf 79' lang='lat' dir='ltr'><strong>xxvii.</strong></span> 
     </span>
     <span class='ocr_line' id='line_1_45' title="bbox 146 4288 996 4367; baseline 0.007 -20"><span class='ocrx_word' id='word_1_304' title='bbox 146 4294 216 4347; x_wconf 81' lang='lat' dir='ltr'><strong>llam</strong></span> <span class='ocrx_word' id='word_1_305' title='bbox 231 4293 306 4347; x_wconf 87' lang='lat' dir='ltr'><strong>idem</strong></span> <span class='ocrx_word' id='word_1_306' title='bbox 320 4294 351 4347; x_wconf 90' lang='lat' dir='ltr'><strong>iu</strong></span> <span class='ocrx_word' id='word_1_307' title='bbox 370 4294 472 4349; x_wconf 88' lang='lat' dir='ltr'><strong>eodem</strong></span> <span class='ocrx_word' id='word_1_308' title='bbox 484 4295 566 4349; x_wconf 91' lang='lat' dir='ltr'><strong>libro.</strong></span> <span class='ocrx_word' id='word_1_309' title='bbox 584 4314 598 4347; x_wconf 81' lang='lat' dir='ltr'><strong>a</strong></span> <span class='ocrx_word' id='word_1_310' title='bbox 615 4295 644 4351; x_wconf 92' lang='lat' dir='ltr'><strong>Si</strong></span> <span class='ocrx_word' id='word_1_311' title='bbox 659 4296 723 4367; x_wconf 91' lang='lat' dir='ltr'><strong>quis</strong></span> <span class='ocrx_word' id='word_1_312' title='bbox 737 4297 875 4367; x_wconf 88' lang='lat' dir='ltr'><strong>Spiritum</strong></span> <span class='ocrx_word' id='word_1_313' title='bbox 894 4314 955 4352; x_wconf 89' lang='lat' dir='ltr'><strong>san·</strong></span> <span class='ocrx_word' id='word_1_314' title='bbox 975 4288 996 4341; x_wconf 80' lang='grc' dir='ltr'><strong>Ῑ)</strong></span> 
     </span>
     <span class='ocr_line' id='line_1_46' title="bbox 110 4382 953 4454; baseline 0.008 -20"><span class='ocrx_word' id='word_1_315' title='bbox 110 4385 186 4434; x_wconf 90' lang='lat' dir='ltr'><strong>ctum</strong></span> <span class='ocrx_word' id='word_1_316' title='bbox 213 4382 388 4452; x_wconf 88' lang='lat' dir='ltr'><strong>paracletum</strong></span> <span class='ocrx_word' id='word_1_317' title='bbox 412 4383 517 4451; x_wconf 90' lang='lat' dir='ltr'><strong>diceus,</strong></span> <span class='ocrx_word' id='word_1_318' title='bbox 543 4384 741 4439; x_wconf 83' lang='lat' dir='ltr'><strong>innascibilem</strong></span> <span class='ocrx_word' id='word_1_319' title='bbox 767 4387 953 4454; x_wconf 84' lang='lat' dir='ltr'><strong>Derrmdicat,</strong></span> 
     </span>
     <span class='ocr_line' id='line_1_47' title="bbox 109 4471 955 4544; baseline 0.009 -22"><span class='ocrx_word' id='word_1_320' title='bbox 109 4471 260 4525; x_wconf 88' lang='lat' dir='ltr'><strong>anathema</strong></span> <span class='ocrx_word' id='word_1_321' title='bbox 277 4471 322 4526; x_wconf 85' lang='lat' dir='ltr'><strong>sit.</strong></span> <span class='ocrx_word' id='word_1_322' title='bbox 340 4476 361 4540; x_wconf 78' lang='lat' dir='ltr'><strong>t·</strong></span> <span class='ocrx_word' id='word_1_323' title='bbox 376 4471 503 4542; x_wconf 68' lang='lat' dir='ltr'><strong>adjectio</strong></span> <span class='ocrx_word' id='word_1_324' title='bbox 519 4488 596 4527; x_wconf 89' lang='lat' dir='ltr'><strong>nanc</strong></span> <span class='ocrx_word' id='word_1_325' title='bbox 609 4475 757 4544; x_wconf 85' lang='lat' dir='ltr'><strong>Paracleri,</strong></span> <span class='ocrx_word' id='word_1_326' title='bbox 782 4476 955 4530; x_wconf 86' lang='lat' dir='ltr'><strong>anathemati</strong></span> 
     </span>
     <span class='ocr_line' id='line_1_48' title="bbox 110 4558 955 4634; baseline 0.011 -24"><span class='ocrx_word' id='word_1_327' title='bbox 110 4558 264 4613; x_wconf 86' lang='lat' dir='ltr'><strong>obnoxiam</strong></span> <span class='ocrx_word' id='word_1_328' title='bbox 279 4559 344 4613; x_wconf 86' lang='lat' dir='ltr'><strong>feeit</strong></span> <span class='ocrx_word' id='word_1_329' title='bbox 367 4559 543 4615; x_wconf 89' lang='lat' dir='ltr'><strong>innascibilis</strong></span> <span class='ocrx_word' id='word_1_330' title='bbox 559 4562 589 4615; x_wconf 93' lang='lat' dir='ltr'><strong>in</strong></span> <span class='ocrx_word' id='word_1_331' title='bbox 609 4578 674 4616; x_wconf 80' lang='lat' dir='ltr'><strong>erim</strong></span> <span class='ocrx_word' id='word_1_332' title='bbox 700 4562 747 4616; x_wconf 86' lang='lat' dir='ltr'><strong>llei</strong></span> <span class='ocrx_word' id='word_1_333' title='bbox 773 4564 955 4634; x_wconf 77' lang='lat' dir='ltr'><strong>praedicatio-</strong></span> 
     </span>
     <span class='ocr_line' id='line_1_49' title="bbox 111 4645 955 4717; baseline 0.008 -18"><span class='ocrx_word' id='word_1_334' title='bbox 111 4661 188 4701; x_wconf 85' lang='lat' dir='ltr'><strong>nem.</strong></span> <span class='ocrx_word' id='word_1_335' title='bbox 203 4645 410 4717; x_wconf 86' lang='lat' dir='ltr'><strong>impiissimam</strong></span> <span class='ocrx_word' id='word_1_336' title='bbox 426 4649 503 4703; x_wconf 89' lang='lat' dir='ltr'><strong>enirn</strong></span> <span class='ocrx_word' id='word_1_337' title='bbox 517 4650 769 4706; x_wconf 87' lang='lat' dir='ltr'><strong>estinnascibilem</strong></span> <span class='ocrx_word' id='word_1_338' title='bbox 784 4654 873 4708; x_wconf 83' lang='lat' dir='ltr'><strong>Deum</strong></span> <span class='ocrx_word' id='word_1_339' title='bbox 888 4668 955 4706; x_wconf 90' lang='lat' dir='ltr'><strong>enm</strong></span> 
     </span>
     <span class='ocr_line' id='line_1_50' title="bbox 110 4735 956 4806; baseline 0.005 -16"><span class='ocrx_word' id='word_1_340' title='bbox 110 4735 176 4801; x_wconf 89' lang='lat' dir='ltr'><strong>dici,</strong></span> <span class='ocrx_word' id='word_1_341' title='bbox 191 4736 242 4806; x_wconf 89' lang='lat' dir='ltr'><strong>qui</strong></span> <span class='ocrx_word' id='word_1_342' title='bbox 255 4737 291 4790; x_wconf 93' lang='lat' dir='ltr'><strong>ad</strong></span> <span class='ocrx_word' id='word_1_343' title='bbox 310 4738 536 4792; x_wconf 87' lang='lat' dir='ltr'><strong>consolationem</strong></span> <span class='ocrx_word' id='word_1_344' title='bbox 556 4745 682 4794; x_wconf 86' lang='lat' dir='ltr'><strong>nostram</strong></span> <span class='ocrx_word' id='word_1_345' title='bbox 698 4741 734 4794; x_wconf 92' lang='lat' dir='ltr'><strong>sit</strong></span> <span class='ocrx_word' id='word_1_346' title='bbox 759 4741 892 4795; x_wconf 89' lang='lat' dir='ltr'><strong>missusa</strong></span> <span class='ocrx_word' id='word_1_347' title='bbox 909 4741 956 4794; x_wconf 85' lang='lat' dir='ltr'><strong>Fi·</strong></span> 
     </span>
     <span class='ocr_line' id='line_1_51' title="bbox 109 4823 955 4897; baseline 0.006 -19"><span class='ocrx_word' id='word_1_348' title='bbox 109 4823 170 4894; x_wconf 86' lang='lat' dir='ltr'><strong>lio.)</strong></span> <span class='ocrx_word' id='word_1_349' title='bbox 185 4824 214 4880; x_wconf 91' lang='lat' dir='ltr'><strong>Si</strong></span> <span class='ocrx_word' id='word_1_350' title='bbox 226 4825 299 4897; x_wconf 82' lang='lat' dir='ltr'><strong>quis,</strong></span> <span class='ocrx_word' id='word_1_351' title='bbox 317 4825 400 4880; x_wconf 90' lang='lat' dir='ltr'><strong>sicuti</strong></span> <span class='ocrx_word' id='word_1_352' title='bbox 418 4826 515 4881; x_wconf 89' lang='lat' dir='ltr'><strong>docuit</strong></span> <span class='ocrx_word' id='word_1_353' title='bbox 539 4844 590 4882; x_wconf 91' lang='lat' dir='ltr'><strong>nos</strong></span> <span class='ocrx_word' id='word_1_354' title='bbox 611 4829 758 4896; x_wconf 86' lang='lat' dir='ltr'><strong>Dominus,</strong></span> <span class='ocrx_word' id='word_1_355' title='bbox 784 4845 842 4883; x_wconf 89' lang='lat' dir='ltr'><strong>non</strong></span> <span class='ocrx_word' id='word_1_356' title='bbox 867 4830 955 4884; x_wconf 90' lang='lat' dir='ltr'><strong>alium</strong></span> 
     </span>
     <span class='ocr_line' id='line_1_52' title="bbox 110 4913 957 4984; baseline 0.006 -16"><span class='ocrx_word' id='word_1_357' title='bbox 110 4913 185 4968; x_wconf 88' lang='lat' dir='ltr'><strong>dicat</strong></span> <span class='ocrx_word' id='word_1_358' title='bbox 210 4915 385 4969; x_wconf 87' lang='lat' dir='ltr'><strong>Paracletum</strong></span> <span class='ocrx_word' id='word_1_359' title='bbox 407 4931 423 4968; x_wconf 90' lang='lat' dir='ltr'><strong>a</strong></span> <span class='ocrx_word' id='word_1_360' title='bbox 451 4915 532 4984; x_wconf 82' lang='lat' dir='ltr'><strong>Pilio,</strong></span> <span class='ocrx_word' id='word_1_361' title='bbox 558 4916 629 4971; x_wconf 82' lang='lat' dir='ltr'><strong>dixit</strong></span> <span class='ocrx_word' id='word_1_362' title='bbox 656 4918 754 4972; x_wconf 90' lang='lat' dir='ltr'><strong>enim:</strong></span> <span class='ocrx_word' id='word_1_363' title='bbox 783 4920 820 4973; x_wconf 82' lang='grc' dir='ltr'><strong>Ει</strong></span> <span class='ocrx_word' id='word_1_364' title='bbox 841 4920 957 4973; x_wconf 88' lang='lat' dir='ltr'><strong>atterum</strong></span> 
     </span>
     <span class='ocr_line' id='line_1_53' title="bbox 112 5003 956 5075; baseline 0.006 -19"><span class='ocrx_word' id='word_1_365' title='bbox 112 5003 284 5057; x_wconf 83' lang='lat' dir='ltr'><strong>Paracletum</strong></span> <span class='ocrx_word' id='word_1_366' title='bbox 311 5006 398 5058; x_wconf 87' lang='lat' dir='ltr'><strong>mittet</strong></span> <span class='ocrx_word' id='word_1_367' title='bbox 428 5005 503 5059; x_wconf 85' lang='lat' dir='ltr'><strong>uobis</strong></span> <span class='ocrx_word' id='word_1_368' title='bbox 536 5007 624 5074; x_wconf 88' lang='lat' dir='ltr'><strong>Pater,</strong></span> <span class='ocrx_word' id='word_1_369' title='bbox 654 5021 731 5075; x_wconf 89' lang='lat' dir='ltr'><strong>quem</strong></span> <span class='ocrx_word' id='word_1_370' title='bbox 765 5008 865 5075; x_wconf 81' lang='lat' dir='ltr'><strong>repeto</strong></span> <span class='ocrx_word' id='word_1_371' title='bbox 897 5023 956 5061; x_wconf 88' lang='lat' dir='ltr'><strong>eum</strong></span> 
     </span>
     <span class='ocr_line' id='line_1_54' title="bbox 112 5091 956 5163; baseline 0.004 -16"><span class='ocrx_word' id='word_1_372' title='bbox 112 5091 199 5162; x_wconf 81' lang='lat' dir='ltr'><strong>(Jaau.</strong></span> <span class='ocrx_word' id='word_1_373' title='bbox 222 5106 278 5159; x_wconf 75' lang='lat' dir='ltr'><strong>aar,</strong></span> <span class='ocrx_word' id='word_1_374' title='bbox 308 5091 362 5163; x_wconf 86' lang='lat' dir='ltr'><strong>til),</strong></span> <span class='ocrx_word' id='word_1_375' title='bbox 385 5093 537 5148; x_wconf 87' lang='lat' dir='ltr'><strong>anathema</strong></span> <span class='ocrx_word' id='word_1_376' title='bbox 562 5094 608 5148; x_wconf 93' lang='lat' dir='ltr'><strong>sit.</strong></span> <span class='ocrx_word' id='word_1_377' title='bbox 629 5097 663 5160; x_wconf 80' lang='grc' dir='ltr'><strong>(Α</strong></span> <span class='ocrx_word' id='word_1_378' title='bbox 683 5094 752 5149; x_wconf 83' lang='lat' dir='ltr'><strong>Filio</strong></span> <span class='ocrx_word' id='word_1_379' title='bbox 779 5096 956 5150; x_wconf 86' lang='lat' dir='ltr'><strong>Paracletum</strong></span> 
     </span>
     <span class='ocr_line' id='line_1_55' title="bbox 114 5181 958 5254; baseline 0.004 -20"><span class='ocrx_word' id='word_1_380' title='bbox 114 5181 231 5235; x_wconf 87' lang='lat' dir='ltr'><strong>missum</strong></span> <span class='ocrx_word' id='word_1_381' title='bbox 256 5182 451 5247; x_wconf 82' lang='lat' dir='ltr'><strong>meminimus,</strong></span> <span class='ocrx_word' id='word_1_382' title='bbox 477 5189 505 5238; x_wconf 89' lang='lat' dir='ltr'><strong>et</strong></span> <span class='ocrx_word' id='word_1_383' title='bbox 524 5182 554 5237; x_wconf 93' lang='lat' dir='ltr'><strong>in</strong></span> <span class='ocrx_word' id='word_1_384' title='bbox 569 5183 712 5254; x_wconf 87' lang='lat' dir='ltr'><strong>principio</strong></span> <span class='ocrx_word' id='word_1_385' title='bbox 738 5184 793 5238; x_wconf 90' lang='lat' dir='ltr'><strong>hoc</strong></span> <span class='ocrx_word' id='word_1_386' title='bbox 808 5183 879 5239; x_wconf 90' lang='lat' dir='ltr'><strong>lldes</strong></span> <span class='ocrx_word' id='word_1_387' title='bbox 896 5184 958 5254; x_wconf 85' lang='lat' dir='ltr'><strong>ipss</strong></span> 
     </span>
     <span class='ocr_line' id='line_1_56' title="bbox 113 5271 958 5347; baseline 0.004 -24"><span class='ocrx_word' id='word_1_388' title='bbox 113 5271 254 5345; x_wconf 85' lang='lat' dir='ltr'><strong>exposuit.</strong></span> <span class='ocrx_word' id='word_1_389' title='bbox 270 5271 325 5328; x_wconf 87' lang='lat' dir='ltr'><strong>Sed</strong></span> <span class='ocrx_word' id='word_1_390' title='bbox 341 5272 408 5347; x_wconf 87' lang='lat' dir='ltr'><strong>qnia</strong></span> <span class='ocrx_word' id='word_1_391' title='bbox 429 5272 595 5344; x_wconf 82' lang='lat' dir='ltr'><strong>frequenter</strong></span> <span class='ocrx_word' id='word_1_392' title='bbox 611 5272 697 5327; x_wconf 82' lang='lat' dir='ltr'><strong>Filius</strong></span> <span class='ocrx_word' id='word_1_393' title='bbox 712 5279 828 5345; x_wconf 89' lang='lat' dir='ltr'><strong>propter</strong></span> <span class='ocrx_word' id='word_1_394' title='bbox 846 5272 958 5328; x_wconf 80' lang='lat' dir='ltr'><strong>inditis·</strong></span> 
     </span>
    </p>
   </div>
   <div class='ocr_carea' id='block_1_9' title="bbox 718 257 1237 319">
    <p class='ocr_par' dir='ltr' id='par_1_10' title="bbox 718 257 1237 319">
     <span class='ocr_line' id='line_1_57' title="bbox 718 257 1237 319; baseline 0.006 -6"><span class='ocrx_word' id='word_1_395' title='bbox 718 257 830 314; x_wconf 77' lang='lat' dir='ltr'>AENEAE</span> <span class='ocrx_word' id='word_1_396' title='bbox 848 257 1064 318; x_wconf 72' lang='lat' dir='ltr'><strong>alnisiensis</strong></span> <span class='ocrx_word' id='word_1_397' title='bbox 1084 258 1237 319; x_wconf 74' lang='lat' dir='ltr'><strong>aristam</strong></span> 
     </span>
    </p>
   </div>
   <div class='ocr_carea' id='block_1_10' title="bbox 1799 263 1850 319">
    <p class='ocr_par' dir='ltr' id='par_1_11' title="bbox 1799 263 1850 319">
     <span class='ocr_line' id='line_1_58' title="bbox 1799 263 1850 319; baseline 0.039 -2"><span class='ocrx_word' id='word_1_398' title='bbox 1799 263 1850 319; x_wconf 75' lang='lat' dir='ltr'><strong>rot</strong></span> 
     </span>
    </p>
   </div>
   <div class='ocr_carea' id='block_1_11' title="bbox 1002 392 1854 2234">
    <p class='ocr_par' dir='ltr' id='par_1_12' title="bbox 1002 392 1854 2234">
     <span class='ocr_line' id='line_1_59' title="bbox 1002 392 1851 467; baseline 0.005 -21"><span class='ocrx_word' id='word_1_399' title='bbox 1002 392 1091 447; x_wconf 83' lang='lat' dir='ltr'><strong>rantis</strong></span> <span class='ocrx_word' id='word_1_400' title='bbox 1104 399 1214 449; x_wconf 75' lang='lat' dir='ltr'><strong>naturae</strong></span> <span class='ocrx_word' id='word_1_401' title='bbox 1230 393 1364 450; x_wconf 72' lang='lat' dir='ltr'><strong>virtudem</strong></span> <span class='ocrx_word' id='word_1_402' title='bbox 1380 409 1468 467; x_wconf 88' lang='lat' dir='ltr'><strong>opera</strong></span> <span class='ocrx_word' id='word_1_403' title='bbox 1484 409 1545 461; x_wconf 82' lang='lat' dir='ltr'><strong>sira,</strong></span> <span class='ocrx_word' id='word_1_404' title='bbox 1574 409 1662 466; x_wconf 86' lang='lat' dir='ltr'><strong>opera</strong></span> <span class='ocrx_word' id='word_1_405' title='bbox 1675 394 1767 452; x_wconf 84' lang='lat' dir='ltr'><strong>Petris</strong></span> <span class='ocrx_word' id='word_1_406' title='bbox 1791 411 1851 450; x_wconf 87' lang='lat' dir='ltr'><strong>esse</strong></span> 
     </span>
     <span class='ocr_line' id='line_1_60' title="bbox 1004 481 1851 554; baseline 0.001 -19"><span class='ocrx_word' id='word_1_407' title='bbox 1004 481 1074 536; x_wconf 85' lang='lat' dir='ltr'><strong>dixit</strong></span> <span class='ocrx_word' id='word_1_408' title='bbox 1089 483 1208 537; x_wconf 88' lang='lat' dir='ltr'><strong>diceus:</strong></span> <span class='ocrx_word' id='word_1_409' title='bbox 1226 485 1285 552; x_wconf 83' lang='lat' dir='ltr'><strong>Epo</strong></span> <span class='ocrx_word' id='word_1_410' title='bbox 1300 499 1383 554; x_wconf 86' lang='lat' dir='ltr'><strong>opera</strong></span> <span class='ocrx_word' id='word_1_411' title='bbox 1402 484 1496 539; x_wconf 85' lang='lat' dir='ltr'><strong>Patris</strong></span> <span class='ocrx_word' id='word_1_412' title='bbox 1522 485 1575 538; x_wconf 87' lang='lat' dir='ltr'><strong>mei</strong></span> <span class='ocrx_word' id='word_1_413' title='bbox 1594 483 1692 554; x_wconf 81' lang='lat' dir='ltr'><strong>sacto:</strong></span> <span class='ocrx_word' id='word_1_414' title='bbox 1713 483 1851 538; x_wconf 85' lang='lat' dir='ltr'><strong>missurus</strong></span> 
     </span>
     <span class='ocr_line' id='line_1_61' title="bbox 1004 571 1851 642; baseline 0.002 -19"><span class='ocrx_word' id='word_1_415' title='bbox 1004 585 1120 642; x_wconf 89' lang='lat' dir='ltr'><strong>quoqne</strong></span> <span class='ocrx_word' id='word_1_416' title='bbox 1134 572 1321 638; x_wconf 85' lang='lat' dir='ltr'><strong>Paracletum,</strong></span> <span class='ocrx_word' id='word_1_417' title='bbox 1342 572 1425 626; x_wconf 91' lang='lat' dir='ltr'><strong>sicuti</strong></span> <span class='ocrx_word' id='word_1_418' title='bbox 1445 572 1612 642; x_wconf 82' lang='lat' dir='ltr'><strong>frequenter</strong></span> <span class='ocrx_word' id='word_1_419' title='bbox 1635 571 1801 642; x_wconf 86' lang='lat' dir='ltr'><strong>spopondit,</strong></span> <span class='ocrx_word' id='word_1_420' title='bbox 1822 572 1851 626; x_wconf 92' lang='lat' dir='ltr'><strong>in</strong></span> 
     </span>
     <span class='ocr_line' id='line_1_62' title="bbox 1003 656 1851 727; baseline 0 -13"><span class='ocrx_word' id='word_1_421' title='bbox 1003 659 1116 714; x_wconf 82' lang='lat' dir='ltr'><strong>tardum</strong></span> <span class='ocrx_word' id='word_1_422' title='bbox 1132 675 1199 715; x_wconf 89' lang='lat' dir='ltr'><strong>eum</strong></span> <span class='ocrx_word' id='word_1_423' title='bbox 1212 666 1240 715; x_wconf 91' lang='lat' dir='ltr'><strong>et</strong></span> <span class='ocrx_word' id='word_1_424' title='bbox 1257 660 1429 716; x_wconf 89' lang='lat' dir='ltr'><strong>mittendum</strong></span> <span class='ocrx_word' id='word_1_425' title='bbox 1440 660 1512 715; x_wconf 84' lang='lat' dir='ltr'><strong>dixit</strong></span> <span class='ocrx_word' id='word_1_426' title='bbox 1531 656 1656 727; x_wconf 87' lang='lat' dir='ltr'><strong>a&#39;Patre,</strong></span> <span class='ocrx_word' id='word_1_427' title='bbox 1674 661 1745 715; x_wconf 91' lang='lat' dir='ltr'><strong>dum</strong></span> <span class='ocrx_word' id='word_1_428' title='bbox 1767 676 1851 715; x_wconf 87' lang='lat' dir='ltr'><strong>omne</strong></span> 
     </span>
     <span class='ocr_line' id='line_1_63' title="bbox 1003 749 1850 820; baseline 0.002 -18"><span class='ocrx_word' id='word_1_429' title='bbox 1003 750 1082 820; x_wconf 92' lang='lat' dir='ltr'><strong>quod</strong></span> <span class='ocrx_word' id='word_1_430' title='bbox 1108 755 1216 820; x_wconf 89' lang='lat' dir='ltr'><strong>ageret,</strong></span> <span class='ocrx_word' id='word_1_431' title='bbox 1238 750 1286 820; x_wconf 87' lang='lat' dir='ltr'><strong>pie</strong></span> <span class='ocrx_word' id='word_1_432' title='bbox 1300 749 1406 804; x_wconf 84' lang='lat' dir='ltr'><strong>referre</strong></span> <span class='ocrx_word' id='word_1_433' title='bbox 1433 754 1475 804; x_wconf 90' lang='lat' dir='ltr'><strong>cst</strong></span> <span class='ocrx_word' id='word_1_434' title='bbox 1489 749 1590 803; x_wconf 90' lang='lat' dir='ltr'><strong>solitus</strong></span> <span class='ocrx_word' id='word_1_435' title='bbox 1612 750 1648 804; x_wconf 88' lang='lat' dir='ltr'><strong>ad</strong></span> <span class='ocrx_word' id='word_1_436' title='bbox 1666 750 1790 807; x_wconf 90' lang='lat' dir='ltr'><strong>Patrem.</strong></span> <span class='ocrx_word' id='word_1_437' title='bbox 1816 750 1850 804; x_wconf 84' lang='lat' dir='ltr'><strong>Ex</strong></span> 
     </span>
     <span class='ocr_line' id='line_1_64' title="bbox 1004 838 1852 910; baseline 0.001 -19"><span class='ocrx_word' id='word_1_438' title='bbox 1004 853 1061 908; x_wconf 90' lang='lat' dir='ltr'><strong>quo</strong></span> <span class='ocrx_word' id='word_1_439' title='bbox 1088 838 1215 893; x_wconf 77' lang='lat' dir='ltr'><strong>haeretici</strong></span> <span class='ocrx_word' id='word_1_440' title='bbox 1241 839 1418 894; x_wconf 84' lang='lat' dir='ltr'><strong>occasionem</strong></span> <span class='ocrx_word' id='word_1_441' title='bbox 1456 839 1624 910; x_wconf 81' lang='lat' dir='ltr'><strong>frequenter</strong></span> <span class='ocrx_word' id='word_1_442' title='bbox 1656 838 1801 909; x_wconf 89' lang='lat' dir='ltr'><strong>arripiunt</strong></span> <span class='ocrx_word' id='word_1_443' title='bbox 1822 845 1852 892; x_wconf 91' lang='grc' dir='ltr'><strong>ιιι</strong></span> 
     </span>
     <span class='ocr_line' id='line_1_65' title="bbox 1003 925 1851 998; baseline 0.002 -19"><span class='ocrx_word' id='word_1_444' title='bbox 1003 925 1176 998; x_wconf 87' lang='lat' dir='ltr'><strong>ipsumesse</strong></span> <span class='ocrx_word' id='word_1_445' title='bbox 1200 928 1303 982; x_wconf 83' lang='lat' dir='ltr'><strong>Filium</strong></span> <span class='ocrx_word' id='word_1_446' title='bbox 1332 929 1509 983; x_wconf 89' lang='lat' dir='ltr'><strong>Paracletum</strong></span> <span class='ocrx_word' id='word_1_447' title='bbox 1537 928 1642 996; x_wconf 91' lang='lat' dir='ltr'><strong>dicant,</strong></span> <span class='ocrx_word' id='word_1_448' title='bbox 1666 943 1733 982; x_wconf 90' lang='lat' dir='ltr'><strong>cum</strong></span> <span class='ocrx_word' id='word_1_449' title='bbox 1763 927 1792 981; x_wconf 91' lang='lat' dir='ltr'><strong>in</strong></span> <span class='ocrx_word' id='word_1_450' title='bbox 1819 944 1851 982; x_wconf 88' lang='lat' dir='ltr'><strong>eo</strong></span> 
     </span>
     <span class='ocr_line' id='line_1_66' title="bbox 1004 1016 1849 1088; baseline 0.002 -19"><span class='ocrx_word' id='word_1_451' title='bbox 1004 1017 1181 1088; x_wconf 86' lang='lat' dir='ltr'><strong>quodetiam</strong></span> <span class='ocrx_word' id='word_1_452' title='bbox 1198 1018 1376 1071; x_wconf 87' lang='lat' dir='ltr'><strong>Paracletum</strong></span> <span class='ocrx_word' id='word_1_453' title='bbox 1393 1017 1564 1071; x_wconf 90' lang='lat' dir='ltr'><strong>mittendum</strong></span> <span class='ocrx_word' id='word_1_454' title='bbox 1581 1033 1597 1069; x_wconf 87' lang='lat' dir='ltr'><strong>a</strong></span> <span class='ocrx_word' id='word_1_455' title='bbox 1621 1017 1704 1071; x_wconf 86' lang='lat' dir='ltr'><strong>Patre</strong></span> <span class='ocrx_word' id='word_1_456' title='bbox 1728 1016 1767 1069; x_wconf 88' lang='lat' dir='ltr'><strong>sit</strong></span> <span class='ocrx_word' id='word_1_457' title='bbox 1786 1033 1849 1086; x_wconf 86' lang='lat' dir='ltr'><strong>pre·</strong></span> 
     </span>
     <span class='ocr_line' id='line_1_67' title="bbox 1005 1104 1850 1177; baseline -0.001 -17"><span class='ocrx_word' id='word_1_458' title='bbox 1005 1111 1129 1176; x_wconf 82' lang='lat' dir='ltr'><strong>saturus,</strong></span> <span class='ocrx_word' id='word_1_459' title='bbox 1154 1105 1345 1161; x_wconf 82' lang='lat' dir='ltr'><strong>differentiam</strong></span> <span class='ocrx_word' id='word_1_460' title='bbox 1367 1105 1456 1168; x_wconf 88' lang='lat' dir='ltr'><strong>missi,</strong></span> <span class='ocrx_word' id='word_1_461' title='bbox 1480 1104 1666 1177; x_wconf 89' lang='lat' dir='ltr'><strong>rogantisque</strong></span> <span class='ocrx_word' id='word_1_462' title='bbox 1690 1104 1850 1176; x_wconf 80' lang='lat' dir='ltr'><strong>significet.)</strong></span> 
     </span>
     <span class='ocr_line' id='line_1_68' title="bbox 1004 1191 1850 1266; baseline -0.005 -18"><span class='ocrx_word' id='word_1_463' title='bbox 1004 1193 1033 1248; x_wconf 91' lang='lat' dir='ltr'><strong>Si</strong></span> <span class='ocrx_word' id='word_1_464' title='bbox 1052 1194 1115 1266; x_wconf 89' lang='lat' dir='ltr'><strong>quis</strong></span> <span class='ocrx_word' id='word_1_465' title='bbox 1128 1194 1265 1265; x_wconf 90' lang='lat' dir='ltr'><strong>Spiritum</strong></span> <span class='ocrx_word' id='word_1_466' title='bbox 1282 1200 1411 1249; x_wconf 90' lang='lat' dir='ltr'><strong>sanctum</strong></span> <span class='ocrx_word' id='word_1_467' title='bbox 1433 1195 1546 1248; x_wconf 87' lang='lat' dir='ltr'><strong>Patrem</strong></span> <span class='ocrx_word' id='word_1_468' title='bbox 1559 1193 1629 1249; x_wconf 90' lang='lat' dir='ltr'><strong>dicit</strong></span> <span class='ocrx_word' id='word_1_469' title='bbox 1639 1193 1732 1247; x_wconf 87' lang='lat' dir='ltr'><strong>Patris</strong></span> <span class='ocrx_word' id='word_1_470' title='bbox 1746 1192 1790 1245; x_wconf 85' lang='lat' dir='ltr'><strong>vel</strong></span> <span class='ocrx_word' id='word_1_471' title='bbox 1806 1192 1825 1245; x_wconf 85' lang='lat' dir='ltr'>F</span> <span class='ocrx_word' id='word_1_472' title='bbox 1828 1191 1850 1244; x_wconf 92' lang='lat' dir='ltr'><strong>i·</strong></span> 
     </span>
     <span class='ocr_line' id='line_1_69' title="bbox 1004 1280 1852 1351; baseline -0.004 -15"><span class='ocrx_word' id='word_1_473' title='bbox 1004 1280 1046 1348; x_wconf 86' lang='lat' dir='ltr'><strong>lii,</strong></span> <span class='ocrx_word' id='word_1_474' title='bbox 1059 1284 1210 1338; x_wconf 86' lang='lat' dir='ltr'><strong>anatliema</strong></span> <span class='ocrx_word' id='word_1_475' title='bbox 1225 1283 1270 1337; x_wconf 90' lang='lat' dir='ltr'><strong>sit.</strong></span> <span class='ocrx_word' id='word_1_476' title='bbox 1286 1282 1423 1351; x_wconf 87' lang='lat' dir='ltr'><strong>(Stultitia</strong></span> <span class='ocrx_word' id='word_1_477' title='bbox 1441 1281 1568 1337; x_wconf 78' lang='lat' dir='ltr'><strong>haretici</strong></span> <span class='ocrx_word' id='word_1_478' title='bbox 1589 1281 1696 1336; x_wconf 87' lang='lat' dir='ltr'><strong>luroris</strong></span> <span class='ocrx_word' id='word_1_479' title='bbox 1721 1281 1784 1335; x_wconf 78' lang='lat' dir='ltr'><strong>haec</strong></span> <span class='ocrx_word' id='word_1_480' title='bbox 1809 1296 1852 1333; x_wconf 86' lang='lat' dir='ltr'><strong>co·</strong></span> 
     </span>
     <span class='ocr_line' id='line_1_70' title="bbox 1004 1368 1850 1442; baseline -0.006 -17"><span class='ocrx_word' id='word_1_481' title='bbox 1004 1369 1065 1441; x_wconf 87' lang='lat' dir='ltr'><strong>egit</strong></span> <span class='ocrx_word' id='word_1_482' title='bbox 1079 1369 1108 1424; x_wconf 93' lang='lat' dir='ltr'><strong>in</strong></span> <span class='ocrx_word' id='word_1_483' title='bbox 1124 1370 1270 1442; x_wconf 78' lang='lat' dir='ltr'><strong>Scriptura</strong></span> <span class='ocrx_word' id='word_1_484' title='bbox 1285 1371 1401 1437; x_wconf 87' lang='lat' dir='ltr'><strong>referre,</strong></span> <span class='ocrx_word' id='word_1_485' title='bbox 1420 1386 1477 1424; x_wconf 93' lang='lat' dir='ltr'><strong>non</strong></span> <span class='ocrx_word' id='word_1_486' title='bbox 1491 1369 1622 1442; x_wconf 83' lang='lat' dir='ltr'><strong>qurestio.</strong></span> <span class='ocrx_word' id='word_1_487' title='bbox 1640 1371 1712 1424; x_wconf 81' lang='lat' dir='ltr'><strong>Nam</strong></span> <span class='ocrx_word' id='word_1_488' title='bbox 1727 1368 1850 1438; x_wconf 87' lang='lat' dir='ltr'><strong>Spiritus</strong></span> 
     </span>
     <span class='ocr_line' id='line_1_71' title="bbox 1004 1457 1853 1530; baseline -0.002 -17"><span class='ocrx_word' id='word_1_489' title='bbox 1004 1458 1093 1513; x_wconf 90' lang='lat' dir='ltr'><strong>sancti</strong></span> <span class='ocrx_word' id='word_1_490' title='bbox 1108 1475 1214 1514; x_wconf 91' lang='lat' dir='ltr'><strong>nomen</strong></span> <span class='ocrx_word' id='word_1_491' title='bbox 1230 1460 1333 1515; x_wconf 88' lang='lat' dir='ltr'><strong>habeat</strong></span> <span class='ocrx_word' id='word_1_492' title='bbox 1348 1475 1430 1513; x_wconf 84' lang='lat' dir='ltr'><strong>suam</strong></span> <span class='ocrx_word' id='word_1_493' title='bbox 1445 1459 1698 1530; x_wconf 76' lang='lat' dir='ltr'><strong>significationem,</strong></span> <span class='ocrx_word' id='word_1_494' title='bbox 1719 1465 1749 1512; x_wconf 84' lang='lat' dir='ltr'><strong>st</strong></span> <span class='ocrx_word' id='word_1_495' title='bbox 1768 1457 1853 1528; x_wconf 90' lang='lat' dir='ltr'><strong>Spiri-</strong></span> 
     </span>
     <span class='ocr_line' id='line_1_72' title="bbox 1003 1545 1852 1619; baseline -0.004 -16"><span class='ocrx_word' id='word_1_496' title='bbox 1003 1552 1049 1602; x_wconf 90' lang='lat' dir='ltr'><strong>tus</strong></span> <span class='ocrx_word' id='word_1_497' title='bbox 1061 1553 1175 1603; x_wconf 89' lang='lat' dir='ltr'><strong>sanctns</strong></span> <span class='ocrx_word' id='word_1_498' title='bbox 1189 1549 1350 1619; x_wconf 90' lang='lat' dir='ltr'><strong>paracletus</strong></span> <span class='ocrx_word' id='word_1_499' title='bbox 1364 1547 1468 1602; x_wconf 88' lang='lat' dir='ltr'><strong>habeat</strong></span> <span class='ocrx_word' id='word_1_500' title='bbox 1479 1547 1646 1602; x_wconf 69' lang='lat' dir='ltr'><strong>substantia</strong></span> <span class='ocrx_word' id='word_1_501' title='bbox 1662 1563 1721 1600; x_wconf 80' lang='lat' dir='ltr'><strong>sure</strong></span> <span class='ocrx_word' id='word_1_502' title='bbox 1738 1549 1768 1600; x_wconf 89' lang='lat' dir='ltr'><strong>et</strong></span> <span class='ocrx_word' id='word_1_503' title='bbox 1787 1545 1852 1600; x_wconf 85' lang='lat' dir='ltr'><strong>olii-</strong></span> 
     </span>
     <span class='ocr_line' id='line_1_73' title="bbox 1005 1633 1853 1707; baseline -0.004 -16"><span class='ocrx_word' id='word_1_504' title='bbox 1005 1638 1080 1692; x_wconf 90' lang='lat' dir='ltr'><strong>cinm</strong></span> <span class='ocrx_word' id='word_1_505' title='bbox 1095 1643 1124 1692; x_wconf 91' lang='lat' dir='ltr'><strong>et</strong></span> <span class='ocrx_word' id='word_1_506' title='bbox 1144 1637 1285 1693; x_wconf 86' lang='lat' dir='ltr'><strong>ordinem.</strong></span> <span class='ocrx_word' id='word_1_507' title='bbox 1303 1638 1335 1691; x_wconf 87' lang='lat' dir='ltr'><strong>Et</strong></span> <span class='ocrx_word' id='word_1_508' title='bbox 1349 1652 1414 1692; x_wconf 88' lang='lat' dir='ltr'><strong>curn</strong></span> <span class='ocrx_word' id='word_1_509' title='bbox 1426 1637 1532 1707; x_wconf 90' lang='lat' dir='ltr'><strong>ubique</strong></span> <span class='ocrx_word' id='word_1_510' title='bbox 1544 1633 1760 1691; x_wconf 85' lang='lat' dir='ltr'><strong>indemutabilis</strong></span> <span class='ocrx_word' id='word_1_511' title='bbox 1773 1635 1853 1688; x_wconf 89' lang='lat' dir='ltr'><strong>Pater</strong></span> 
     </span>
     <span class='ocr_line' id='line_1_74' title="bbox 1005 1722 1853 1798; baseline -0.006 -18"><span class='ocrx_word' id='word_1_512' title='bbox 1005 1731 1033 1780; x_wconf 86' lang='lat' dir='ltr'><strong>st</strong></span> <span class='ocrx_word' id='word_1_513' title='bbox 1051 1726 1136 1781; x_wconf 82' lang='lat' dir='ltr'><strong>Pilius</strong></span> <span class='ocrx_word' id='word_1_514' title='bbox 1150 1726 1330 1797; x_wconf 75' lang='lat' dir='ltr'><strong>praedicetur,</strong></span> <span class='ocrx_word' id='word_1_515' title='bbox 1352 1726 1499 1798; x_wconf 89' lang='lat' dir='ltr'><strong>quomodo</strong></span> <span class='ocrx_word' id='word_1_516' title='bbox 1524 1741 1589 1797; x_wconf 89' lang='lat' dir='ltr'><strong>pars</strong></span> <span class='ocrx_word' id='word_1_517' title='bbox 1611 1729 1740 1779; x_wconf 85' lang='lat' dir='ltr'><strong>essesut</strong></span> <span class='ocrx_word' id='word_1_518' title='bbox 1764 1722 1853 1777; x_wconf 88' lang='lat' dir='ltr'><strong>Patris</strong></span> 
     </span>
     <span class='ocr_line' id='line_1_75' title="bbox 1006 1811 1854 1885; baseline -0.007 -16"><span class='ocrx_word' id='word_1_519' title='bbox 1006 1820 1035 1869; x_wconf 90' lang='lat' dir='ltr'><strong>et</strong></span> <span class='ocrx_word' id='word_1_520' title='bbox 1054 1814 1118 1870; x_wconf 77' lang='lat' dir='ltr'><strong>Filii</strong></span> <span class='ocrx_word' id='word_1_521' title='bbox 1143 1815 1265 1885; x_wconf 72' lang='lat' dir='ltr'><strong>Spiritus</strong></span> <span class='ocrx_word' id='word_1_522' title='bbox 1290 1818 1404 1868; x_wconf 86' lang='lat' dir='ltr'><strong>sanetus</strong></span> <span class='ocrx_word' id='word_1_523' title='bbox 1427 1814 1588 1868; x_wconf 80' lang='lat' dir='ltr'><strong>asseretur?</strong></span> <span class='ocrx_word' id='word_1_524' title='bbox 1608 1812 1662 1867; x_wconf 88' lang='lat' dir='ltr'><strong>Sed</strong></span> <span class='ocrx_word' id='word_1_525' title='bbox 1682 1814 1753 1883; x_wconf 85' lang='lat' dir='ltr'><strong>quia</strong></span> <span class='ocrx_word' id='word_1_526' title='bbox 1775 1811 1854 1882; x_wconf 71' lang='lat' dir='ltr'><strong>{sicut</strong></span> 
     </span>
     <span class='ocr_line' id='line_1_76' title="bbox 1006 1901 1851 1974; baseline -0.007 -16"><span class='ocrx_word' id='word_1_527' title='bbox 1006 1903 1196 1958; x_wconf 80' lang='lat' dir='ltr'><strong>intercoetera</strong></span> <span class='ocrx_word' id='word_1_528' title='bbox 1219 1902 1396 1958; x_wconf 89' lang='lat' dir='ltr'><strong>insaniarum</strong></span> <span class='ocrx_word' id='word_1_529' title='bbox 1414 1918 1529 1974; x_wconf 88' lang='lat' dir='ltr'><strong>genera,</strong></span> <span class='ocrx_word' id='word_1_530' title='bbox 1546 1902 1633 1967; x_wconf 86' lang='lat' dir='ltr'><strong>etiam</strong></span> <span class='ocrx_word' id='word_1_531' title='bbox 1656 1901 1708 1956; x_wconf 88' lang='lat' dir='ltr'><strong>hoc</strong></span> <span class='ocrx_word' id='word_1_532' title='bbox 1737 1914 1851 1971; x_wconf 88' lang='lat' dir='ltr'><strong>quoque</strong></span> 
     </span>
     <span class='ocr_line' id='line_1_77' title="bbox 1004 1986 1854 2063; baseline -0.006 -18"><span class='ocrx_word' id='word_1_533' title='bbox 1004 1992 1128 2063; x_wconf 85' lang='lat' dir='ltr'><strong>proferri</strong></span> <span class='ocrx_word' id='word_1_534' title='bbox 1155 1993 1190 2046; x_wconf 88' lang='lat' dir='ltr'><strong>ab</strong></span> <span class='ocrx_word' id='word_1_535' title='bbox 1215 1991 1313 2063; x_wconf 90' lang='lat' dir='ltr'><strong>impiis</strong></span> <span class='ocrx_word' id='word_1_536' title='bbox 1342 1991 1424 2058; x_wconf 87' lang='lat' dir='ltr'><strong>solet,</strong></span> <span class='ocrx_word' id='word_1_537' title='bbox 1448 1990 1554 2045; x_wconf 90' lang='lat' dir='ltr'><strong>idcirco</strong></span> <span class='ocrx_word' id='word_1_538' title='bbox 1580 2007 1597 2044; x_wconf 89' lang='lat' dir='ltr'><strong>a</strong></span> <span class='ocrx_word' id='word_1_539' title='bbox 1619 1988 1723 2043; x_wconf 87' lang='lat' dir='ltr'><strong>sanctis</strong></span> <span class='ocrx_word' id='word_1_540' title='bbox 1757 1986 1854 2042; x_wconf 86' lang='lat' dir='ltr'><strong>debuit</strong></span> 
     </span>
     <span class='ocr_line' id='line_1_78' title="bbox 1005 2076 1853 2153; baseline -0.007 -18"><span class='ocrx_word' id='word_1_541' title='bbox 1005 2081 1185 2153; x_wconf 80' lang='lat' dir='ltr'><strong>improbari.)</strong></span> <span class='ocrx_word' id='word_1_542' title='bbox 1211 2079 1324 2152; x_wconf 90' lang='lat' dir='ltr'><strong>Siquis</strong></span> <span class='ocrx_word' id='word_1_543' title='bbox 1351 2081 1463 2134; x_wconf 89' lang='lat' dir='ltr'><strong>Patrem</strong></span> <span class='ocrx_word' id='word_1_544' title='bbox 1484 2084 1512 2134; x_wconf 92' lang='lat' dir='ltr'><strong>et</strong></span> <span class='ocrx_word' id='word_1_545' title='bbox 1534 2078 1636 2134; x_wconf 83' lang='lat' dir='ltr'><strong>Filium</strong></span> <span class='ocrx_word' id='word_1_546' title='bbox 1661 2081 1690 2132; x_wconf 88' lang='lat' dir='ltr'><strong>et</strong></span> <span class='ocrx_word' id='word_1_547' title='bbox 1714 2076 1853 2148; x_wconf 90' lang='lat' dir='ltr'><strong>Spiritum</strong></span> 
     </span>
     <span class='ocr_line' id='line_1_79' title="bbox 1006 2167 1640 2234; baseline -0.011 -11"><span class='ocrx_word' id='word_1_548' title='bbox 1006 2176 1135 2224; x_wconf 89' lang='lat' dir='ltr'><strong>sanctum</strong></span> <span class='ocrx_word' id='word_1_549' title='bbox 1151 2175 1208 2224; x_wconf 87' lang='lat' dir='ltr'><strong>tres</strong></span> <span class='ocrx_word' id='word_1_550' title='bbox 1220 2169 1288 2225; x_wconf 89' lang='lat' dir='ltr'><strong>dicit</strong></span> <span class='ocrx_word' id='word_1_551' title='bbox 1304 2169 1381 2234; x_wconf 89' lang='lat' dir='ltr'><strong>deos,</strong></span> <span class='ocrx_word' id='word_1_552' title='bbox 1395 2168 1548 2223; x_wconf 89' lang='lat' dir='ltr'><strong>anathema</strong></span> <span class='ocrx_word' id='word_1_553' title='bbox 1563 2167 1608 2222; x_wconf 87' lang='lat' dir='ltr'><strong>sit.</strong></span> <span class='ocrx_word' id='word_1_554' title='bbox 1626 2188 1640 2217; x_wconf 72' lang='grc' dir='ltr'><strong>ιι</strong></span> 
     </span>
    </p>
   </div>
   <div class='ocr_carea' id='block_1_12' title="bbox 1334 2276 1529 2332">
    <p class='ocr_par' dir='ltr' id='par_1_13' title="bbox 1334 2276 1529 2332">
     <span class='ocr_line' id='line_1_80' title="bbox 1334 2276 1529 2332; baseline -0.005 -1"><span class='ocrx_word' id='word_1_555' title='bbox 1334 2277 1397 2332; x_wconf 77' lang='lat' dir='ltr'><strong>Car.</strong></span> <span class='ocrx_word' id='word_1_556' title='bbox 1414 2276 1529 2331; x_wconf 82' lang='lat' dir='ltr'><strong>xxvrn.</strong></span> 
     </span>
    </p>
   </div>
   <div class='ocr_carea' id='block_1_13' title="bbox 1005 2379 1854 3149">
    <p class='ocr_par' dir='ltr' id='par_1_14' title="bbox 1005 2379 1854 3149">
     <span class='ocr_line' id='line_1_81' title="bbox 1041 2379 1854 2449; baseline -0.009 -11"><span class='ocrx_word' id='word_1_557' title='bbox 1041 2385 1114 2439; x_wconf 90' lang='lat' dir='ltr'><strong>ltem</strong></span> <span class='ocrx_word' id='word_1_558' title='bbox 1147 2387 1261 2438; x_wconf 86' lang='lat' dir='ltr'><strong>sanctus</strong></span> <span class='ocrx_word' id='word_1_559' title='bbox 1287 2381 1432 2436; x_wconf 85' lang='lat' dir='ltr'><strong>Hilarius:</strong></span> <span class='ocrx_word' id='word_1_560' title='bbox 1459 2381 1535 2448; x_wconf 77' lang='lat' dir='ltr'><strong>Quod</strong></span> <span class='ocrx_word' id='word_1_561' title='bbox 1558 2396 1642 2435; x_wconf 83' lang='lat' dir='ltr'><strong>unum</strong></span> <span class='ocrx_word' id='word_1_562' title='bbox 1666 2381 1705 2434; x_wconf 83' lang='lat' dir='ltr'><strong>stt</strong></span> <span class='ocrx_word' id='word_1_563' title='bbox 1736 2379 1854 2449; x_wconf 85' lang='lat' dir='ltr'><strong>Spiritui</strong></span> 
     </span>
     <span class='ocr_line' id='line_1_82' title="bbox 1005 2469 1853 2540; baseline -0.009 -14"><span class='ocrx_word' id='word_1_564' title='bbox 1005 2477 1099 2527; x_wconf 84' lang='lat' dir='ltr'><strong>sancta</strong></span> <span class='ocrx_word' id='word_1_565' title='bbox 1128 2489 1145 2526; x_wconf 91' lang='lat' dir='ltr'><strong>a</strong></span> <span class='ocrx_word' id='word_1_566' title='bbox 1169 2474 1251 2528; x_wconf 88' lang='lat' dir='ltr'><strong>Patre</strong></span> <span class='ocrx_word' id='word_1_567' title='bbox 1273 2471 1424 2540; x_wconf 80' lang='lat' dir='ltr'><strong>procedere,</strong></span> <span class='ocrx_word' id='word_1_568' title='bbox 1451 2474 1476 2524; x_wconf 87' lang='lat' dir='ltr'><strong>et</strong></span> <span class='ocrx_word' id='word_1_569' title='bbox 1504 2486 1522 2524; x_wconf 90' lang='lat' dir='ltr'><strong>a</strong></span> <span class='ocrx_word' id='word_1_570' title='bbox 1547 2470 1615 2525; x_wconf 85' lang='lat' dir='ltr'><strong>Filia</strong></span> <span class='ocrx_word' id='word_1_571' title='bbox 1643 2471 1767 2540; x_wconf 81' lang='lat' dir='ltr'><strong>accipere</strong></span> <span class='ocrx_word' id='word_1_572' title='bbox 1799 2469 1853 2520; x_wconf 78' lang='lat' dir='ltr'><strong>siue</strong></span> 
     </span>
     <span class='ocr_line' id='line_1_83' title="bbox 1005 2555 1851 2631; baseline -0.007 -17"><span class='ocrx_word' id='word_1_573' title='bbox 1005 2561 1135 2631; x_wconf 82' lang='lat' dir='ltr'><strong>rnitti3in</strong></span> <span class='ocrx_word' id='word_1_574' title='bbox 1150 2560 1225 2615; x_wconf 91' lang='lat' dir='ltr'><strong>libro</strong></span> <span class='ocrx_word' id='word_1_575' title='bbox 1246 2576 1295 2614; x_wconf 88' lang='lat' dir='ltr'><strong>vm</strong></span> <span class='ocrx_word' id='word_1_576' title='bbox 1321 2560 1355 2613; x_wconf 90' lang='lat' dir='ltr'><strong>de</strong></span> <span class='ocrx_word' id='word_1_577' title='bbox 1384 2563 1480 2613; x_wconf 88' lang='lat' dir='ltr'><strong>sancta</strong></span> <span class='ocrx_word' id='word_1_578' title='bbox 1504 2558 1653 2623; x_wconf 87' lang='lat' dir='ltr'><strong>Trinitate‚</strong></span> <span class='ocrx_word' id='word_1_579' title='bbox 1680 2555 1721 2610; x_wconf 86' lang='lat' dir='ltr'><strong>ita</strong></span> <span class='ocrx_word' id='word_1_580' title='bbox 1745 2556 1851 2610; x_wconf 84' lang='lat' dir='ltr'><strong>relsrt:</strong></span> 
     </span>
     <span class='ocr_line' id='line_1_84' title="bbox 1008 2643 1851 2715; baseline -0.005 -15"><span class='ocrx_word' id='word_1_581' title='bbox 1008 2650 1103 2705; x_wconf 71' lang='lat' dir='ltr'><strong>«Cum</strong></span> <span class='ocrx_word' id='word_1_582' title='bbox 1126 2651 1229 2704; x_wconf 70' lang='lat' dir='ltr'><strong>vatent</strong></span> <span class='ocrx_word' id='word_1_583' title='bbox 1252 2647 1400 2701; x_wconf 82' lang='lat' dir='ltr'><strong>advocatus</strong></span> <span class='ocrx_word' id='word_1_584' title='bbox 1419 2647 1475 2712; x_wconf 87' lang='lat' dir='ltr'><strong>itte,</strong></span> <span class='ocrx_word' id='word_1_585' title='bbox 1491 2661 1569 2715; x_wconf 85' lang='lat' dir='ltr'><strong>qrrem</strong></span> <span class='ocrx_word' id='word_1_586' title='bbox 1589 2660 1636 2712; x_wconf 83' lang='lat' dir='ltr'><strong>epo</strong></span> <span class='ocrx_word' id='word_1_587' title='bbox 1650 2647 1760 2698; x_wconf 84' lang='lat' dir='ltr'><strong>mittam</strong></span> <span class='ocrx_word' id='word_1_588' title='bbox 1778 2643 1851 2708; x_wconf 76' lang='lat' dir='ltr'><strong>uotis</strong></span> 
     </span>
     <span class='ocr_line' id='line_1_85' title="bbox 1007 2731 1852 2806; baseline -0.011 -14"><span class='ocrx_word' id='word_1_589' title='bbox 1007 2738 1120 2792; x_wconf 87' lang='lat' dir='ltr'><strong>aPatre</strong></span> <span class='ocrx_word' id='word_1_590' title='bbox 1132 2738 1268 2806; x_wconf 86' lang='lat' dir='ltr'><strong>Spiritum</strong></span> <span class='ocrx_word' id='word_1_591' title='bbox 1281 2737 1415 2800; x_wconf 74' lang='lat' dir='ltr'><strong>ueritatis,</strong></span> <span class='ocrx_word' id='word_1_592' title='bbox 1441 2736 1490 2804; x_wconf 88' lang='lat' dir='ltr'><strong>qui</strong></span> <span class='ocrx_word' id='word_1_593' title='bbox 1508 2735 1616 2788; x_wconf 87' lang='lat' dir='ltr'><strong>aPatre</strong></span> <span class='ocrx_word' id='word_1_594' title='bbox 1639 2748 1696 2787; x_wconf 85' lang='lat' dir='ltr'><strong>meo</strong></span> <span class='ocrx_word' id='word_1_595' title='bbox 1719 2731 1852 2801; x_wconf 80' lang='lat' dir='ltr'><strong>procedit,</strong></span> 
     </span>
     <span class='ocr_line' id='line_1_86' title="bbox 1007 2820 1854 2898; baseline -0.013 -16"><span class='ocrx_word' id='word_1_596' title='bbox 1007 2829 1066 2898; x_wconf 84' lang='lat' dir='ltr'><strong>ipse</strong></span> <span class='ocrx_word' id='word_1_597' title='bbox 1098 2824 1287 2892; x_wconf 69' lang='lat' dir='ltr'><strong>testificabitur</strong></span> <span class='ocrx_word' id='word_1_598' title='bbox 1306 2824 1339 2878; x_wconf 85' lang='lat' dir='ltr'><strong>de</strong></span> <span class='ocrx_word' id='word_1_599' title='bbox 1365 2839 1406 2878; x_wconf 85' lang='lat' dir='ltr'><strong>me</strong></span> <span class='ocrx_word' id='word_1_600' title='bbox 1430 2824 1519 2891; x_wconf 84' lang='lat' dir='ltr'><strong>(ioan.</strong></span> <span class='ocrx_word' id='word_1_601' title='bbox 1550 2839 1595 2884; x_wconf 84' lang='lat' dir='ltr'><strong>xv,</strong></span> <span class='ocrx_word' id='word_1_602' title='bbox 1623 2821 1679 2892; x_wconf 76' lang='grc' dir='ltr'>ιθ).</span> <span class='ocrx_word' id='word_1_603' title='bbox 1697 2820 1854 2876; x_wconf 85' lang='lat' dir='ltr'><strong>ltdrocatus</strong></span> 
     </span>
     <span class='ocr_line' id='line_1_87' title="bbox 1008 2908 1854 2983; baseline -0.012 -14"><span class='ocrx_word' id='word_1_604' title='bbox 1008 2914 1112 2983; x_wconf 85' lang='lat' dir='ltr'><strong>veniet,</strong></span> <span class='ocrx_word' id='word_1_605' title='bbox 1128 2920 1157 2968; x_wconf 91' lang='lat' dir='ltr'><strong>et</strong></span> <span class='ocrx_word' id='word_1_606' title='bbox 1186 2915 1262 2967; x_wconf 88' lang='lat' dir='ltr'><strong>hune</strong></span> <span class='ocrx_word' id='word_1_607' title='bbox 1281 2912 1376 2967; x_wconf 89' lang='lat' dir='ltr'><strong>mittet</strong></span> <span class='ocrx_word' id='word_1_608' title='bbox 1389 2911 1507 2966; x_wconf 79' lang='lat' dir='ltr'><strong>Piliuse</strong></span> <span class='ocrx_word' id='word_1_609' title='bbox 1537 2911 1629 2976; x_wconf 89' lang='lat' dir='ltr'><strong>Patre,</strong></span> <span class='ocrx_word' id='word_1_610' title='bbox 1653 2908 1779 2979; x_wconf 91' lang='lat' dir='ltr'><strong>Spiritus</strong></span> <span class='ocrx_word' id='word_1_611' title='bbox 1804 2923 1854 2960; x_wconf 84' lang='lat' dir='ltr'><strong>re·</strong></span> 
     </span>
     <span class='ocr_line' id='line_1_88' title="bbox 1007 2995 1854 3073; baseline -0.011 -15"><span class='ocrx_word' id='word_1_612' title='bbox 1007 3005 1100 3059; x_wconf 87' lang='lat' dir='ltr'><strong>ritatis</strong></span> <span class='ocrx_word' id='word_1_613' title='bbox 1115 3003 1221 3073; x_wconf 87' lang='lat' dir='ltr'><strong>estqui</strong></span> <span class='ocrx_word' id='word_1_614' title='bbox 1242 3000 1405 3072; x_wconf 83' lang='lat' dir='ltr'><strong>procedite</strong></span> <span class='ocrx_word' id='word_1_615' title='bbox 1427 3001 1520 3067; x_wconf 87' lang='lat' dir='ltr'><strong>Patre,</strong></span> <span class='ocrx_word' id='word_1_616' title='bbox 1542 3003 1609 3065; x_wconf 79' lang='lat' dir='ltr'><strong>ete,</strong></span> <span class='ocrx_word' id='word_1_617' title='bbox 1634 3013 1720 3068; x_wconf 83' lang='lat' dir='ltr'><strong>nsque</strong></span> <span class='ocrx_word' id='word_1_618' title='bbox 1744 2996 1802 3050; x_wconf 87' lang='lat' dir='ltr'><strong>ad:</strong></span> <span class='ocrx_word' id='word_1_619' title='bbox 1827 2995 1854 3049; x_wconf 92' lang='lat' dir='ltr'><strong>id</strong></span> 
     </span>
     <span class='ocr_line' id='line_1_89' title="bbox 1010 3090 1498 3149; baseline -0.023 0"><span class='ocrx_word' id='word_1_620' title='bbox 1010 3093 1097 3149; x_wconf 82' lang='lat' dir='ltr'><strong>Filius</strong></span> <span class='ocrx_word' id='word_1_621' title='bbox 1116 3092 1241 3147; x_wconf 88' lang='lat' dir='ltr'><strong>dandum</strong></span> <span class='ocrx_word' id='word_1_622' title='bbox 1258 3106 1274 3144; x_wconf 89' lang='lat' dir='ltr'><strong>a</strong></span> <span class='ocrx_word' id='word_1_623' title='bbox 1293 3106 1322 3144; x_wconf 91' lang='lat' dir='ltr'><strong>se</strong></span> <span class='ocrx_word' id='word_1_624' title='bbox 1336 3090 1467 3143; x_wconf 85' lang='lat' dir='ltr'><strong>fateatur.</strong></span> <span class='ocrx_word' id='word_1_625' title='bbox 1487 3110 1498 3137; x_wconf 82' lang='grc' dir='ltr'><strong>ι</strong></span> 
     </span>
    </p>
   </div>
   <div class='ocr_carea' id='block_1_14' title="bbox 1007 3213 1857 3997">
    <p class='ocr_par' dir='ltr' id='par_1_15' title="bbox 1345 3213 1518 3268">
     <span class='ocr_line' id='line_1_90' title="bbox 1345 3213 1518 3268; baseline -0.017 0"><span class='ocrx_word' id='word_1_626' title='bbox 1345 3214 1410 3268; x_wconf 83' lang='lat' dir='ltr'><strong>Car.</strong></span> <span class='ocrx_word' id='word_1_627' title='bbox 1430 3213 1518 3268; x_wconf 81' lang='lat' dir='ltr'><strong>xxix.</strong></span> 
     </span>
    </p>

    <p class='ocr_par' dir='ltr' id='par_1_16' title="bbox 1007 3316 1857 3997">
     <span class='ocr_line' id='line_1_91' title="bbox 1044 3316 1855 3393; baseline -0.014 -13"><span class='ocrx_word' id='word_1_628' title='bbox 1044 3325 1235 3393; x_wconf 78' lang='lat' dir='ltr'><strong>Hieronymus</strong></span> <span class='ocrx_word' id='word_1_629' title='bbox 1261 3321 1291 3375; x_wconf 89' lang='lat' dir='ltr'><strong>in</strong></span> <span class='ocrx_word' id='word_1_630' title='bbox 1321 3319 1393 3375; x_wconf 90' lang='lat' dir='ltr'><strong>libro</strong></span> <span class='ocrx_word' id='word_1_631' title='bbox 1418 3318 1530 3389; x_wconf 82' lang='lat' dir='ltr'><strong>Didymi</strong></span> <span class='ocrx_word' id='word_1_632' title='bbox 1555 3319 1614 3388; x_wconf 82' lang='lat' dir='ltr'><strong>(aa.</strong></span> <span class='ocrx_word' id='word_1_633' title='bbox 1639 3317 1680 3387; x_wconf 86' lang='lat' dir='ltr'><strong>u),</strong></span> <span class='ocrx_word' id='word_1_634' title='bbox 1706 3332 1795 3388; x_wconf 87' lang='lat' dir='ltr'><strong>quem</strong></span> <span class='ocrx_word' id='word_1_635' title='bbox 1822 3316 1855 3369; x_wconf 90' lang='lat' dir='ltr'><strong>da</strong></span> 
     </span>
     <span class='ocr_line' id='line_1_92' title="bbox 1008 3407 1856 3476; baseline -0.013 -7"><span class='ocrx_word' id='word_1_636' title='bbox 1008 3415 1105 3470; x_wconf 83' lang='lat' dir='ltr'><strong>Graeco</strong></span> <span class='ocrx_word' id='word_1_637' title='bbox 1118 3413 1148 3466; x_wconf 91' lang='lat' dir='ltr'><strong>in</strong></span> <span class='ocrx_word' id='word_1_638' title='bbox 1163 3411 1295 3465; x_wconf 83' lang='lat' dir='ltr'><strong>Latinum</strong></span> <span class='ocrx_word' id='word_1_639' title='bbox 1311 3408 1457 3463; x_wconf 82' lang='lat' dir='ltr'><strong>transtulit</strong></span> <span class='ocrx_word' id='word_1_640' title='bbox 1476 3423 1483 3461; x_wconf 73' lang='grc' dir='ltr'>ε</span> <span class='ocrx_word' id='word_1_641' title='bbox 1504 3407 1581 3475; x_wconf 78' lang='lat' dir='ltr'><strong>Quod</strong></span> <span class='ocrx_word' id='word_1_642' title='bbox 1598 3407 1723 3476; x_wconf 80' lang='lat' dir='ltr'><strong>Spiritus</strong></span> <span class='ocrx_word' id='word_1_643' title='bbox 1748 3409 1856 3460; x_wconf 84' lang='lat' dir='ltr'><strong>sanctus</strong></span> 
     </span>
     <span class='ocr_line' id='line_1_93' title="bbox 1009 3492 1857 3568; baseline -0.013 -12"><span class='ocrx_word' id='word_1_644' title='bbox 1009 3518 1026 3556; x_wconf 92' lang='lat' dir='ltr'><strong>a</strong></span> <span class='ocrx_word' id='word_1_645' title='bbox 1040 3503 1122 3557; x_wconf 85' lang='lat' dir='ltr'><strong>Patra</strong></span> <span class='ocrx_word' id='word_1_646' title='bbox 1135 3499 1303 3568; x_wconf 66' lang='lat' dir='ltr'><strong>appretiantur,</strong></span> <span class='ocrx_word' id='word_1_647' title='bbox 1318 3502 1343 3550; x_wconf 86' lang='lat' dir='ltr'><strong>et</strong></span> <span class='ocrx_word' id='word_1_648' title='bbox 1364 3512 1382 3550; x_wconf 92' lang='lat' dir='ltr'><strong>a</strong></span> <span class='ocrx_word' id='word_1_649' title='bbox 1396 3497 1465 3550; x_wconf 82' lang='lat' dir='ltr'><strong>Filio</strong></span> <span class='ocrx_word' id='word_1_650' title='bbox 1479 3497 1617 3561; x_wconf 86' lang='lat' dir='ltr'><strong>mittatur,</strong></span> <span class='ocrx_word' id='word_1_651' title='bbox 1631 3510 1686 3549; x_wconf 91' lang='lat' dir='ltr'><strong>non</strong></span> <span class='ocrx_word' id='word_1_652' title='bbox 1709 3492 1857 3548; x_wconf 76' lang='lat' dir='ltr'><strong>sermidam</strong></span> 
     </span>
     <span class='ocr_line' id='line_1_94' title="bbox 1007 3583 1854 3656; baseline -0.011 -13"><span class='ocrx_word' id='word_1_653' title='bbox 1007 3587 1174 3655; x_wconf 81' lang='lat' dir='ltr'><strong>anpetorum,</strong></span> <span class='ocrx_word' id='word_1_654' title='bbox 1199 3587 1393 3656; x_wconf 75' lang='lat' dir='ltr'><strong>prophetarum</strong></span> <span class='ocrx_word' id='word_1_655' title='bbox 1414 3591 1440 3638; x_wconf 87' lang='lat' dir='ltr'><strong>et</strong></span> <span class='ocrx_word' id='word_1_656' title='bbox 1455 3585 1637 3653; x_wconf 84' lang='lat' dir='ltr'><strong>apestolorum</strong></span> <span class='ocrx_word' id='word_1_657' title='bbox 1660 3583 1854 3647; x_wconf 83' lang='lat' dir='ltr'><strong>ministeriam,</strong></span> 
     </span>
     <span class='ocr_line' id='line_1_95' title="bbox 1007 3668 1855 3746; baseline -0.013 -14"><span class='ocrx_word' id='word_1_658' title='bbox 1007 3677 1055 3732; x_wconf 87' lang='lat' dir='ltr'><strong>sed</strong></span> <span class='ocrx_word' id='word_1_659' title='bbox 1069 3682 1100 3731; x_wconf 89' lang='lat' dir='ltr'><strong>ut</strong></span> <span class='ocrx_word' id='word_1_660' title='bbox 1118 3692 1135 3730; x_wconf 92' lang='lat' dir='ltr'><strong>a</strong></span> <span class='ocrx_word' id='word_1_661' title='bbox 1153 3678 1291 3746; x_wconf 84' lang='lat' dir='ltr'><strong>snpientia</strong></span> <span class='ocrx_word' id='word_1_662' title='bbox 1311 3676 1359 3730; x_wconf 83' lang='lat' dir='ltr'><strong>Dei</strong></span> <span class='ocrx_word' id='word_1_663' title='bbox 1381 3675 1515 3743; x_wconf 88' lang='lat' dir='ltr'><strong>Spiritum</strong></span> <span class='ocrx_word' id='word_1_664' title='bbox 1536 3673 1584 3726; x_wconf 83' lang='lat' dir='ltr'><strong>Dei</strong></span> <span class='ocrx_word' id='word_1_665' title='bbox 1602 3672 1677 3725; x_wconf 84' lang='lat' dir='ltr'><strong>mitti</strong></span> <span class='ocrx_word' id='word_1_666' title='bbox 1701 3671 1787 3737; x_wconf 72' lang='lat' dir='ltr'><strong>steret,</strong></span> <span class='ocrx_word' id='word_1_667' title='bbox 1817 3668 1855 3721; x_wconf 90' lang='lat' dir='ltr'><strong>sic</strong></span> 
     </span>
     <span class='ocr_line' id='line_1_96' title="bbox 1008 3757 1855 3836; baseline -0.012 -16"><span class='ocrx_word' id='word_1_668' title='bbox 1008 3766 1142 3832; x_wconf 63' lang='lat' dir='ltr'><strong>docetes</strong></span> <span class='ocrx_word' id='word_1_669' title='bbox 1158 3763 1379 3836; x_wconf 84' lang='lat' dir='ltr'><strong>quocontitetnr</strong></span> <span class='ocrx_word' id='word_1_670' title='bbox 1394 3765 1422 3816; x_wconf 89' lang='lat' dir='ltr'><strong>et</strong></span> <span class='ocrx_word' id='word_1_671' title='bbox 1448 3778 1464 3815; x_wconf 91' lang='lat' dir='ltr'><strong>a</strong></span> <span class='ocrx_word' id='word_1_672' title='bbox 1488 3761 1558 3815; x_wconf 83' lang='lat' dir='ltr'><strong>Pilia</strong></span> <span class='ocrx_word' id='word_1_673' title='bbox 1582 3760 1666 3813; x_wconf 90' lang='lat' dir='ltr'><strong>illum</strong></span> <span class='ocrx_word' id='word_1_674' title='bbox 1682 3757 1758 3812; x_wconf 90' lang='lat' dir='ltr'><strong>sicut</strong></span> <span class='ocrx_word' id='word_1_675' title='bbox 1785 3763 1815 3811; x_wconf 88' lang='lat' dir='ltr'><strong>et</strong></span> <span class='ocrx_word' id='word_1_676' title='bbox 1839 3774 1855 3810; x_wconf 87' lang='lat' dir='ltr'><strong>s</strong></span> 
     </span>
     <span class='ocr_line' id='line_1_97' title="bbox 1010 3843 1854 3922; baseline -0.013 -15"><span class='ocrx_word' id='word_1_677' title='bbox 1010 3855 1091 3908; x_wconf 91' lang='lat' dir='ltr'><strong>Patre</strong></span> <span class='ocrx_word' id='word_1_678' title='bbox 1107 3851 1272 3922; x_wconf 88' lang='lat' dir='ltr'><strong>procedere.</strong></span> <span class='ocrx_word' id='word_1_679' title='bbox 1291 3871 1304 3898; x_wconf 79' lang='grc' dir='ltr'><strong>ιι</strong></span> <span class='ocrx_word' id='word_1_680' title='bbox 1321 3850 1390 3903; x_wconf 85' lang='lat' dir='ltr'><strong>Cum</strong></span> <span class='ocrx_word' id='word_1_681' title='bbox 1406 3863 1476 3917; x_wconf 91' lang='lat' dir='ltr'><strong>ergo</strong></span> <span class='ocrx_word' id='word_1_682' title='bbox 1491 3845 1614 3917; x_wconf 86' lang='lat' dir='ltr'><strong>Spiritus</strong></span> <span class='ocrx_word' id='word_1_683' title='bbox 1637 3848 1755 3899; x_wconf 87' lang='lat' dir='ltr'><strong>sanetus</strong></span> <span class='ocrx_word' id='word_1_684' title='bbox 1777 3843 1854 3897; x_wconf 86' lang='lat' dir='ltr'><strong>simi·</strong></span> 
     </span>
     <span class='ocr_line' id='line_1_98' title="bbox 1008 3931 1853 3997; baseline -0.013 -1"><span class='ocrx_word' id='word_1_685' title='bbox 1008 3941 1074 3997; x_wconf 90' lang='lat' dir='ltr'><strong>liter</strong></span> <span class='ocrx_word' id='word_1_686' title='bbox 1090 3947 1121 3995; x_wconf 92' lang='lat' dir='ltr'><strong>ut</strong></span> <span class='ocrx_word' id='word_1_687' title='bbox 1135 3942 1217 3994; x_wconf 90' lang='lat' dir='ltr'><strong>Pater</strong></span> <span class='ocrx_word' id='word_1_688' title='bbox 1231 3944 1260 3993; x_wconf 88' lang='lat' dir='ltr'><strong>et</strong></span> <span class='ocrx_word' id='word_1_689' title='bbox 1276 3938 1362 3993; x_wconf 82' lang='lat' dir='ltr'><strong>Filius</strong></span> <span class='ocrx_word' id='word_1_690' title='bbox 1377 3942 1504 3990; x_wconf 90' lang='lat' dir='ltr'><strong>mentem</strong></span> <span class='ocrx_word' id='word_1_691' title='bbox 1528 3940 1558 3988; x_wconf 87' lang='lat' dir='ltr'><strong>et</strong></span> <span class='ocrx_word' id='word_1_692' title='bbox 1570 3933 1743 3988; x_wconf 88' lang='lat' dir='ltr'><strong>interiorem</strong></span> <span class='ocrx_word' id='word_1_693' title='bbox 1759 3931 1853 3987; x_wconf 90' lang='lat' dir='ltr'><strong>borni·</strong></span> 
     </span>
    </p>
   </div>
   <div class='ocr_carea' id='block_1_15' title="bbox 1008 4021 1852 4094">
    <p class='ocr_par' dir='ltr' id='par_1_17' title="bbox 1008 4021 1852 4094">
     <span class='ocr_line' id='line_1_99' title="bbox 1008 4021 1852 4094; baseline -0.015 -8"><span class='ocrx_word' id='word_1_694' title='bbox 1008 4047 1075 4086; x_wconf 90' lang='lat' dir='ltr'><strong>nem</strong></span> <span class='ocrx_word' id='word_1_695' title='bbox 1089 4028 1219 4085; x_wconf 88' lang='lat' dir='ltr'><strong>habitare</strong></span> <span class='ocrx_word' id='word_1_696' title='bbox 1232 4028 1377 4094; x_wconf 86' lang='lat' dir='ltr'><strong>doceatur,</strong></span> <span class='ocrx_word' id='word_1_697' title='bbox 1394 4041 1452 4080; x_wconf 90' lang='lat' dir='ltr'><strong>non</strong></span> <span class='ocrx_word' id='word_1_698' title='bbox 1470 4024 1563 4079; x_wconf 88' lang='lat' dir='ltr'><strong>dicam</strong></span> <span class='ocrx_word' id='word_1_699' title='bbox 1578 4023 1722 4092; x_wconf 88' lang='lat' dir='ltr'><strong>ineptum,</strong></span> <span class='ocrx_word' id='word_1_700' title='bbox 1740 4021 1788 4075; x_wconf 90' lang='lat' dir='ltr'><strong>sed</strong></span> <span class='ocrx_word' id='word_1_701' title='bbox 1799 4025 1852 4075; x_wconf 91' lang='lat' dir='ltr'><strong>im-</strong></span> 
     </span>
    </p>
   </div>
   <div class='ocr_carea' id='block_1_16' title="bbox 1011 4108 1849 4269">
    <p class='ocr_par' dir='ltr' id='par_1_18' title="bbox 1011 4108 1849 4269">
     <span class='ocr_line' id='line_1_100' title="bbox 1013 4108 1849 4192; baseline -0.014 -19"><span class='ocrx_word' id='word_1_702' title='bbox 1013 4119 1090 4192; x_wconf 87' lang='lat' dir='ltr'><strong>pium</strong></span> <span class='ocrx_word' id='word_1_703' title='bbox 1104 4123 1147 4172; x_wconf 87' lang='lat' dir='ltr'><strong>ost</strong></span> <span class='ocrx_word' id='word_1_704' title='bbox 1166 4132 1232 4171; x_wconf 89' lang='lat' dir='ltr'><strong>eum</strong></span> <span class='ocrx_word' id='word_1_705' title='bbox 1248 4115 1343 4170; x_wconf 87' lang='lat' dir='ltr'><strong>dicere</strong></span> <span class='ocrx_word' id='word_1_706' title='bbox 1364 4119 1534 4168; x_wconf 87' lang='lat' dir='ltr'><strong>creaturam.</strong></span> <span class='ocrx_word' id='word_1_707' title='bbox 1553 4111 1723 4182; x_wconf 73' lang='lat' dir='ltr'><strong>disciplinas</strong></span> <span class='ocrx_word' id='word_1_708' title='bbox 1738 4108 1849 4181; x_wconf 88' lang='lat' dir='ltr'><strong>qnippe,</strong></span> 
     </span>
     <span class='ocr_line' id='line_1_101' title="bbox 1011 4196 1847 4269; baseline -0.012 -10"><span class='ocrx_word' id='word_1_709' title='bbox 1011 4205 1202 4261; x_wconf 87' lang='lat' dir='ltr'><strong>virtutesdico</strong></span> <span class='ocrx_word' id='word_1_710' title='bbox 1223 4208 1251 4257; x_wconf 88' lang='lat' dir='ltr'><strong>et</strong></span> <span class='ocrx_word' id='word_1_711' title='bbox 1273 4206 1358 4267; x_wconf 88' lang='lat' dir='ltr'><strong>artes,</strong></span> <span class='ocrx_word' id='word_1_712' title='bbox 1375 4205 1402 4254; x_wconf 87' lang='lat' dir='ltr'><strong>et</strong></span> <span class='ocrx_word' id='word_1_713' title='bbox 1423 4200 1466 4254; x_wconf 90' lang='lat' dir='ltr'><strong>his</strong></span> <span class='ocrx_word' id='word_1_714' title='bbox 1487 4198 1643 4254; x_wconf 87' lang='lat' dir='ltr'><strong>contrarias</strong></span> <span class='ocrx_word' id='word_1_715' title='bbox 1663 4196 1847 4269; x_wconf 89' lang='lat' dir='ltr'><strong>perturbatio-</strong></span> 
     </span>
    </p>
   </div>
   <div class='ocr_carea' id='block_1_17' title="bbox 1009 4285 1894 5337">
    <p class='ocr_par' dir='ltr' id='par_1_19' title="bbox 1009 4285 1894 5337">
     <span class='ocr_line' id='line_1_102' title="bbox 1013 4285 1847 4364; baseline -0.017 -15"><span class='ocrx_word' id='word_1_716' title='bbox 1013 4299 1111 4361; x_wconf 89' lang='lat' dir='ltr'><strong>nes,et</strong></span> <span class='ocrx_word' id='word_1_717' title='bbox 1125 4292 1283 4364; x_wconf 89' lang='lat' dir='ltr'><strong>imperitias</strong></span> <span class='ocrx_word' id='word_1_718' title='bbox 1307 4296 1334 4345; x_wconf 90' lang='lat' dir='ltr'><strong>et</strong></span> <span class='ocrx_word' id='word_1_719' title='bbox 1357 4289 1473 4344; x_wconf 84' lang='lat' dir='ltr'><strong>allectus</strong></span> <span class='ocrx_word' id='word_1_720' title='bbox 1501 4287 1531 4342; x_wconf 92' lang='lat' dir='ltr'><strong>in</strong></span> <span class='ocrx_word' id='word_1_721' title='bbox 1559 4285 1713 4342; x_wconf 88' lang='lat' dir='ltr'><strong>animabus</strong></span> <span class='ocrx_word' id='word_1_722' title='bbox 1730 4285 1847 4340; x_wconf 82' lang='lat' dir='ltr'><strong>habitare</strong></span> 
     </span>
     <span class='ocr_line' id='line_1_103' title="bbox 1011 4374 1843 4455; baseline -0.014 -17"><span class='ocrx_word' id='word_1_723' title='bbox 1011 4382 1146 4455; x_wconf 90' lang='lat' dir='ltr'><strong>possibile</strong></span> <span class='ocrx_word' id='word_1_724' title='bbox 1159 4386 1215 4447; x_wconf 90' lang='lat' dir='ltr'><strong>est;</strong></span> <span class='ocrx_word' id='word_1_725' title='bbox 1232 4395 1291 4435; x_wconf 90' lang='lat' dir='ltr'><strong>nan</strong></span> <span class='ocrx_word' id='word_1_726' title='bbox 1306 4384 1404 4433; x_wconf 85' lang='lat' dir='ltr'><strong>tamen</strong></span> <span class='ocrx_word' id='word_1_727' title='bbox 1421 4383 1453 4430; x_wconf 93' lang='grc' dir='ltr'><strong>ιιι</strong></span> <span class='ocrx_word' id='word_1_728' title='bbox 1469 4374 1652 4442; x_wconf 89' lang='lat' dir='ltr'><strong>substantias,</strong></span> <span class='ocrx_word' id='word_1_729' title='bbox 1675 4375 1725 4429; x_wconf 90' lang='lat' dir='ltr'><strong>sed</strong></span> <span class='ocrx_word' id='word_1_730' title='bbox 1755 4377 1785 4428; x_wconf 90' lang='lat' dir='ltr'><strong>ul</strong></span> <span class='ocrx_word' id='word_1_731' title='bbox 1808 4387 1843 4425; x_wconf 83' lang='lat' dir='ltr'><strong>aa·</strong></span> 
     </span>
     <span class='ocr_line' id='line_1_104' title="bbox 1009 4463 1894 4527; baseline -0.016 0"><span class='ocrx_word' id='word_1_732' title='bbox 1009 4474 1157 4527; x_wconf 83' lang='lat' dir='ltr'><strong>ridentes:</strong></span> <span class='ocrx_word' id='word_1_733' title='bbox 1178 4474 1302 4524; x_wconf 86' lang='lat' dir='ltr'><strong>creatam</strong></span> <span class='ocrx_word' id='word_1_734' title='bbox 1327 4482 1392 4521; x_wconf 85' lang='lat' dir='ltr'><strong>vero</strong></span> <span class='ocrx_word' id='word_1_735' title='bbox 1406 4470 1538 4519; x_wconf 89' lang='lat' dir='ltr'><strong>naturam</strong></span> <span class='ocrx_word' id='word_1_736' title='bbox 1568 4465 1598 4518; x_wconf 91' lang='lat' dir='ltr'><strong>iu</strong></span> <span class='ocrx_word' id='word_1_737' title='bbox 1613 4479 1699 4518; x_wconf 88' lang='lat' dir='ltr'><strong>sensu</strong></span> <span class='ocrx_word' id='word_1_738' title='bbox 1729 4463 1894 4526; x_wconf 52' lang='lat' dir='ltr'><strong>habitarQ</strong></span> 
     </span>
     <span class='ocr_line' id='line_1_105' title="bbox 1010 4552 1867 4633; baseline -0.018 -16"><span class='ocrx_word' id='word_1_739' title='bbox 1010 4560 1186 4633; x_wconf 88' lang='lat' dir='ltr'><strong>impassibile</strong></span> <span class='ocrx_word' id='word_1_740' title='bbox 1201 4563 1252 4613; x_wconf 84' lang='lat' dir='ltr'><strong>est.</strong></span> <span class='ocrx_word' id='word_1_741' title='bbox 1269 4556 1350 4623; x_wconf 87' lang='lat' dir='ltr'><strong>Quod</strong></span> <span class='ocrx_word' id='word_1_742' title='bbox 1365 4556 1389 4609; x_wconf 94' lang='lat' dir='ltr'><strong>si</strong></span> <span class='ocrx_word' id='word_1_743' title='bbox 1404 4571 1503 4609; x_wconf 82' lang='lat' dir='ltr'><strong>rerum</strong></span> <span class='ocrx_word' id='word_1_744' title='bbox 1525 4560 1580 4622; x_wconf 89' lang='lat' dir='ltr'><strong>est,</strong></span> <span class='ocrx_word' id='word_1_745' title='bbox 1598 4558 1628 4606; x_wconf 85' lang='lat' dir='ltr'><strong>et</strong></span> <span class='ocrx_word' id='word_1_746' title='bbox 1644 4552 1770 4624; x_wconf 86' lang='lat' dir='ltr'><strong>Spiritus</strong></span> <span class='ocrx_word' id='word_1_747' title='bbox 1790 4566 1867 4605; x_wconf 50' lang='lat' dir='ltr'><strong>sans</strong></span> 
     </span>
     <span class='ocr_line' id='line_1_106' title="bbox 1012 4641 1861 4720; baseline -0.013 -16"><span class='ocrx_word' id='word_1_748' title='bbox 1012 4655 1074 4704; x_wconf 82' lang='lat' dir='ltr'><strong>ctus</strong></span> <span class='ocrx_word' id='word_1_749' title='bbox 1088 4650 1196 4720; x_wconf 87' lang='lat' dir='ltr'><strong>absque</strong></span> <span class='ocrx_word' id='word_1_750' title='bbox 1212 4647 1269 4700; x_wconf 91' lang='lat' dir='ltr'><strong>ulla</strong></span> <span class='ocrx_word' id='word_1_751' title='bbox 1282 4644 1471 4715; x_wconf 89' lang='lat' dir='ltr'><strong>ambiguitate</strong></span> <span class='ocrx_word' id='word_1_752' title='bbox 1498 4641 1666 4710; x_wconf 86' lang='lat' dir='ltr'><strong>subsistens,</strong></span> <span class='ocrx_word' id='word_1_753' title='bbox 1687 4641 1791 4695; x_wconf 82' lang='lat' dir='ltr'><strong>animae</strong></span> <span class='ocrx_word' id='word_1_754' title='bbox 1809 4648 1861 4700; x_wconf 65' lang='lat' dir='ltr'><strong>est</strong></span> 
     </span>
     <span class='ocr_line' id='line_1_107' title="bbox 1012 4729 1852 4801; baseline -0.012 -8"><span class='ocrx_word' id='word_1_755' title='bbox 1012 4738 1154 4794; x_wconf 87' lang='lat' dir='ltr'><strong>habitator</strong></span> <span class='ocrx_word' id='word_1_756' title='bbox 1169 4741 1198 4790; x_wconf 90' lang='lat' dir='ltr'><strong>et</strong></span> <span class='ocrx_word' id='word_1_757' title='bbox 1213 4734 1317 4798; x_wconf 89' lang='lat' dir='ltr'><strong>cordis,</strong></span> <span class='ocrx_word' id='word_1_758' title='bbox 1327 4733 1401 4788; x_wconf 90' lang='lat' dir='ltr'><strong>nulli</strong></span> <span class='ocrx_word' id='word_1_759' title='bbox 1415 4731 1534 4787; x_wconf 90' lang='lat' dir='ltr'><strong>dubium</strong></span> <span class='ocrx_word' id='word_1_760' title='bbox 1551 4734 1592 4785; x_wconf 90' lang='lat' dir='ltr'><strong>est</strong></span> <span class='ocrx_word' id='word_1_761' title='bbox 1608 4729 1759 4801; x_wconf 85' lang='lat' dir='ltr'><strong>quiricum</strong></span> <span class='ocrx_word' id='word_1_762' title='bbox 1774 4731 1852 4784; x_wconf 85' lang='lat' dir='ltr'><strong>Patre</strong></span> 
     </span>
     <span class='ocr_line' id='line_1_108' title="bbox 1012 4816 1849 4889; baseline -0.017 -7"><span class='ocrx_word' id='word_1_763' title='bbox 1012 4831 1041 4882; x_wconf 90' lang='lat' dir='ltr'><strong>et</strong></span> <span class='ocrx_word' id='word_1_764' title='bbox 1063 4827 1133 4883; x_wconf 83' lang='lat' dir='ltr'><strong>Filio</strong></span> <span class='ocrx_word' id='word_1_765' title='bbox 1153 4825 1230 4879; x_wconf 87' lang='lat' dir='ltr'><strong>credi</strong></span> <span class='ocrx_word' id='word_1_766' title='bbox 1250 4823 1353 4878; x_wconf 87' lang='lat' dir='ltr'><strong>debeat</strong></span> <span class='ocrx_word' id='word_1_767' title='bbox 1376 4823 1532 4877; x_wconf 89' lang='lat' dir='ltr'><strong>increatus.</strong></span> <span class='ocrx_word' id='word_1_768' title='bbox 1556 4820 1596 4873; x_wconf 83' lang='lat' dir='ltr'><strong>Ex</strong></span> <span class='ocrx_word' id='word_1_769' title='bbox 1613 4818 1748 4873; x_wconf 90' lang='lat' dir='ltr'><strong>omuibus</strong></span> <span class='ocrx_word' id='word_1_770' title='bbox 1770 4816 1849 4889; x_wconf 86' lang='lat' dir='ltr'><strong>igitur</strong></span> 
     </span>
     <span class='ocr_line' id='line_1_109' title="bbox 1013 4907 1852 4988; baseline -0.02 -17"><span class='ocrx_word' id='word_1_771' title='bbox 1013 4933 1077 4988; x_wconf 87' lang='lat' dir='ltr'><strong>quae</strong></span> <span class='ocrx_word' id='word_1_772' title='bbox 1101 4914 1265 4986; x_wconf 76' lang='lat' dir='ltr'><strong>praecedens</strong></span> <span class='ocrx_word' id='word_1_773' title='bbox 1280 4927 1375 4967; x_wconf 89' lang='lat' dir='ltr'><strong>sermo</strong></span> <span class='ocrx_word' id='word_1_774' title='bbox 1407 4909 1551 4975; x_wconf 92' lang='lat' dir='ltr'><strong>disseruit,</strong></span> <span class='ocrx_word' id='word_1_775' title='bbox 1575 4907 1805 4978; x_wconf 88' lang='lat' dir='ltr'><strong>incorruptibilis</strong></span> <span class='ocrx_word' id='word_1_776' title='bbox 1834 4908 1852 4954; x_wconf 89' lang='grc' dir='ltr'><strong>ιι</strong></span> 
     </span>
     <span class='ocr_line' id='line_1_110' title="bbox 1012 4992 1854 5074; baseline -0.014 -14"><span class='ocrx_word' id='word_1_777' title='bbox 1012 5005 1204 5074; x_wconf 89' lang='lat' dir='ltr'><strong>sempiternus</strong></span> <span class='ocrx_word' id='word_1_778' title='bbox 1228 5002 1385 5056; x_wconf 90' lang='lat' dir='ltr'><strong>secundum</strong></span> <span class='ocrx_word' id='word_1_779' title='bbox 1411 5003 1542 5054; x_wconf 89' lang='lat' dir='ltr'><strong>naturam</strong></span> <span class='ocrx_word' id='word_1_780' title='bbox 1567 4995 1658 5050; x_wconf 90' lang='lat' dir='ltr'><strong>Patris</strong></span> <span class='ocrx_word' id='word_1_781' title='bbox 1672 5001 1701 5050; x_wconf 86' lang='grc' dir='ltr'><strong>ει</strong></span> <span class='ocrx_word' id='word_1_782' title='bbox 1729 4994 1791 5050; x_wconf 79' lang='lat' dir='ltr'><strong>Filii</strong></span> <span class='ocrx_word' id='word_1_783' title='bbox 1811 4992 1854 5054; x_wconf 70' lang='grc' dir='ltr'><strong>,ιι</strong></span> 
     </span>
     <span class='ocr_line' id='line_1_111' title="bbox 1014 5083 1854 5167; baseline -0.023 -17"><span class='ocrx_word' id='word_1_784' title='bbox 1014 5094 1135 5165; x_wconf 89' lang='lat' dir='ltr'><strong>Spiritus</strong></span> <span class='ocrx_word' id='word_1_785' title='bbox 1150 5097 1263 5167; x_wconf 78' lang='lat' dir='ltr'><strong>sanctus</strong></span> <span class='ocrx_word' id='word_1_786' title='bbox 1289 5090 1499 5145; x_wconf 85' lang='lat' dir='ltr'><strong>demonstratus</strong></span> <span class='ocrx_word' id='word_1_787' title='bbox 1522 5086 1687 5140; x_wconf 82' lang='lat' dir='ltr'><strong>universam</strong></span> <span class='ocrx_word' id='word_1_788' title='bbox 1703 5083 1738 5139; x_wconf 90' lang='lat' dir='ltr'><strong>de</strong></span> <span class='ocrx_word' id='word_1_789' title='bbox 1757 5099 1786 5137; x_wconf 86' lang='lat' dir='ltr'><strong>ss</strong></span> <span class='ocrx_word' id='word_1_790' title='bbox 1804 5089 1854 5131; x_wconf 75' lang='lat' dir='ltr'><strong>aa·</strong></span> 
     </span>
     <span class='ocr_line' id='line_1_112' title="bbox 1012 5174 1854 5253; baseline -0.018 -15"><span class='ocrx_word' id='word_1_791' title='bbox 1012 5183 1181 5253; x_wconf 87' lang='lat' dir='ltr'><strong>bignilatem</strong></span> <span class='ocrx_word' id='word_1_792' title='bbox 1197 5185 1225 5234; x_wconf 87' lang='lat' dir='ltr'><strong>et</strong></span> <span class='ocrx_word' id='word_1_793' title='bbox 1241 5178 1434 5248; x_wconf 88' lang='lat' dir='ltr'><strong>suspicionem</strong></span> <span class='ocrx_word' id='word_1_794' title='bbox 1452 5174 1579 5240; x_wconf 89' lang='lat' dir='ltr'><strong>abstulit,</strong></span> <span class='ocrx_word' id='word_1_795' title='bbox 1596 5189 1632 5227; x_wconf 89' lang='lat' dir='ltr'><strong>ne</strong></span> <span class='ocrx_word' id='word_1_796' title='bbox 1652 5188 1760 5227; x_wconf 87' lang='lat' dir='ltr'><strong>unuse</strong></span> <span class='ocrx_word' id='word_1_797' title='bbox 1780 5177 1854 5225; x_wconf 64' lang='lat' dir='ltr'><strong>eret·</strong></span> 
     </span>
     <span class='ocr_line' id='line_1_113' title="bbox 1013 5253 1850 5337; baseline -0.017 -11"><span class='ocrx_word' id='word_1_798' title='bbox 1013 5272 1048 5326; x_wconf 91' lang='lat' dir='ltr'><strong>tis</strong></span> <span class='ocrx_word' id='word_1_799' title='bbox 1063 5268 1230 5325; x_wconf 89' lang='lat' dir='ltr'><strong>substantiis</strong></span> <span class='ocrx_word' id='word_1_800' title='bbox 1264 5266 1423 5322; x_wconf 74' lang='lat' dir='ltr'><strong>aestimetur</strong></span> <span class='ocrx_word' id='word_1_801' title='bbox 1448 5265 1499 5337; x_wconf 90' lang='lat' dir='ltr'><strong>qui</strong></span> <span class='ocrx_word' id='word_1_802' title='bbox 1526 5262 1648 5334; x_wconf 89' lang='lat' dir='ltr'><strong>Spiritus</strong></span> <span class='ocrx_word' id='word_1_803' title='bbox 1676 5261 1729 5316; x_wconf 88' lang='lat' dir='ltr'><strong>Dei</strong></span> <span class='ocrx_word' id='word_1_804' title='bbox 1753 5259 1799 5325; x_wconf 90' lang='lat' dir='ltr'><strong>sit,</strong></span> <span class='ocrx_word' id='word_1_805' title='bbox 1831 5253 1850 5302; x_wconf 70' lang='grc' dir='ltr'><strong>ιι</strong></span> 
     </span>
    </p>
   </div>
   <div class='ocr_carea' id='block_1_18' title="bbox 112 5439 1844 5586">
    <p class='ocr_par' dir='ltr' id='par_1_20' title="bbox 112 5439 1844 5586">
     <span class='ocr_line' id='line_1_114' title="bbox 112 5439 1844 5586; baseline -0.01 -73"><span class='ocrx_word' id='word_1_806' title='bbox 112 5467 160 5586; x_wconf 66' lang='lat' dir='ltr'><strong>d·</strong></span> <span class='ocrx_word' id='word_1_807' title='bbox 174 5457 302 5580; x_wconf 55' lang='lat' dir='ltr'><strong>Ardjwm</strong></span> <span class='ocrx_word' id='word_1_808' title='bbox 321 5472 402 5512; x_wconf 89' lang='lat' dir='ltr'><strong>nuuc.</strong></span> <span class='ocrx_word' id='word_1_809' title='bbox 418 5456 563 5529; x_wconf 87' lang='lat' dir='ltr'><strong>Quidquid</strong></span> <span class='ocrx_word' id='word_1_810' title='bbox 588 5455 618 5512; x_wconf 92' lang='lat' dir='ltr'><strong>in</strong></span> <span class='ocrx_word' id='word_1_811' title='bbox 644 5457 698 5514; x_wconf 90' lang='lat' dir='ltr'><strong>hoc</strong></span> <span class='ocrx_word' id='word_1_812' title='bbox 717 5457 842 5529; x_wconf 87' lang='lat' dir='ltr'><strong>capitulo</strong></span> <span class='ocrx_word' id='word_1_813' title='bbox 863 5455 976 5512; x_wconf 88' lang='lat' dir='ltr'><strong>uncinis</strong></span> <span class='ocrx_word' id='word_1_814' title='bbox 997 5453 1142 5510; x_wconf 88' lang='lat' dir='ltr'><strong>inclusum</strong></span> <span class='ocrx_word' id='word_1_815' title='bbox 1169 5455 1221 5517; x_wconf 85' lang='lat' dir='ltr'><strong>est,</strong></span> <span class='ocrx_word' id='word_1_816' title='bbox 1241 5451 1271 5506; x_wconf 90' lang='lat' dir='ltr'><strong>in</strong></span> <span class='ocrx_word' id='word_1_817' title='bbox 1286 5448 1428 5506; x_wconf 84' lang='lat' dir='ltr'><strong>veteribus</strong></span> <span class='ocrx_word' id='word_1_818' title='bbox 1448 5447 1538 5504; x_wconf 87' lang='lat' dir='ltr'><strong>sancti</strong></span> <span class='ocrx_word' id='word_1_819' title='bbox 1560 5445 1661 5503; x_wconf 84' lang='lat' dir='ltr'><strong>Hilarii</strong></span> <span class='ocrx_word' id='word_1_820' title='bbox 1686 5439 1844 5501; x_wconf 81' lang='lat' dir='ltr'><strong>sdiuonitu</strong></span> 
     </span>
     <span class='ocr_line' id='line_1_115' title="bbox 131 5543 219 5584; baseline 0.011 -5"><span class='ocrx_word' id='word_1_821' title='bbox 131 5543 197 5584; x_wconf 78' lang='lat' dir='ltr'><strong>cera</strong></span> <span class='ocrx_word' id='word_1_822' title='bbox 213 5567 219 5580; x_wconf 91' lang='lat'><strong>.</strong></span> 
     </span>
    </p>
   </div>
   <div class='ocr_carea' id='block_1_19' title="bbox 0 0 1982 6098">
    <p class='ocr_par' dir='ltr' id='par_1_21' title="bbox 0 0 1982 6098">
     <span class='ocr_line' id='line_1_116' title="bbox 0 0 1982 6098; baseline 0 0"><span class='ocrx_word' id='word_1_823' title='bbox 0 0 1982 6098; x_wconf 95' lang='lat' dir='ltr'><strong> </strong></span> 
     </span>
    </p>
   </div>
  </div>
 </body>
</html>
