3930 6098
157 295 208 351 alti

733 285 914 341 antunlllll
933 282 1160 341 consulensis
1180 281 1335 338 ilONbClll

1857 279 1908 330 ‘268

157 428 206 482 sed
219 426 288 482 olim
314 441 332 480 a
355 420 484 479 Patribus
499 419 741 487 commendatam,
765 427 794 474 et
815 437 867 490 per
885 420 1002 474 uuiver—
1022 419 1242 474 Achiaantibus
1257 419 1303 489 pie
1317 419 1385 473 salis
1399 423 1539 489 carneque
1556 416 1712 487 respondet
1735 415 1834 469 doelor
1854 414 1908 468 isle

157 532 222 570 sum
241 515 327 569 totius
353 509 485 564 Ecclesiae
511 525 615 580 corpus
645 509 825 575 vindicatam,
851 514 879 563 et
904 514 1004 563 contra

159 605 269 658 diversa
291 599 445 655 sentientes
469 602 679 669 expugnatam
703 598 873 652 ostendatur
897 599 1005 669 pariter

157 694 263 748 frustra
277 705 353 743 nunc
374 686 546 758 reprehendi
568 686 649 757 quasi
672 701 777 739 novum
802 687 907 756 dogma
930 702 1005 757 prae·

157 780 263 845 dicans,
284 793 350 832 cum
372 776 438 831 sita
461 775 606 846 prioribus
630 775 735 828 uostris
764 790 878 845 semper
900 776 1005 845 pradi-

203 883 265 920 um.

157 872 368 1015 cai³ascbasius,
391 950 527 1021 antiquus
551 949 688 1004 Romana
709 949 784 1004 sedis
812 955 840 1006 et
854 949 953 1004 doctor
978 953 1007 1003 et

156 1043 303 1107 diaconus,
332 1039 362 1093 in
387 1038 483 1093 libello
507 1054 593 1109 quem
622 1039 657 1092 de
678 1038 784 1109 Spiritu
819 1043 916 1093 sancto
938 1036 1005 1091 scri·

157 1131 222 1203 psit,
246 1129 358 1199 Didymi
376 1143 498 1198 sequens
522 1126 707 1181 Alexandrini
735 1128 863 1196 vestigia,
899 1127 938 1197 sie
961 1126 1005 1180 in·

157 1219 191 1275 ltt
210 1219 266 1288 (tib.
281 1234 299 1280 r,
317 1232 368 1286 cap
384 1216 409 1286 t)
426 1232 433 1269 :
451 1237 465 1264 a
487 1217 548 1270 Non
565 1215 699 1268 scruteris
717 1216 841 1285 qualiter
867 1216 940 1269 Deus
959 1214 1005 1281 sit,

157 1321 244 1378 quem
272 1306 362 1359 Deum
391 1318 452 1356 esse
477 1301 661 1356 manifestum
687 1307 738 1355 est.
766 1302 816 1356 llic
840 1302 912 1355 ratio
928 1302 1005 1367 latet,

1059 509 1224 570 catholicus,
1255 509 1353 562 dicens
1381 506 1520 577 Spiritum
1534 512 1664 560 sanetum
1692 502 1905 573 neegenitum,

1060 613 1112 652 nec
1127 598 1289 668 ingenitum
1306 596 1410 651 debere
1432 595 1497 659 dici,
1523 596 1601 665 quod
1625 597 1728 647 sanctie
1752 591 1909 661 Scripturse

1060 702 1118 740 uon
1143 687 1325 757 loquuntur:
1353 685 1456 738 debera
1482 699 1546 736 vero
1570 681 1699 753 proliteri
1726 679 1803 751 quod
1831 677 1910 732 alllr·

1060 780 1150 835 mant,
1167 774 1305 843 Spiritum
1322 772 1453 826 videlicet
1466 776 1597 825 sanctum
1613 768 1690 824 Patri
1703 769 1831 839 Filioque
1845 783 1912 820 con·

1061 861 1286 928 substantialem,
1305 866 1333 914 ct
1348 861 1383 914 de
1399 865 1523 929 utroque
1538 857 1753 929 procedentem.

1096 951 1128 1004 ln
1152 948 1358 1020 posterioribus
1382 946 1510 1018 loquitur
1525 946 1595 1016 (cap.
1619 946 1662 1011 lO)
1681 961 1687 999 :
1704 963 1718 995 a
1738 945 1771 998 lu
1794 941 1912 998 Actibus

1060 1039 1257 1108 apostolorum
1279 1039 1378 1091 Pelrus
1399 1037 1434 1090 de
1460 1035 1582 1090 Domino
1607 1035 1674 1089 Jesu
1695 1032 1805 1088 Christo
1829 1030 1911 1085 diffe-

1060 1143 1127 1181 rens
1150 1127 1189 1180 ita
1216 1126 1307 1181 dicit:
1334 1129 1450 1180 Dextera
1473 1123 1837 1193 igiturbei1eaoltalus,et
1859 1136 1912 1191 pro

1061 1218 1185 1270 missione
1210 1217 1331 1285 Spiritus
1346 1217 1435 1268 sancti
1446 1218 1554 1283 occepta
1572 1229 1589 1266 a
1618 1214 1699 1266 Patre
1715 1211 1814 1279 effudit
1839 1211 1912 1266 brine

1061 1320 1139 1376 quem
1153 1305 1250 1359 uidetis
1262 1308 1288 1357 et
1301 1303 1405 1358 creditis
1420 1303 1494 1362 (Act.
1512 1318 1541 1366 ιι,
1558 1301 1612 1370 33).
1630 1301 1661 1354 ln
1681 1301 1798 1354 dextera
1822 1299 1912 1353 Filius

157 1395 260 1449 veritas
277 1409 334 1447 non
350 1392 428 1446 latet.
444 1393 501 1446 Cur
520 1391 681 1461 interroges
695 1391 840 1461 quomodo
860 1391 896 1444 sit
915 1390 1008 1444 socius
1062 1394 1092 1448 in
1117 1395 1173 1448 Deo
1201 1395 1294 1459 Pater,
1317 1393 1345 1446 in
1372 1391 1498 1446 nominis
1518 1391 1561 1445 sui
1588 1390 1764 1461 proprietate
1789 1389 1912 1459 Spiritus

157 1489 187 1538 et
201 1483 319 1554 aqualis
330 1481 426 1551 Regis,
444 1497 529 1552 quem
548 1479 618 1550 regii
633 1485 744 1533 constat
760 1496 820 1532 esse
837 1486 866 1533 ot
889 1479 1007 1534 honoris
1061 1488 1175 1536 sanctus
1192 1482 1388 1551 designantur.
1409 1503 1423 1530 s
1440 1483 1498 1536 lloc
1523 1479 1690 1534 testimonio
1713 1475 1912 1548 comprobavit

159 1569 376 1641 etgeneris.l]x
396 1567 1006 1638 supcrlluodenomiueagitnrinquisiiio,
1062 1571 1198 1642 Spiritum
1227 1579 1355 1624 sanctum
1382 1588 1398 1623 a
1421 1569 1490 1623 Filio
1520 1569 1684 1640 procedere,
1709 1583 1795 1638 quem
1820 1567 1855 1620 ah
1878 1582 1912 1620 eo

157 1659 208 1715 ubi
223 1674 281 1714 uon
300 1659 343 1711 est
367 1656 402 1710 de
426 1656 602 1710 sublimitate
626 1654 807 1710 dubitatio.»
832 1658 889 1711 lloc
906 1655 1005 1710 adver·
1062 1648 1133 1715 dixit
1142 1659 1263 1714 effusum
1282 1675 1360 1713 :non
1379 1659 1456 1713 enim
1472 1659 1573 1713 eliudit
1584 1657 1638 1711 nisi
1655 1656 1731 1728 quod
1749 1656 1778 1710 in
1794 1672 1824 1710 se
1839 1671 1912 1709 oon-

158 1763 206 1803 sns
217 1746 349 1811 Arianos,
374 1744 424 1817 qui
448 1744 571 1814 Spiritus
597 1744 687 1798 sancti
712 1743 892 1799 divinitatem
919 1745 1007 1799 dene·
1026 1720 1047 1775 B
1063 1747 1182 1813 tinebat,
1200 1763 1257 1801 non
1274 1749 1352 1801 selnt
1366 1747 1396 1800 in
1411 1748 1473 1800 loco
1489 1746 1656 1800 conclusum
1674 1761 1680 1798 :
1697 1744 1747 1799 sed
1771 1750 1911 1814 tanquam

158 1834 275 1907 gabant,
307 1834 436 1887 nolentes
471 1831 600 1886 confiteri
631 1833 707 1886 Patri
734 1833 863 1904 Filioque
885 1833 1007 1889 oonsub·
1059 1837 1090 1892 in
1110 1853 1139 1891 se
1163 1835 1389 1890 substantialiter
1412 1840 1598 1889 manentem:
1622 1849 1674 1887 uec
1698 1833 1737 1885 sic
1757 1831 1858 1885 effudit
1882 1835 1915 1885 ut

157 1922 329 1989 stantialem,
343 1921 392 1975 sed
409 1927 568 1976 creaturam
584 1920 719 1976 dicebant
741 1921 811 1975 Filio
836 1922 1005 1993 subjectam,
1061 1924 1105 1979 sni
1125 1925 1322 1979 recitationem
1338 1924 1458 1989 laseret;
1484 1921 1727 1993 quemadmodum
1751 1936 1800 1974 aas
1820 1919 1912 1974 ellici·

157 2014 296 2081 tanquam
334 2008 488 2077 minorem,
523 2024 572 2063 ros
615 2010 756 2063 veraciter
780 2010 941 2075 confutans,
980 2013 1008 2065 et
1060 2019 1248 2068 turracunm
1274 2028 1340 2067 cum
1365 2011 1522 2067 effunditur
1553 2011 1631 2083 quod
1655 2009 1859 2063 continebatur
1883 2008 1914 2063 in

159 2100 250 2155 Deum
270 2114 369 2153 rerum
382 2114 443 2152 esse
463 2097 601 2169 praedicat
624 2103 653 2152 et
675 2098 777 2166 Patris,
804 2105 833 2153 et
853 2099 916 2154 Filii
936 2115 1007 2153 con·
1060 2102 1132 2157 illo:
1158 2107 1202 2157 est
1225 2118 1322 2156 rernm
1342 2101 1416 2155 istud
1436 2115 1638 2171 corporearum
1663 2115 1669 2152 :
1691 2103 1735 2152 est
1755 2097 1785 2151 ia
1809 2086 1915 2151 divinis

158 2186 386 2248 substantialem.
414 2186 488 2250 Quid
516 2186 603 2240 etiam
630 2186 665 2240 ds
689 2187 870 2256 processione
902 2187 1008 2240 sentiat
1060 2189 1222 2243 noaidsm.
1241 2188 1404 2246 Camenim
1422 2190 1465 2241 vel
1488 2186 1630 2242 Patervel
1660 2184 1747 2240 Filius
1771 2184 1912 2255 Spiritum

160 2275 308 2330 subdendo
330 2274 493 2329 maalleslat
513 2290 520 2328 :
543 2294 557 2322 «
576 2276 648 2344 Ergo
670 2275 739 2345 quia
753 2274 875 2344 Spiritus
895 2279 1008 2329 sanctus
1061 2277 1274 2344 affunditnon
1298 2293 1327 2330 se
1348 2281 1458 2342 vacuat,
1483 2276 1532 2329 sed
1559 2275 1602 2328 sui
1632 2273 1761 2328 muneris
1789 2274 1913 2341 gratiam

160 2378 193 2418 ex
209 2366 330 2433 utroque
353 2363 482 2433 procedit
495 2362 559 2417 ideo
578 2363 646 2417 dicit
664 2378 671 2415 :
690 2365 742 2432 Qui
765 2369 855 2417 antem
874 2365 1008 2433 Spiritum
1061 2366 1122 2421 sine
1137 2365 1294 2430 suildamno
1310 2365 1415 2437 quibus
1429 2366 1489 2418 vult
1503 2364 1708 2418 communicat.
1724 2363 1757 2417 Et
1770 2361 1843 2415 infra
1859 2377 1912 2433 po·

161 2452 269 2506 Christi
289 2466 342 2506 uon
366 2451 446 2505 babet
464 2455 490 2505 et
511 2451 622 2505 nielson
647 2457 687 2505 est
706 2452 858 2520 ejus(ltom
886 2468 944 2517 vrri,
969 2455 1006 2521 9).
1063 2470 1134 2509 nens
1154 2454 1350 2509 testimonium
1366 2453 1516 2523 Apostoli:
1538 2475 1552 2502 ‹
1571 2455 1624 2508 Vos
1646 2458 1735 2507 autem
1757 2467 1812 2507 non
1836 2455 1912 2506 estis.

161 2543 194 2598 lit
208 2543 264 2596 alio
281 2543 343 2597 loco
362 2555 368 2597 :
388 2542 548 2610 Insufflaoit
569 2546 595 2595 et
613 2541 710 2596 dicit:
733 2544 856 2611 Accipite
876 2543 1009 2612 Spiritum
1061 2543 1165 2615 inquit,
1181 2547 1211 2597 in
1229 2558 1319 2609 carne,
1341 2542 1389 2597 sed
1411 2545 1442 2597 in
1456 2544 1567 2612 Spiritu
1585 2558 1591 2596 :
1612 2544 1638 2596 si
1667 2547 1765 2595 tamem
1788 2542 1914 2610 Spiritus

160 2637 283 2687 salictum
311 2631 399 2700 (loon.
420 2645 465 2693 xx,
493 2629 550 2695 22).
576 2630 707 2683 Testatur
729 2635 758 2684 et
784 2629 922 2700 Spiritum
943 2647 1009 2684 san·
1062 2636 1112 2687 liei
1131 2633 1238 2687 habitat
1259 2630 1386 2686 iuvabis.
1413 2631 1520 2701 Siquis
1539 2635 1628 2684 autem
1643 2630 1779 2700 Spiritum
1805 2630 1915 2683 Christi

160 2725 238 2775 ctum
251 2735 283 2773 er
299 2721 380 2773 Patre
404 2719 533 2789 Filioque
558 2717 728 2787 proceders;
748 2735 889 2790 suamque
915 2736 1009 2774 asser-
1062 2736 1116 2775 non
1131 2721 1274 2784 bobetln'o
1292 2736 1345 2774 non
1370 2725 1409 2773 est
1422 2720 1481 2788 ejus
1496 2721 1583 2788 (liam.
1600 2735 1659 2784 inii,
1682 2722 1719 2773 sl.
1747 2719 1820 2772 num
1845 2717 1916 2771 dicit

160 2811 271 2864 tionem
281 2808 398 2862 roborat
412 2813 475 2860 tum
489 2822 522 2860 ex
540 2809 673 2877 apostolo
691 2823 777 2876 quam
794 2824 830 2862 ex
847 2809 1007 2878 Evangelio,
1063 2811 1269 2878 spiritumet
1288 2807 1413 2862 etinfert
1428 2812 1638 2877 consequenter
1649 2809 1786 2876 Spiritum
1798 2806 1913 2870 Christi,

161 2898 269 2969 pariter
282 2896 436 2951 osteudens
451 2896 520 2966 quia
535 2895 658 2966 Spiritus
674 2912 731 2949 non
746 2896 830 2951 aliter
843 2898 933 2968 possit
948 2915 1009 2952 esse
1065 2898 1178 2951 adverte
1193 2896 1261 2965 qula
1285 2895 1331 2950 hic
1357 2911 1508 2965 personam
1534 2894 1641 2949 Christi
1664 2894 1716 2948 sub
1742 2895 1791 2948 Dei
1814 2893 1913 2964 appel-

162 2985 275 3048 Christi,
293 2986 347 3039 nisi
369 2983 504 3056 procedat
522 2985 556 3038 ab
576 2986 639 3056 ipso
659 3001 666 3039 :
687 3000 739 3040 nec
764 2986 835 3039 allas
858 2985 908 3039 dat
933 2987 1010 3040 Chri·
1030 3019 1049 3071 C
1066 2985 1172 3039 latione
1199 2985 1338 3054 designat.
1362 2988 1418 3038 Aut
1441 2985 1465 3037 si
1494 2983 1539 3037 nie
1564 2985 1658 3046 Patre,
1684 2983 1765 3051 cujris
1790 2983 1915 3053 Spiritus

164 3081 224 3128 stus
249 3074 388 3144 Spiritum
417 3073 601 3136 iasulllando,
631 3073 687 3127 nisi
713 3089 745 3127 ex
772 3090 824 3128 stra
852 3075 1012 3129 substantia
1066 3076 1111 3139 sit,
1127 3073 1245 3127 sublici
1261 3073 1475 3143 nuncupatione
1492 3072 1644 3144 significat,
1660 3088 1724 3126 ecce
1751 3072 1796 3126 liic
1820 3073 1910 3143 Spiri-

164 3165 314 3226 mittendo,
338 3164 480 3235 siqnidem
514 3179 579 3216 cnm
606 3163 718 3217 dicatur
745 3163 869 3233 Spiritus
896 3165 1026 3231 Christi,
1067 3167 1113 3216 tus
1127 3178 1179 3232 per
1192 3162 1328 3215 unitatem
1356 3162 1535 3227 substantiae,
1551 3166 1580 3215 et
1607 3161 1742 3214 Patrisct
1768 3161 1831 3215 Filii
1852 3179 1913 3217 esse

164 3243 331 3303 relationem
347 3248 639 3303 haberemonstratur
652 3247 689 3301 ad
700 3247 857 3312 Christum,
874 3265 932 3302 non
945 3264 1012 3302 vero
1067 3250 1191 3320 Spiritus
1210 3250 1381 3312 declaratur,
1395 3255 1423 3302 el
1437 3249 1541 3303 merito
1565 3249 1719 3319 proaedere
1733 3265 1767 3302 ex
1792 3255 1915 3322 utroque

163 3336 494 3407 tanquamserrnslnou
520 3337 598 3389 enim
614 3343 657 3389 est
683 3340 848 3400 creatura):
877 3338 923 3390 sed
949 3341 1012 3390 tan·
1068 3339 1343 3409 dignoscitur‚etiu
1371 3337 1486 3392 vinculo
1501 3337 1655 3391 Trinitatis
1663 3336 1826 3392 distinctam
1854 3355 1917 3408 per-

164 3440 250 3495 quam
273 3424 309 3478 ab
333 3424 384 3478 illo
404 3425 520 3494 capiens
539 3424 717 3478 existentiam
739 3423 931 3491 procedendo,
956 3440 1013 3477 nou
1068 3442 1168 3480 sonam
1184 3426 1288 3479 habere
1302 3426 1491 3495 perspiritum
1506 3430 1534 3479 et
1548 3426 1598 3496 qni
1618 3425 1760 3495 Spiritum
1784 3433 1913 3481 sanctum

163 3512 288 3568 creando
312 3513 357 3566 vel
373 3513 548 3583 generando.
564 3511 702 3567 Similiter
716 3528 780 3566 cum
799 3511 925 3566 insufflat
947 3528 1012 3566 eum
1067 3512 1233 3575 nonhabet,
1260 3528 1313 3567 nec
1335 3513 1478 3568 Christum
1504 3514 1609 3568 hahere
1634 3519 1818 3568 monstratur.
1843 3515 1918 3569 Deus

164 3600 405 3659 mittendotuou
428 3599 517 3654 mittit
531 3607 711 3664 extraneum,
727 3616 780 3654 nec
796 3600 910 3654 aliunde
926 3617 1012 3671 quam
1067 3600 1165 3671 itaque
1199 3601 1322 3672 Spiritus
1351 3609 1476 3670 sanctus,
1508 3619 1565 3673 qno
1598 3609 1700 3673 negato
1737 3609 1861 3674 negatur
1889 3608 1918 3657 et

80 3753 81 3756 Ἴ
163 3689 198 3744 de
212 3689 329 3760 propria
344 3692 448 3742 natura
468 3703 474 3742 :
492 3704 544 3743 nec
558 3695 653 3758 potest
675 3689 776 3759 negari
793 3704 928 3761 processu
952 3689 1013 3759 ejus
1067 3690 1206 3759 Christus,
1237 3691 1287 3760 qui
1323 3690 1425 3746 dixit:
1450 3693 1626 3746 Nemoornit
1652 3693 1689 3746 ad
1718 3694 1824 3747 Patrem
1862 3696 1918 3748 nisi

164 3777 372 3847 al'ilio,quem
394 3776 567 3832 iusnlllaado
591 3793 624 3831 ex
645 3777 756 3832 intimis
778 3793 836 3830 suae
858 3777 1013 3832 divinitatis
1064 3795 1115 3849 per
1136 3795 1178 3834 nte
1200 3779 1292 3849 (loon.
1312 3796 1368 3844 xiv,
1395 3781 1436 3849 6).
1469 3780 1520 3844 Qui
1550 3781 1659 3851 Spiritu
1688 3786 1784 3836 sancto
1808 3798 1916 3837 vacans

165 3865 253 3938 Filius
272 3865 388 3919 emittit.
410 3863 566 3944 Subiungit
596 3866 688 3918 adbuc
707 3867 742 3919 de
771 3867 869 3919 eodem
892 3866 1012 3936 loquens
1067 3872 1118 3934 cst,
1149 3867 1253 3922 Christi
1283 3884 1340 3921 non
1370 3873 1422 3935 est,
1458 3875 1485 3921 et
1509 3870 1634 3938 perdidit
1663 3871 1737 3923 riam
1765 3887 1821 3941 qua
1852 3887 1916 3942 pcr-

164 3954 296 4024 Spirilu:
325 3973 338 4005 a
365 3954 465 4007 Utrum
489 3955 603 4024 genitus
626 3969 663 4006 an
685 3953 831 4022 ingenitus
856 3953 892 4006 sit
915 3955 1011 4024 requi·
1065 3956 1179 4009 venitur
1207 3955 1240 4009 ad
1271 3956 1392 4010 Patrem.
1424 3978 1438 4005 n
1469 3957 1561 4009 llultis
1593 3958 1718 4011 ostendit
1757 3959 1917 4013 rationibus

165 4042 225 4098 ris?
249 4042 321 4096 nibil
351 4057 383 4094 ex
407 4042 461 4094 boc
483 4041 598 4111 eloquia
619 4056 699 4093 sacra
724 4041 898 4103 cecinerunt,
932 4042 1011 4096 nefas
1066 4042 1205 4114 Spiritum
1221 4052 1350 4097 sanctum
1369 4050 1398 4098 et
1413 4046 1501 4099 Derim
1530 4062 1603 4112 esse,
1632 4051 1661 4100 et
1684 4047 1916 4102 consubstantia-

165 4135 208 4184 est
222 4130 383 4197 irrumpere
399 4127 507 4181 diiinia
527 4127 650 4181 silentia.
670 4127 751 4192 Quod
769 4130 842 4182 Deus
864 4130 1011 4198 scripturis
1066 4131 1121 4185 lem
1136 4131 1227 4185 Patris
1244 4137 1273 4185 et
1288 4133 1361 4199 Filii,
1378 4137 1407 4186 et
1430 4150 1461 4187 ex
1480 4140 1601 4204 utroque
1628 4137 1795 4205 procedere,
1824 4153 1878 4190 nec
1902 4152 1918 4191 a

165 4217 223 4270 suis
254 4215 441 4269 indicandum
476 4230 537 4269 esse
569 4231 628 4269 non
656 4215 786 4279 credidit,
821 4208 1019 4288 interrogare,
1065 4220 1178 4274 viuculo
1196 4220 1342 4274 l'rinitatis
1367 4238 1448 4290 posse
1473 4222 1606 4287 discerni,
1628 4239 1692 4278 crim
1718 4225 1755 4278 sit
1772 4226 1915 4294 ejusdem.

164 4305 207 4358 vel
233 4304 304 4358 scire
327 4306 472 4374 superllua
493 4305 658 4358 curiositate
681 4310 709 4359 te
735 4305 835 4359 noluit.
862 4307 919 4360 lloc
947 4322 1009 4376 per·
1028 4309 1188 4379 Dqu'nset
1217 4309 1299 4362 Pater
1323 4315 1351 4362 et
1380 4310 1467 4364 Filius
1494 4316 1548 4375 est,
1577 4317 1697 4366 naturas.
1733 4314 1765 4366 Et
1793 4313 1918 4369 inculcat

166 4393 262 4448 venire
297 4392 399 4447 debere
424 4392 562 4461 judicavit
604 4393 640 4447 ad
676 4395 878 4448 conscientiam
919 4400 1008 4461 tuam,
1065 4396 1208 4452 Christum
1224 4397 1328 4450 hahere
1345 4414 1402 4451 non
1431 4415 1524 4469 posse,
1545 4399 1670 4471 quinon
1692 4401 1798 4455 habeat
1820 4402 1917 4473 Spiri·

66 4549 74 4561 ⁶
165 4480 242 4552 quod
267 4481 392 4551 pertinet
415 4480 451 4535 ad
475 4482 597 4536 salutem
626 4487 715 4536 tuam.
742 4505 756 4530 o
788 4484 851 4537 llaec
873 4483 1024 4552 adversus¹

165 4569 348 4641 eosloquitur
357 4569 405 4640 qui
417 4569 542 4641 Spiritus
552 4570 642 4624 sancti
652 4585 816 4640 personam,
829 4577 934 4625 sanctae
948 4572 1009 4625 Tri·

163 4658 248 4713 nitati
267 4656 449 4727 derogantes,
467 4658 558 4713 lteurn
578 4675 639 4713 esse
659 4674 718 4713 non
740 4659 924 4730 recipiebant,
947 4664 1009 4713 tan·

163 4746 288 4818 quamsi
310 4747 383 4801 Deus
410 4746 572 4813 haberetur,
600 4750 644 4802 rel
666 4748 811 4817 ingenitus
828 4749 872 4802 vel
895 4749 1010 4818 genitus

162 4836 368 4892 confiteretur:
387 4835 410 4889 si
425 4835 550 4906 genitus,
567 4836 625 4890 diro
644 4835 698 4890 filii
720 4836 894 4901 dicerentur,
908 4837 1009 4906 etjam

163 4922 291 4978 Salvator
304 4922 361 4977 dici
377 4938 436 4977 non
451 4930 548 4994 posset
564 4923 745 4994 unigenitus;
762 4927 893 4994 essetque
911 4930 1010 4978 contra

162 5011 331 5066 catholicam
353 5010 452 5079 fidem,
476 5027 540 5081 quae
567 5011 685 5082 quidem
715 5012 869 5066 conbteun
893 5011 1009 5066 credere

163 5114 193 5153 se
215 5099 245 5153 in
279 5100 369 5153 Deum
394 5101 506 5154 Patrem
531 5099 771 5170 omnipotentem,
800 5103 830 5154 et
857 5099 887 5152 ia
914 5100 1009 5154 lesum

163 5187 307 5242 Christum
323 5188 424 5242 Filium
444 5187 506 5257 eJus
529 5186 721 5257 unigenitum.
746 5186 867 5252 Quodsi
891 5188 1010 5242 coafite-

164 5279 242 5328 retur
255 5273 410 5344 ingenitus,
421 5275 481 5342 jam
495 5289 554 5328 non
575 5289 650 5328 unus
665 5275 757 5339 Pater,
773 5274 822 5329 sed
845 5275 902 5330 duo
928 5292 1009 5330 com-

163 5361 369 5430 probarentur;
390 5367 418 5417 et
437 5365 510 5416 esset
529 5362 584 5416 hoc
604 5360 792 5416 nihilomnius
813 5362 880 5417 lldai
904 5364 1009 5419 Catho-

162 5447 225 5502 licae
239 5449 320 5505 raldo
340 5449 526 5507 contrariam.
551 5449 701 5505 Credimus
723 5450 829 5504 etenim
855 5451 886 5506 in
917 5468 1008 5507 unum

165 5534 254 5590 Deum
284 5538 396 5592 Patrem
425 5538 662 5610 omnipotentem.
690 5538 756 5592 Tam
788 5553 922 5609 perversa
952 5556 1010 5594 ma·

1063 4488 1125 4539 tum
1140 4491 1290 4539 sanctum:
1307 4492 1336 4540 et
1351 4487 1489 4557 quoniam
1503 4489 1576 4542 Dens
1591 4494 1632 4542 est
1645 4489 1769 4559 Spiritus
1788 4497 1915 4559 sanctus,

1064 4573 1114 4643 qui
1144 4575 1290 4644 negaverit
1315 4574 1467 4643 Spiritum,
1496 4584 1704 4649 consequenter
1742 4579 1857 4650 negarit
1887 4584 1917 4635 et

1064 4663 1229 4717 Christum:
1250 4663 1327 4732 qnod
1347 4680 1404 4718 non
1425 4665 1516 4727 lieret,
1533 4667 1557 4720 si
1582 4682 1638 4721 noa
1667 4669 1696 4721 ia
1721 4668 1835 4723 Christo
1852 4652 1934 4724 mass

1063 4754 1155 4816 neret,
1171 4754 1199 4802 et
1227 4750 1253 4803 ei
1282 4752 1532 4808 consubstantialis
1557 4756 1677 4810 existere
1696 4797 1701 4809 .
1718 4756 1832 4812 lrlanere
1848 4775 1918 4812 vero

1063 4838 1094 4892 iu
1114 4837 1238 4905 Christo,
1259 4842 1288 4891 et
1302 4841 1572 4897 consubstantialem
1596 4860 1658 4898 esse
1685 4845 1796 4899 Christo
1822 4846 1918 4917 Spiri-

1063 4927 1151 4979 ritum
1179 4925 1379 4994 procedentem
1410 4930 1446 4983 ab
1475 4946 1509 4984 eo
1535 4931 1711 4985 demonstrat
1738 4949 1811 4987 :non
1837 4936 1918 4989 enirn

1064 5017 1168 5084 potest,
1184 5013 1238 5066 nisi
1253 5014 1387 5082 procedat
1402 5017 1436 5069 ab
1453 5017 1513 5083 illo,
1535 5019 1565 5072 ia
1581 5019 1657 5090 quod
1686 5025 1795 5082 manet,
1816 5027 1848 5076 et
1871 5025 1918 5076 cui

1064 5101 1343 5156 consubstantialiter
1365 5103 1506 5171 inbaeret3
1527 5111 1555 5160 et
1582 5123 1648 5161 eam
1662 5108 1708 5162 via
1723 5108 1759 5162 sit
1786 5110 1919 5164 Christus

1064 5189 1097 5244 ad
1112 5191 1234 5255 Patrem,
1251 5192 1300 5260 qui
1316 5192 1455 5260 Spiritum
1470 5210 1528 5247 non
1551 5195 1647 5264 babet,
1669 5197 1744 5250 siam
1770 5198 1917 5255 Christum

1063 5277 1168 5331 babere
1193 5294 1249 5331 non
1271 5280 1368 5334 valet:
1391 5297 1449 5336 nou
1473 5283 1550 5337 enim
1566 5284 1688 5338 alterum
1712 5286 1818 5341 babere
1851 5289 1919 5360 quis

1063 5369 1157 5436 potest
1171 5373 1276 5435 praeter
1298 5370 1429 5430 alterum.
1452 5372 1501 5442 qui
1522 5387 1573 5425 nec
1596 5372 1756 5428 substantia
1778 5375 1915 5432 dividun-

1062 5457 1121 5519 tur,
1137 5467 1189 5507 neo
1206 5456 1362 5511 mansione.
1379 5458 1499 5528 Propter
1523 5453 1598 5530 quod
1624 5460 1731 5530 Spiritu
1751 5466 1852 5519 sancto
1867 5480 1917 5519 va·

1063 5557 1144 5610 cuns,
1164 5541 1274 5599 Christo
1304 5562 1418 5618 quoque
1443 5562 1547 5602 vacuus
1576 5548 1736 5618 invenitur;
1766 5551 1836 5622 quia
1865 5553 1916 5627 qui
