3930 6098
514 262 633 322 santio
653 265 699 320 DE
719 260 826 321 atat·
843 269 943 324 CORP.
964 269 991 323 S.
1013 269 1158 326 AlleDl.
1591 289 1593 294 ·
1657 273 1716 327 >ets
1738 266 1741 273 ’

85 393 165 465 psius
184 399 344 449 mereretur
360 394 492 460 inveniri,
515 412 566 467 pro
587 413 644 467 quo
663 397 808 452 universas
827 400 951 461 Aeliam
978 400 1113 471 angelicis
1138 400 1286 472 spiritibus
1315 417 1347 456 ac
1380 400 1521 456 universis
1551 403 1714 474 agminibus

85 482 245 544 tescaduci
270 488 480 555 contempserat
503 484 614 539 mundi.
638 486 694 539 Nec
713 490 812 540 tamen
866 488 941 558 coeli,
955 493 1009 543 etc.

93 573 259 643 apostolicis
274 573 377 644 dignus
388 573 573 627 esttaudibus
587 573 744 645 adaequari,
761 574 808 628 sed

222 776 411 879 suello
441 777 513 879 itti
551 777 917 882 EL'EVATIONE
949 778 1222 883 CORPORIS
1252 780 1434 882 IPSIUS

344 951 415 1026 (loe
432 954 518 1031 sacto
535 963 579 1014 cst
600 973 619 1014 o
642 953 815 1016 Lornuaro
837 954 957 1016 custode
979 973 1024 1016 xu
1039 953 1168 1015 Kalend.
1187 954 1331 1014 Octobris.

85 1177 168 1231 opera
183 1162 388 1231 omnipotentis
404 1164 454 1217 ilci
477 1180 610 1218 enarrare
631 1165 692 1218 fore
715 1165 808 1219 hono·
863 1168 916 1220 bus
939 1167 974 1221 ad
999 1166 1101 1220 altiora
1120 1167 1293 1236 subrigeret,
1314 1167 1505 1238 earrrdemque
1528 1168 1662 1239 deinceps
1677 1169 1711 1224 ab

100 1266 152 1321 per
171 1251 344 1321 Rapbaelem
360 1251 563 1323 archangelum
583 1252 705 1308 coelestis
721 1253 807 1307 medi·
863 1254 943 1311 omni
974 1257 1027 1309 hac
1047 1255 1189 1309 alluvione
1214 1255 1385 1309 tutissimam
1415 1256 1572 1327 limosaque
1594 1258 1708 1328 pallude

86 1355 187 1393 cemur
208 1339 338 1410 bajulum
359 1341 434 1409 (lob.
455 1357 505 1407 ιιι,
523 1344 568 1411 7);
592 1341 712 1411 dignum
736 1342 810 1396 arbi·
863 1343 1083 1398 secretissimam
1097 1359 1149 1397 sua
1164 1342 1324 1412 provisione
1341 1343 1481 1397 redderet.

103 1428 161 1480 imo
181 1428 384 1496 necessarium,
406 1430 594 1483 elevationem
615 1430 743 1500 corporis
764 1447 807 1484 sa·
888 1432 949 1487 ‚ilie
966 1431 1056 1503 igitur
1070 1432 1406 1486 coustitntaclericorum
1425 1437 1539 1487 caterva
1553 1434 1711 1488 adtentum

85 1515 112 1571 ni
141 1516 282 1587 pontilicis
311 1516 414 1570 Christi
443 1518 565 1572 amandi
590 1517 808 1573 memorabilem
862 1537 934 1591 opus
967 1525 1150 1591 congregata,
1186 1521 1308 1574 fossores
1350 1522 1526 1575 necessarios
1567 1522 1708 1587 adhibuit,

85 1620 135 1660 ere.
154 1606 199 1659 Est
216 1605 323 1676 quippe
339 1606 368 1658 in
385 1622 417 1659 ea
437 1611 466 1660 et.
484 1607 571 1660 divini
594 1606 723 1660 miraculi
739 1623 808 1676 por·
863 1621 948 1680 atqua
973 1609 1149 1680 sarcophago
1177 1610 1313 1663 elevando
1341 1610 1495 1681 plurimam
1529 1609 1708 1679 diligentiam

89 1692 218 1761 minima,
236 1699 264 1747 et
279 1694 408 1758 eiusdem
427 1693 504 1748 beati
519 1693 572 1747 viri
587 1693 681 1748 laudis
695 1711 728 1748 ac
743 1710 807 1747 san·
862 1696 1015 1768 impendit.
1029 1697 1109 1761 Quod
1127 1713 1238 1750 summa
1254 1697 1374 1763 cautela,
1388 1702 1421 1751 ut
1436 1696 1554 1766 dignum
1571 1701 1641 1765 eret,
1666 1697 1708 1750 le·

85 1784 214 1839 materies
226 1784 349 1838 infinita.
861 1791 970 1852 vatum,
982 1786 1013 1840 in
1028 1785 1144 1839 sinistra
1158 1790 1238 1855 perte
1254 1786 1361 1857 deponi
1375 1784 1452 1847 iecit,
1466 1801 1498 1838 ac
1521 1783 1621 1838 festiva
1636 1785 1707 1839 cele-

85 1889 181 1927 ·anno
204 1873 419 1927 verbicarnem
442 1872 519 1939 facti,
546 1872 653 1927 scilicet
673 1872 736 1926 Filii
758 1873 807 1927 Dei
862 1874 965 1929 britate
992 1890 1044 1945 per
1068 1875 1164 1944 ampla
1189 1874 1257 1929 cedis
1279 1875 1370 1944 spatia
1394 1873 1489 1944 lychni
1512 1872 1709 1927 relucentibus

85 1966 117 2015 ite
132 1978 164 2014 ac
178 1961 379 2030 redemptione
395 1960 515 2015 humani
529 1962 643 2031 generis
654 1961 807 2027 incarnati,
862 1965 1014 2017 missarum
1029 1963 1168 2017 solemnia
1183 1979 1234 2034 pro
1253 1964 1327 2017 tanti
1344 1963 1471 2033 praesulis
1491 1962 1602 2017 honore
1623 1961 1708 2015 devo·

85 2049 198 2104 itesimo
214 2065 299 2116 nono,
316 2049 365 2119 qui
381 2056 442 2103 erat
456 2064 549 2103 annos
568 2067 584 2102 o
604 2051 726 2104 transitu
754 2049 807 2103 riri
862 2051 973 2105 tissime
987 2067 1115 2120 exorsus,
1126 2066 1213 2121 super
1227 2051 1359 2105 eumdem
1373 2051 1515 2105 tumulum
1527 2049 1664 2120 implevit.
1679 2048 1711 2102 Et

85 2137 164 2192 randi
190 2138 363 2191 centesimus
386 2137 655 2208 quinquagesimus,
682 2137 808 2207 plurima
862 2139 1029 2209 quamvisiu
1039 2137 1257 2209 circuituipsins
1268 2137 1390 2207 sepulcri
1408 2138 1654 2208 aquatilishumor
1664 2152 1710 2190 ex·

85 2225 165 2279 litum
174 2240 313 2296 equarum
330 2224 501 2279 innundatio
512 2225 596 2291 facita,
608 2225 707 2278 multis
722 2225 753 2278 in
763 2227 805 2280 lo·
861 2228 1001 2283 trinsecus
1009 2228 1160 2282 ineritnon
1171 2231 1268 2281 tamen
1277 2225 1603 2280 intrinsecnslutulentis
1613 2225 1709 2280 sordi-

85 2331 107 2368 ιε
124 2330 189 2368 suas
205 2319 373 2379 excesserat,
391 2318 477 2385 atque
498 2314 731 2383 circumjacentes
748 2316 806 2369 lln-
860 2316 914 2372 bus
929 2332 980 2370 seu
994 2332 1076 2388 aquae
1092 2316 1211 2386 guttulis
1227 2315 1362 2369 introitus
1377 2314 1479 2384 patuit.
1497 2314 1709 2369 Neoimmerito

85 2423 88 2452 ι
112 2419 197 2474 agros
216 2403 354 2456 damnosa
380 2409 510 2473 segetum
534 2403 700 2458 vacuatione
722 2403 809 2458 nuda·
828 2389 998 2458 Bcredibile
1012 2410 1062 2469 est,
1081 2406 1169 2458 ileum
1185 2405 1236 2476 qui
1251 2404 1581 2458 omniumcreaturarum
1594 2407 1710 2456 naturas

85 2490 154 2555 luod
178 2491 298 2560 periculi
322 2491 427 2545 oratum
449 2492 612 2561 adeousque
636 2495 808 2558 excreverat,
863 2508 915 2563 pro
939 2509 991 2546 suo
1011 2493 1129 2546 arbitrio
1150 2492 1180 2546 ιιι
1201 2507 1386 2562 quascunque
1408 2494 1469 2544 vult
1488 2506 1584 2544 rerum
1601 2489 1710 2560 species

85 2595 92 2633 ι
107 2579 208 2634 incolae
231 2579 397 2634 fluminibus
418 2581 542 2650 proximi
559 2580 721 2634 lraliitacula
734 2580 808 2634 avila
861 2580 1058 2651 transformat,
1069 2596 1101 2634 ac
1113 2579 1298 2633 tumescentia
1309 2579 1400 2632 maria
1408 2578 1524 2648 proprio
1533 2584 1605 2631 notu
1616 2576 1710 2630 arenis

85 2671 132 2720 tor
149 2667 289 2733 deserere,
314 2672 342 2720 et
363 2668 393 2721 in
408 2667 578 2722 sublimibus
593 2668 739 2732 colliculis,
756 2668 807 2722 do·
862 2668 943 2740 quasi
955 2669 1243 2723 habenisfcrtissimis
1256 2669 1358 2733 frenat,
1370 2666 1456 2720 etiam
1468 2665 1562 2720 dilecti
1573 2664 1617 2718 sui
1628 2663 1709 2717 cada·

85 2760 248 2822 crescerent,
292 2757 408 2809 mutatis
440 2757 633 2810 tabernaculis
667 2757 805 2810 hahitare.
862 2751 1709 2826 veri,tantibouorisbeueficiumpraestarepotuisse:utin·

88 2859 119 2896 ro
142 2843 364 2897 excrescentium
390 2861 531 2914 aquarum
551 2845 632 2914 copia
652 2845 686 2897 de
712 2844 756 2897 die
777 2845 808 2897 in
861 2838 1708 2915 traipsiusurnaevasculum,quopretiosomtenebaturde·

85 2939 218 3002 agmento
237 2932 373 2985 imbrium
404 2933 608 2999 intumescens,
635 2933 721 2986 etiam
744 2948 808 2986 oras
861 2934 998 3005 positum,
1024 2933 1096 2986 uilril
1120 2933 1240 2987 intraret
1267 2932 1418 2987 sordium:
1445 2935 1477 2984 ut
1499 2928 1608 2983 cunctis
1628 2927 1710 2982 lieret

85 3019 192 3073 tcabulo
216 3021 302 3090 Scorp
323 3020 469 3074 nimietate
490 3038 540 3074 soa
563 3021 741 3090 impleverat,
758 3021 807 3091 qni
862 3021 992 3094 ejusdem
1008 3022 1163 3075 venerandi
1189 3020 1331 3091 pontilicis
1352 3019 1489 3074 meritum
1514 3015 1707 3070 manifestum.

85 3107 119 3162 mi
134 3109 247 3178 patroni
267 3109 357 3162 nostri
376 3110 499 3164 amandi
520 3111 632 3164 tumulo
653 3125 725 3180 pene
738 3124 807 3163 con·
898 3110 1023 3181 Explctis
1036 3110 1126 3181 igitur
1141 3109 1292 3163 missarum
1310 3107 1467 3170 solemniis,
1488 3105 1585 3177 paucis
1611 3120 1708 3158 secum

92 3212 150 3251 non
174 3198 297 3267 amplius
325 3198 360 3252 ab
385 3215 419 3251 eo
445 3215 530 3268 quam
555 3197 656 3268 viginti
677 3194 807 3266 passibus
862 3200 1037 3270 quosvolnit
1055 3198 1254 3252 exmonachis
1276 3196 1403 3263 retentis,
1426 3205 1544 3249 caeteros
1556 3192 1707 3248 abscedere

87 3327 94 3339 .
123 3285 175 3349 Qui
207 3286 375 3356 quotidiano
406 3291 553 3340 cremento
588 3287 806 3356 supereffluens,
861 3288 938 3353 iecit,
972 3303 1004 3342 ac
1032 3303 1091 3340 nou
1124 3290 1182 3339 tam
1214 3285 1368 3339 temerario
1396 3299 1477 3348 ausu,
1507 3297 1593 3353 qoam
1615 3279 1709 3335 tidelis

85 3373 313 3437 imexcrevit‚ut
333 3373 367 3426 ad
391 3379 600 3428 sacrosanctam
623 3371 808 3426 sacratissimi
862 3377 949 3432 animi
996 3375 1145 3430 devotione
1187 3374 1311 3440 ferrans,
1359 3372 1507 3442 explorare
1543 3368 1708 3440 diligentius

85 3479 90 3514 ι
118 3462 294 3531 sepulturam
323 3462 479 3528 accederet,
511 3467 597 3532 atque
622 3479 706 3516 ornne
734 3461 807 3516 illud
862 3465 954 3520 amica
979 3463 1142 3519 curiositate
1165 3463 1245 3517 duxit
1267 3477 1438 3533 congruum,
1463 3458 1533 3532 quid
1561 3458 1613 3511 sub
1640 3474 1707 3511 ocu-

85 3568 89 3602 r
114 3549 203 3620 ipsius
228 3549 351 3620 spatium
378 3551 452 3621 quod
482 3551 556 3605 circa
579 3551 664 3621 pedes
688 3550 807 3621 adjacet,
862 3555 896 3625 lis
916 3554 1042 3625 positum
1064 3553 1140 3606 intra
1164 3558 1278 3606 uterum
1299 3568 1382 3605 suum
1402 3553 1514 3604 teneret
1532 3547 1605 3601 vasis
1629 3562 1706 3600 rece-

85 3637 121 3692 sis
148 3637 230 3709 aquis
257 3639 399 3707 impleret,
428 3640 592 3709 siccumque
621 3639 808 3710 pergentibus
828 3642 1024 3737 Cpiaculum3
1054 3644 1198 3711 simulque
1224 3640 1369 3694 aestimans
1401 3635 1592 3692 necessarium
1616 3640 1648 3690 ut
1673 3636 1707 3688 ad

90 3726 166 3780 leudi
181 3727 236 3780 iter
248 3730 375 3796 negaret.
863 3730 1043 3786 devotionem
1074 3728 1269 3783 venerandam
1303 3726 1506 3799 querentium,
1532 3723 1567 3777 de
1591 3722 1708 3793 pulvere

85 3833 89 3866 ι
109 3813 205 3885 itaque
226 3815 466 3870 incommoditatis
490 3815 579 3869 tristis
595 3821 723 3882 eventus,
744 3831 805 3870 mo·
861 3818 955 3873 carnis
968 3818 1027 3871 sive
1041 3817 1076 3872 de
1089 3816 1201 3872 ossibus
1215 3815 1292 3870 illius
1308 3816 1420 3869 tolleret
1439 3815 1618 3883 aliquantam
1639 3827 1706 3881 por·

85 3918 118 3956 un
146 3902 249 3956 animis
272 3919 423 3958 moerorem
449 3921 507 3958 non
531 3904 676 3958 rirodicum
698 3905 804 3970 intulit,
861 3907 1017 3962 tiuncolam
1035 3905 1232 3976 reliquiarum.
1256 3901 1458 3958 Intereaomui
1473 3898 1619 3953 dubietate
1640 3898 1707 3953 sub·

85 4007 104 4044 ta
118 4006 184 4045 vero
201 3992 394 4046 venerabilem
418 3993 593 4059 holitorium,
610 3992 682 4047 sacri
705 3993 806 4063 templi
862 4000 948 4063 mota,
965 3994 1041 4049 idem
1062 3993 1238 4048 archicustos
1256 3992 1290 4046 ad
1313 3990 1458 4045 tumulum
1478 3988 1538 4057 jam
1558 3984 1708 4055 superlicio

85 4095 199 4150 empore
221 4081 370 4147 aedituum,
393 4097 451 4134 ιιοιι
472 4081 652 4135 mediocriter
673 4081 804 4152 perculit.
861 4082 1020 4154 pavimenti
1043 4082 1168 4155 positum
1194 4079 1343 4135 humiliter
1363 4077 1489 4141 accessit,
1512 4081 1599 4146 atquc
1623 4089 1706 4142 ⁰90*

85 4169 176 4240 agacis
200 4168 288 4223 animi
314 4169 486 4224 industriam
502 4185 695 4240 operumque
711 4169 805 4224 citica-
861 4173 925 4227 colo
941 4171 1114 4242 lapidisque
1130 4169 1280 4241 tegebatur
1303 4172 1413 4221 remoto
1434 4164 1601 4235 diligentins
1615 4162 1708 4216 intro-

85 4260 228 4327 lcorpora
252 4257 392 4311 librorum
413 4264 510 4311 nostro
525 4257 640 4311 archivo
656 4257 758 4324 indita,
775 4275 808 4312 ac
862 4261 961 4332 spexit.
980 4262 1012 4314 Et
1033 4275 1097 4313 ecce
1121 4257 1224 4313 obtulit
1250 4273 1279 4310 se
1303 4254 1449 4310 obtutibus
1475 4252 1552 4306 illius
1576 4251 1619 4303 vir
1637 4265 1709 4303 cano

85 4343 190 4399 cenobii
219 4344 248 4398 in
276 4346 378 4400 melius
401 4338 593 4415 augmentata,
619 4345 730 4398 etiamsi
753 4344 806 4398 hu·
861 4350 953 4420 capite
976 4348 1148 4402 reverendus
1174 4345 1352 4400 abstinentie
1376 4360 1407 4397 ac
1432 4340 1709 4412 jejuniorummar·

85 4448 166 4503 ,ngua
187 4438 289 4498 taceat,
317 4434 431 4488 fabricae
455 4439 597 4487 structura
618 4433 731 4487 clamat·
759 4433 808 4486 Hic
862 4453 926 4492 core
955 4437 1060 4508 quibus
1089 4435 1242 4490 comitibus
1271 4435 1380 4487 vixerat
1403 4431 1535 4503 pallidus,
1561 4428 1710 4483 sanctitate

85 4520 174 4575 rsoliti
196 4521 482 4593 permotusnovitate
504 4521 614 4584 diluvii,
637 4537 732 4575 secum
751 4536 806 4576 coe·
863 4540 976 4579 morum
1010 4524 1240 4593 meritorumque
1282 4521 1453 4590 praecipuus,
1493 4516 1710 4587 incorruptione

85 4614 201 4664 tractare
226 4614 321 4664 mente
350 4610 443 4680 sagaci
466 4610 570 4680 quibus
595 4609 686 4663 modis
711 4609 808 4664 immi·
863 4628 978 4685 quoque
998 4609 1193 4666 membrorum
1221 4626 1306 4663 suave
1333 4607 1522 4678 fragrantium
1542 4605 1625 4678 quasi
1645 4619 1710 4658 aro·

84 4702 218 4752 rcnrrerel
230 4699 367 4767 periculo,
384 4703 433 4753 aut
456 4698 506 4752 tali
522 4716 553 4751 ac
569 4703 654 4752 tantos
669 4697 807 4769 perniciei
865 4701 983 4754 malicus
1008 4715 1040 4752 ac
1064 4702 1125 4752 loto
1147 4713 1266 4767 corpore
1292 4694 1544 4757 incontaminatus,
1573 4693 1629 4748 hoo
1652 4691 1711 4746 solo

85 4785 215 4840 bsisteret
238 4785 385 4856 suffragio.
408 4786 552 4842 Sollicitus
577 4786 655 4840 enim
671 4791 746 4853 erat,
773 4800 808 4839 ne
863 4788 940 4860 quod
956 4787 985 4840 in
1003 4786 1134 4857 sepulcro
1151 4786 1265 4856 jacebat
1286 4782 1439 4838 dormienti
1463 4781 1640 4847 simillimus,
1663 4796 1710 4834 ve·

88 4873 105 4927 d
126 4873 327 4943 pretiosissimi
349 4875 476 4927 thesauri
491 4875 662 4942 depositum,
680 4872 751 4926 sacri
767 4873 808 4926 vi·
863 4873 1006 4928 stimenlis
1024 4871 1237 4944 pontificalibus
1257 4871 1376 4925 honesta
1398 4867 1611 4940 pulchritudine
1627 4868 1708 4922 ador·

85 4962 167 5016 ‘atris
180 4962 392 5031 corpusculum,
408 4962 493 5016 altius
507 4961 613 5025 telluri,
629 4961 705 5016 utin
721 4961 809 5016 allero
831 4959 957 5017 Duatas.
984 4962 1038 5017 Res
1067 4961 1183 5015 raritate
1208 4959 1251 5013 sui
1267 4959 1347 5013 valde
1377 4956 1527 5022 mirabilis,
1550 4960 1637 5027 atquc
1659 4972 1711 5027 pro

85 5049 243 5114 ediximus,
260 5050 379 5104 abeatae
399 5050 544 5104 memoriae
564 5049 692 5103 antistite
713 5048 809 5118 Elegio
864 5050 908 5104 sui
934 5050 1133 5121 magnitudine
1159 5049 1285 5104 hnmano
1309 5061 1441 5100 sermone
1464 5045 1508 5098 vix
1524 5043 1708 5112 explicabilis.

85 5153 117 5204 n,
151 5138 252 5192 eedem
290 5154 429 5209 aquarum
459 5137 606 5194 ailloeutia
636 5140 808 5207 penetraret,
864 5135 1394 5208 Quicnimputaveratseputrefactae
1409 5130 1711 5198 carnis,ntiinmor·

86 5242 168 5299 psum
193 5227 360 5282 circumtlua
382 5228 593 5282 humectatione
619 5233 648 5281 et
678 5226 810 5296 improbo
865 5227 921 5282 tuis
935 5227 999 5283 lieri
1013 5227 1126 5294 assolet,
1145 5225 1279 5296 reliquias
1296 5224 1492 5285 inventurum,
1508 5218 1616 5290 reperit
1637 5219 1713 5272 nltra

85 5314 252 5385 ›utingendo
283 5316 409 5369 violaret.
441 5316 567 5370 Tandem
598 5330 666 5385 ergo
692 5313 811 5386 ancipiti
865 5315 1096 5382 aestimationem,
1113 5313 1242 5370 inviolati
1263 5312 1392 5385 corporis
1413 5306 1599 5364 memorabile
1615 5305 1712 5378 prodi·

86 5409 113 5458 te
132 5405 262 5458 submota
279 5404 312 5458 ad
329 5405 384 5458 hoc
406 5420 436 5459 se
452 5405 567 5459 salubre
582 5403 734 5458 consilium
750 5420 810 5459 sus·
867 5407 956 5475 glum.
971 5403 1054 5469 Quali
1069 5404 1130 5459 haec
1144 5404 1213 5458 visio
1229 5402 1317 5473 digna
1332 5399 1483 5466 miraculo,
1499 5410 1644 5468 quamque
1655 5393 1712 5447 im·

86 5491 165 5546 ivino
189 5493 330 5561 (alcredi
364 5493 454 5561 decet)
485 5493 621 5547 instinctu
658 5494 810 5562 animatos,
866 5508 967 5547 manso
991 5497 1106 5563 stupore
1125 5492 1257 5564 proxima
1276 5489 1373 5557 fuerit,
1397 5483 1564 5558 eloquentia
1591 5481 1713 5538 humani

85 5595 110 5635 rs
123 5579 217 5650 ipsam
233 5581 306 5636 sacri
321 5580 483 5650 corpusculi
498 5596 601 5636 urnam
616 5583 651 5637 de
665 5581 810 5638 interiori·
867 5580 978 5652 ingenii
991 5581 1072 5636 otiari
1090 5580 1202 5652 nequit,
1224 5579 1274 5651 qui
1288 5577 1385 5634 minna
1408 5573 1525 5631 aridltas
1539 5570 1633 5628 noemi
1655 5582 1713 5624 ser·
