3930 6098
174 287 176 291 ι
197 310 247 366 117
771 300 949 357 ulinastri
964 301 981 354 s
985 298 1196 358 obvallatus
1215 297 1369 353 hauserit
1893 295 1941 348 118

200 450 228 499 61
259 439 375 511 sanguis
407 435 522 492 Domini
554 436 706 505 propterea
733 434 864 502 anystnin
896 431 1075 496 dissoluat
1132 431 1187 487 Lll.
1222 430 1290 486 Vide
1324 428 1481 484 secundum
1522 429 1599 500 quod
1629 429 1728 484 doctor
1754 429 1806 483 ista
1838 442 1942 499 corpus

199 530 276 603 quod
290 531 429 583 secretam
449 529 477 580 et
492 522 669 579 reconditam
683 521 808 576 babeant
821 519 1041 590 dispositionem
1098 519 1200 575 Christi
1220 519 1295 574 dicat
1311 534 1372 573 esse
1393 533 1486 571 escam
1503 534 1588 589 quam
1620 517 1718 572 lideles
1745 517 1889 588 accipiunt
1913 517 1941 571 in

199 620 228 674 id
243 623 295 681 661,
320 614 400 670 61166
424 614 481 668 6161
509 610 585 683 qood
610 611 733 665 exterius
759 610 891 671 innuant,
908 614 937 664 et
964 609 1041 663 aliud
1099 608 1229 662 Ecclesia.
1246 608 1293 662 llil
1309 623 1433 677 namque
1450 622 1456 660 :
1476 627 1490 655 6
1505 607 1559 660 1616
1574 607 1656 676 panis
1669 607 1809 677 vivusqui
1823 607 1859 660 de
1874 606 1942 662 coelo

199 707 274 779 qaod
286 703 407 759 interius
420 699 601 756 invisibiliter
617 697 794 768 operentur?
1098 696 1252 764 descendit,
1269 696 1334 750 vila
1350 703 1463 751 aeternas
1487 695 1672 749 substantiam
1703 695 1910 750 subministrat.
1928 716 1941 744 n

234 793 348 849 xtvlll.
366 791 436 846 llinc
455 787 540 842 etiam
556 794 584 840 et
598 790 768 841 sacramento
786 784 958 851 vocitantur,
976 785 1044 856 quia
1099 787 1172 840 Nam
1186 785 1341 839 secondum
1358 784 1411 836 hnc
1426 783 1501 854 quod
1519 782 1641 848 videtur,
1657 784 1733 854 quod
1756 784 1944 853 corporaliter

198 885 365 953 tegumento
377 876 569 948 corporalium
584 890 681 929 reram
697 874 787 928 virtus
800 873 897 928 divina
908 873 1044 928 secretius
1098 875 1233 941 sumitur,
1249 873 1326 944 qaod
1343 875 1426 927 deinc
1443 872 1593 939 premitur,
1612 873 1688 942 quod
1713 873 1793 926 tarrae
1813 872 1944 943 glutitur,

200 965 531 1037 salatemaccipientium
548 962 831 1032 fideliterdispcusat.
1099 964 1176 1036 qaod
1204 962 1382 1033 receptaculo
1409 962 1516 1014 ventris
1541 961 1706 1032 suscipitur,
1738 966 1854 1015 aeterna
1879 960 1945 1015 vitm

235 1053 438 1115 1111661616
465 1051 599 1106 omnibus
623 1066 685 1122 quae
712 1055 779 1103 sunt
810 1050 947 1104 hactenus
970 1049 1045 1103 dicta
1100 1051 1288 1105 substantiam
1314 1048 1527 1104 subministrat?
1544 1051 1598 1104 Isto
1624 1066 1748 1121 namque
1777 1050 1864 1104 modo
1885 1066 1943 1103 car·

200 1149 391 1201 monstratum
408 1147 450 1196 est
464 1141 540 1212 quod
561 1155 665 1207 corpus
680 1138 834 1208 etsanguis
848 1137 962 1203 Christi,
980 1153 1045 1208 quae
1100 1157 1167 1194 nem
1196 1140 1286 1209 pascit
1306 1139 1484 1205 morituram,
1512 1154 1564 1193 nec
1593 1138 1720 1210 aliquam
1747 1139 1945 1193 subministrat

200 1233 394 1289 tideliumore
411 1230 441 1284 in
465 1228 589 1283 Ecclesia
614 1227 822 1297 percipiuntur,
850 1228 951 1296 liguris
979 1230 1047 1280 sunt
1100 1228 1361 1298 incorruptionem
1379 1243 1470 1299 neque
1485 1226 1540 1281 dici
1562 1243 1627 1282 vere
1642 1232 1779 1297 potestat
1794 1230 1946 1296 quicunque

201 1320 358 1377 secundum
373 1318 498 1390 speciem
514 1316 670 1382 visibilem3
688 1320 717 1368 at
740 1331 807 1368 vero
828 1314 983 1368 secundum
999 1314 1044 1367 in·
1100 1318 1170 1372 huna
1192 1317 1406 1382 manducaverit,
1421 1331 1475 1370 non
1502 1319 1631 1370 morietur
1650 1319 1680 1370 in
1700 1320 1828 1370 aternum
1853 1316 1944 1384 (Joou.

200 1409 342 1463 visibilem
362 1405 562 1472 substantiam,
580 1403 608 1458 id
624 1409 666 1458 est
682 1403 772 1457 divini
787 1403 946 1472 potentium
963 1402 1047 1456 Verbi
1101 1423 1139 1474 vr,
1155 1407 1208 1472 se).
1226 1406 1258 1459 lit
1276 1405 1331 1459 boc
1345 1404 1422 1459 enim
1438 1404 1514 1474 quod
1525 1404 1613 1458 sumit
1628 1420 1741 1474 corpas,
1762 1405 1946 1474 corruptibile

201 1514 267 1551 vere
288 1513 391 1567 corpus
420 1500 448 1549 61
480 1493 598 1562 sanguis
629 1490 733 1546 Christi
751 1490 884 1545 existunt.
911 1490 1047 1545 1166666-
1102 1493 1690 1565 est3necipsicorporipotestpraestare
1708 1494 1900 1547 nemoriatur
1919 1493 1947 1548 in

202 1585 327 1640 caudam
344 1583 485 1637 visibilem
501 1585 671 1643 creaturam,
687 1594 792 1648 corpus
809 1584 931 1648 pascunt
946 1594 953 1644 ς
966 1580 1047 1649 juxta
1102 1590 1243 1638 arternum
1260 1599 1266 1636 :
1283 1581 1419 1654 quoniam
1435 1580 1509 1652 quod
1523 1581 1699 1651 corruptioni
1716 1581 1851 1652 subjacet,
1868 1587 1946 1636 aeter·

203 1689 268 1727 vero
284 1671 451 1744 potentioris
466 1670 599 1723 virtutem
615 1667 789 1732 substantiae,
814 1666 941 1721 fidelium
967 1683 1046 1720 man·
1101 1673 1222 1728 nitatem
1237 1676 1372 1742 praestare
1396 1687 1454 1724 non
1477 1670 1560 1724 valet.
1587 1670 1633 1724 Est
1655 1685 1723 1741 ergo
1748 1670 1777 1724 in
1804 1671 1855 1724 illo
1873 1686 1946 1742 pane

202 1768 246 1815 tes
263 1766 288 1816 61
304 1764 424 1832 pascunt
448 1764 476 1814 61
502 1755 688 1811 sanctificant.
715 1754 799 1825 (Vide
825 1772 927 1812 numm.
943 1757 988 1825 44,
1002 1731 1083 1824 111,Β
1104 1760 1172 1829 vita,
1187 1776 1252 1831 qaae
1278 1775 1335 1813 nou
1361 1758 1450 1812 oculis
1479 1762 1598 1828 apparet
1624 1759 1779 1829 corporeis,
1804 1758 1854 1812 sed
1879 1758 1946 1814 tidei

202 1849 296 1911 6166.)
1105 1854 1256 1904 contuetur
1271 1852 1409 1917 aspectu:
1429 1845 1480 1918 qui
1507 1846 1591 1900 etiam
1618 1847 1700 1917 panis
1730 1848 1808 1900 vivus
1834 1846 1945 1918 quide·

239 1939 268 1993 L.
285 1938 347 1992 tam
362 1951 441 1989 nnuc
456 1934 589 1988 secundae
611 1930 779 2004 quaestionis
806 1931 987 2003 propositum
1010 1940 1051 1989 est
1105 1936 1215 1991 scandit
1228 1936 1263 1991 de
1293 1936 1364 1990 coelo
1391 1935 1493 1998 existit,
1524 1939 1552 1988 61
1582 1934 1617 1988 de
1645 1950 1702 2005 quo
1729 1950 1794 1989 vere
1821 1935 1945 1990 dicitur:

203 2025 425 2095 inspiciendum,
455 2028 483 2077 el
506 2023 662 2077 videndum
696 2026 794 2075 utrum
820 2021 914 2093 ipsum
949 2039 1052 2095 corpus
1107 2026 1264 2094 Quicunque
1278 2024 1349 2078 burra
1372 2023 1587 2089 manducaverit,
1604 2038 1657 2077 nou
1682 2024 1812 2077 morietur
1826 2025 1948 2077 1666166-

205 2113 281 2185 quod
298 2113 333 2168 de
349 2112 548 2168 Marianarum
564 2115 616 2176 est,
638 2114 665 2165 et
688 2125 815 2180 passum,
842 2116 871 2164 et
893 2116 1050 2179 mortuum,
1105 2129 1184 2179 num3
1202 2116 1229 2167 61
1244 2112 1294 2182 qai
1310 2116 1353 2166 cst
1367 2127 1469 2183 corpus
1485 2111 1598 2167 Christi.
1623 2132 1636 2160 »

205 2206 232 2255 et
246 2201 401 2271 sepultum,
417 2199 551 2270 quodque
570 2198 605 2252 ad
618 2197 763 2252 dexteram
784 2199 875 2253 Patris
896 2199 1052 2268 consideat,
1144 2202 1302 2256 Llll.1tem
1321 2200 1350 2255 in
1376 2198 1615 2270 consequentibus
1638 2197 1729 2268 (ibid,
1742 2215 1803 2270 cop.
1821 2199 1857 2267 9),
1884 2215 1948 2255 oum

205 2289 241 2343 sil
256 2289 333 2360 qaod
346 2304 395 2343 ore
409 2287 538 2343 fidelium
555 2303 607 2357 per
621 2290 866 2341 sacramentorum
883 2289 1052 2359 mysterium
1108 2290 1142 2346 de
1155 2289 1352 2359 omnipotente
1367 2288 1471 2341 virtute
1487 2286 1590 2342 Christi
1616 2286 1791 2357 loqueretur,
1823 2287 1860 2339 sit
1887 2285 1947 2340 ait:

206 2379 236 2434 in
252 2378 374 2433 Ecclesia
393 2377 521 2449 quotidie
536 2376 670 2431 sumitur.
1111 2378 1320 2448 «Sermoergo
1342 2375 1457 2442 Christi,
1489 2374 1537 2447 qui
1564 2374 1659 2445 potuit
1677 2389 1711 2429 ex
1739 2374 1830 2429 nihilo
1859 2374 1948 2428 tacere

243 2468 286 2522 Ll.
303 2468 509 2522 Percontemur
524 2464 592 2537 quid
618 2480 650 2519 es
666 2464 721 2519 hoc
743 2468 858 2519 sanctus
885 2466 1054 2523 Ambrosias
1108 2465 1185 2537 qaod
1206 2480 1265 2519 non
1279 2470 1349 2532 erat,
1366 2480 1422 2518 non
1435 2467 1531 2535 potest
1544 2480 1578 2518 ea
1592 2479 1657 2535 quaa
1671 2467 1739 2517 sunt
1752 2462 1782 2516 in
1797 2462 1948 2529 idjmutare

208 2556 312 2610 sentiat
328 2571 334 2610 :
352 2556 392 2609 611
407 2569 532 2626 namque
547 2554 576 2607 in
588 2554 679 2624 primo
707 2552 956 2609 sacramentorum
982 2556 1054 2612 libro
1109 2554 1185 2626 quod
1200 2569 1260 2609 non
1275 2551 1374 2607 erant?
1390 2555 1403 2596 b
1417 2553 1516 2607 Nonne
1539 2551 1632 2622 majus
1647 2555 1690 2606 est
1707 2567 1794 2605 novas
1820 2567 1865 2606 res
1884 2550 1949 2606 dare

207 2644 269 2711 (lib.
287 2647 323 2699 lte
337 2647 372 2698 iis
381 2645 434 2713 gui
450 2644 591 2713 mysteriis
605 2644 762 2708 initiantur,
776 2658 838 2713 cap.
855 2645 882 2711 8)
896 2660 902 2697 :
917 2664 929 2695 a
948 2645 1055 2700 Revera
1109 2659 1196 2715 quam
1211 2647 1322 2697 motare
1347 2641 1481 2695 naturas?
1499 2639 1588 2712 u[at.,
1611 2656 1670 2695 nou
1693 2639 1771 2695 enim
1797 2639 1894 2694 minus
1913 2644 1951 2694 661

208 2732 340 2787 mirabile
357 2730 491 2802 estquod
515 2746 621 2784 manna
642 2731 716 2784 Deus
740 2731 853 2800 plueret
871 2732 1011 2802 patribus,
1028 2740 1055 2788 et
1110 2747 1197 2786 novas
1212 2730 1296 2785 rebus
1319 2727 1410 2801 dara]

209 2820 376 2892 quotidiano
392 2820 454 2875 eceli
473 2818 662 2890 pascebantur
681 2819 834 2886 alimento;
853 2820 929 2875 unde
947 2822 1055 2877 dictum
1146 2819 1210 2875 Llll.
1243 2818 1315 2873 uicit
1341 2824 1455 2872 sanctas
1481 2817 1653 2885 lambrosius
1682 2817 1712 2871 in
1742 2816 1792 2871 illo
1817 2817 1949 2888 mysterio

210 2914 275 2963 est:
307 2910 405 2964 Panem
446 2909 604 2977 angelornm
649 2907 826 2963 manducarit
858 2910 935 2964 homo
971 2911 1054 2981 (Psoi.
1110 2907 1258 2978 sanguinis
1287 2912 1315 2961 et
1340 2906 1468 2976 corporis
1495 2906 1599 2961 Christi
1623 2907 1951 2961 commutationemessc

209 3013 312 3063 axxvu,
328 2998 384 3066 15).
404 2995 458 3051 Sed
488 3002 584 3051 tamen
611 3011 716 3067 panem
746 2996 828 3050 illum
854 2998 904 3068 qai
932 2999 1091 3080 mando-C
1111 2998 1225 3061 iactam,
1242 2999 1271 3050 et
1285 2995 1462 3061 mirabiliter,
1479 2995 1547 3066 quia
1572 2994 1678 3061 divine,
1705 3000 1733 3049 et
1760 2995 1950 3062 ineffabiliter,

210 3088 357 3151 caverunt,
373 3101 474 3139 omnes
488 3084 516 3138 in
531 3084 642 3138 deserto
659 3084 765 3138 mortui
780 3091 856 3140 sunt.
879 3087 935 3141 lsta
958 3092 1054 3142 autern
1111 3086 1179 3158 quia
1192 3083 1493 3154 incomprehensibile.
1513 3085 1612 3139 Dicant
1626 3083 1677 3155 qui
1702 3083 1773 3138 nibil
1786 3084 1834 3138 hic
1853 3084 1950 3139 volant

211 3189 376 3244 essequam
394 3172 508 3243 accipis,
525 3171 577 3226 iste
598 3172 680 3243 panis
698 3173 775 3227 vivas
787 3175 837 3246 qui
861 3174 1009 3230 descendit
1022 3177 1056 3231 de
1111 3173 1268 3228 secandum
1284 3171 1404 3228 interius
1424 3173 1558 3226 latentem
1577 3171 1713 3227 virtutem
1741 3172 1881 3242 accipere,
1907 3170 1951 3225 sed

212 3262 292 3327 caelo,
325 3261 390 3315 vitas
417 3268 533 3315 eterno
560 3260 747 3316 substantiam
778 3262 993 3331 subministrat;
1029 3268 1058 3319 et
1111 3261 1292 3334 totamquod
1307 3266 1428 3332 apparet
1446 3260 1597 3315 visibiliter
1619 3261 1773 3328 aestimare,
1798 3260 1952 3315 secundum

212 3348 378 3420 quicunque
406 3348 483 3402 hunc
509 3349 723 3402 manducaverit
756 3364 811 3402 uon
856 3351 997 3406 morietur
1027 3353 1057 3407 in
1111 3351 1178 3424 qaid
1205 3350 1249 3404 his
1276 3350 1313 3404 sit
1342 3348 1529 3404 commutatio
1558 3349 1670 3403 tactae
1703 3351 1774 3405 Nam
1798 3351 1952 3404 secundum

212 3441 367 3501 aternum,
382 3439 432 3489 ⁸et
450 3450 552 3505 corpus
568 3435 672 3490 Christi
687 3441 737 3490 est.
759 3458 773 3484 6
1112 3443 1308 3494 creaturarum
1324 3436 1522 3506 substantiam,
1538 3436 1616 3508 quod
1635 3436 1752 3492 luerunt
1775 3441 1841 3492 ante
1857 3452 1952 3492 conse·

248 3631 310 3685 ‘Et
325 3643 421 3698 corpus
434 3629 537 3686 Christi
550 3630 599 3683 est.
614 3631 649 3684 Et
659 3632 708 3699 qui
722 3635 762 3685 est
781 3646 878 3701 emptas
901 3633 1013 3696 Christi,
1029 3632 1058 3687 id
1112 3646 1178 3685 neni
1191 3630 1220 3684 in
1235 3630 1354 3685 alteram
1380 3627 1535 3695 incurrere,
1550 3644 1583 3683 ac
1608 3627 1716 3699 species
1744 3628 1828 3699 panis
1855 3627 1951 3684 etvini

215 3705 257 3754 est
271 3702 336 3769 quia
350 3705 389 3754 est
402 3714 498 3769 corpus
511 3701 629 3767 Christi,
644 3716 677 3754 ex
701 3707 797 3756 sancto
822 3703 982 3758 Ambrosio.
1011 3704 1057 3759 ui·
1113 3707 1140 3757 cl
1159 3702 1253 3772 ipsam
1269 3717 1372 3771 corpus
1389 3701 1491 3755 Christi
1505 3715 1561 3754 non
1575 3699 1678 3755 habere
1700 3700 1771 3754 duas
1794 3700 1951 3755 existentias

216 3770 407 3840 versaepartis
433 3771 576 3840 interpres
595 3787 670 3825 anno
698 3774 766 3827 1612
800 3772 866 3827 haic
889 3775 1015 3828 versioni
1031 3779 1060 3830 et
1113 3773 1254 3832 diversas:
1287 3771 1471 3843 incogitabile
1493 3775 1536 3824 est
1572 3769 1601 3824 in
1631 3787 1665 3825 ca
1693 3768 1782 3825 faisse
1815 3770 1950 3826 sententia

215 3841 398 3912 explicationi
413 3857 472 3895 non
487 3841 596 3909 abnuit,
611 3848 725 3898 nnmest
739 3859 836 3913 corpus
862 3846 924 3899 iesu
946 3848 1057 3903 christi.
1113 3859 1215 3915 corpus
1243 3843 1350 3897 scilicet
1376 3847 1404 3895 et
1430 3840 1618 3896 substantiam
1648 3840 1729 3910 panis
1752 3856 1871 3896 manere
1895 3843 1949 3911 post

250 3914 263 3956 1³
278 3914 369 3967 Nonne
387 3913 477 3980 majus
488 3917 619 3967 estnocas
639 3928 681 3968 res
697 3913 764 3968 dare
785 3930 867 3983 arcam
890 3922 994 3971 mutare
1008 3933 1058 3971 na·
1113 3914 1355 3969 consecrationem
1372 3927 1405 3965 6ο
1420 3912 1506 3966 modo
1526 3928 1584 3981 qao
1597 3917 1679 3966 eraut
1692 3916 1769 3967 ante.
1783 3912 1868 3967 atina
1890 3926 1948 3980 ergo

215 3990 302 4039 turos.
317 3984 419 4037 Eccum
434 3982 551 4037 aliatum
566 3982 654 4037 sancti
670 3985 823 4050 Ambrosii,
844 4002 901 4057 quo
926 4003 1060 4056 expresse
1113 4001 1146 4039 ex
1179 4000 1244 4038 voce
1276 3982 1435 4038 substancia
1460 3981 1631 4037 intellexisse
1660 3998 1775 4037 necesse
1805 3988 1849 4037 est
1871 3995 1947 4054 qrran

216 4060 245 4108 ct
257 4054 401 4123 conceptis
416 4052 510 4107 verbis
523 4054 626 4107 format
646 4056 835 4110 mutationem
847 4062 1015 4112 naturarum
1029 4058 1058 4113 in
1113 4055 1190 4136 quod
1214 4055 1300 4125 vulgo
1319 4054 1348 4107 in
1373 4054 1469 4108 schola
1494 4052 1651 4109 Aristotelis
1666 4051 1948 4123 philosophicaputel·

217 4123 406 4178 Eucharistia.
440 4123 702 4194 verumenimvero,
745 4142 804 4181 noa
841 4132 963 4198 possunt
999 4144 1059 4182 esse
1114 4125 1221 4198 ligitur.
1237 4124 1350 4180 Scilicet
1361 4128 1425 4195 post
1447 4125 1689 4178 consecrationem
1704 4130 1848 4193 panemet
1861 4128 1946 4178 vinum

217 4193 357 4261 ejusmodi
374 4193 487 4263 generis
501 4198 611 4248 naturas
636 4194 690 4249 nisi
714 4197 840 4267 paniset
866 4198 926 4253 viui
970 4199 1059 4253 rraeiu
1114 4211 1235 4250 asseres
1271 4211 1314 4248 arm
1329 4211 1381 4266 per
1396 4195 1624 4249 sesubsisterent
1649 4195 1728 4249 nulla
1755 4195 1878 4249 admissa
1892 4207 1954 4248 mu·-

217 4264 449 4344 Christi'carnem
464 4267 493 4318 ct
507 4265 677 4335 sanguinem
692 4267 911 4336 transferuntur,
936 4216 1059 4339 iieoqae
1112 4266 1229 4321 tatione.
1246 4211 1301 4320 iias
1317 4265 1420 4335 agendi
1433 4266 1543 4319 ratione
1566 4265 1677 4319 decrevi
1698 4265 1880 4320 substantiam
1899 4277 1945 4318 noa

217 4349 388 4387 inversione
403 4334 508 4388 Gallica
523 4335 652 4390 additum
668 4342 719 4404 est,
733 4338 764 4392 id
784 4347 822 4393 est
841 4343 1000 4394 substantia
1014 4355 1057 4393 re·
1072 4321 1094 4376 Ῑ)
1114 4353 1167 4407 per
1180 4335 1368 4390 substantiam
1382 4352 1414 4390 ex
1438 4336 1532 4403 licare,
1547 4337 1595 4390 sed
1609 4335 1655 4390 bis
1674 4337 1767 4390 verbis
1790 4341 1821 4391 ut
1846 4351 1888 4390 res
1899 4347 1945 4405 pra

217 4420 288 4471 rum,
301 4420 371 4475 quas
385 4403 546 4474 significare
560 4406 651 4460 voluit
665 4409 954 4464 sanctasltmbrosius
968 4410 1060 4479 capita
1114 4410 1251 4475 referunt,
1273 4422 1338 4478 qma
1353 4352 1517 4461 nihiialiud
1542 4406 1698 4478 indigitant
1723 4423 1772 4459 sco
1796 4406 1945 4478 significant

217 4474 312 4529 altari
327 4477 413 4530 liciis
436 4478 485 4546 qni
507 4480 644 4545 mysteriis
660 4480 823 4535 initiantur:
849 4482 942 4535 Numae
960 4480 1061 4535 valebit
1115 4494 1257 4549 expresse,
1274 4477 1331 4532 nisi
1344 4479 1496 4548 qualitates
1511 4477 1639 4532 sensibus
1654 4476 1802 4539 obnoxias,
1826 4494 1874 4532 seu
1889 4475 1943 4532 sub·

218 4545 323 4602 Christi
337 4552 475 4613 sormunt
497 4551 598 4617 species
626 4553 710 4604 mactet
730 4550 1062 4621 elemervtorum?10aam-
1111 4549 1200 4619 jactos
1223 4554 1308 4603 antea
1324 4548 1407 4620 panis
1431 4547 1537 4602 etvini
1557 4548 1671 4603 easdem
1692 4553 1754 4619 post
1772 4546 1943 4603 consecratio

218 4615 317 4670 obrem
350 4616 493 4681 liehanos,
522 4619 754 4701 archiepiscopus
780 4621 974 4690 moguntinus,
1010 4622 1062 4676 lla·
1114 4636 1181 4675 nem
1208 4635 1365 4674 remanere.
1391 4619 1608 4674 calvinistarum
1632 4618 1758 4673 ministri
1784 4617 1943 4690 praestantis

217 4688 475 4758 tramnoaeqaalis,
500 4688 652 4745 bisverbis
680 4690 752 4745 nihil
781 4689 943 4760 significare
966 4693 1062 4762 potuit
1114 4691 1179 4745 simi
1203 4691 1330 4745 latentur
1357 4690 1489 4754 libenter,
1517 4690 1614 4744 Patras
1642 4688 1776 4760 antiquos
1807 4705 1873 4744 usos
1894 4699 1942 4742 csse

217 4759 509 4828 pratensententiam
528 4777 593 4830 qaae
613 4761 748 4830 exprimit
768 4761 905 4829 castigate
935 4768 963 4816 et
987 4768 1061 4818 terse
1112 4760 1378 4816 verbosubstantire
1402 4761 1436 4815 ad
1459 4758 1660 4840 significandas
1684 4775 1781 4815 reram
1805 4759 1943 4832 qualitas

216 4829 369 4884 realitatem
384 4835 410 4884 et
422 4831 758 4895 transsubstantiationem,
792 4847 836 4884 aas
852 4831 1002 4888 incurrant
1026 4833 1061 4888 li·
1115 4849 1165 4887 seu
1179 4832 1253 4903 quod
1271 4831 1357 4885 alicui
1371 4831 1413 4884 rei
1423 4846 1546 4885 maxime
1558 4830 1709 4902 proprium
1720 4837 1773 4899 est,
1789 4831 1941 4901 neahqmn

217 4898 331 4967 brovu,
362 4901 454 4970 capite
485 4903 525 4966 10,
556 4902 591 4955 de
621 4901 707 4955 sacris
734 4847 887 4956 Oriinibus
916 4919 1003 4974 quern
1021 4905 1061 4959 in·
1114 4919 1181 4957 voro
1208 4901 1397 4957 substantiam
1425 4901 1573 4971 propriam
1602 4917 1696 4956 veram
1730 4905 1759 4956 et
1785 4902 1940 4955 naturalem

123 5023 125 5026 .
218 4970 332 5040 scripsit
346 4972 540 5026 Theotmum:
561 4972 627 5041 Quis
638 4986 759 5040 unquam
780 4973 899 5028 crederet
918 4975 991 5044 qnod
1011 4991 1062 5044 pa·
1115 4974 1178 5028 llaec
1191 4973 1351 5043 intelligere
1361 4971 1442 5026 facile
1456 4980 1499 5025 est
1513 4988 1547 5026 er
1562 4972 1746 5043 responsione
1769 4973 1805 5027 ad
1819 4972 1941 5042 1011161666

217 5043 260 5094 nis
275 5043 304 5095 in
316 5057 421 5096 canaam
433 5044 522 5111 potuit
535 5044 663 5108 conanti,
679 5043 721 5096 aet
733 5044 828 5097 uinum
843 5046 872 5098 in
890 5047 1059 5114 sanguinem,
1114 5044 1284 5098 sacramenti
1300 5043 1406 5109 altaris,
1427 5041 1539 5096 Parisiis
1554 5043 1629 5115 typis
1643 5043 1758 5111 vulgata
1781 5059 1858 5098 anuo
1879 5041 1941 5104 litis

216 5113 273 5166 nisi
286 5114 346 5181 ipse
361 5113 487 5168 Salvator
502 5111 611 5174 diceret,
623 5115 671 5179 aui
681 5128 780 5182 panem
796 5119 822 5168 et
842 5117 935 5171 ninum
960 5119 1062 5171 meavit
1113 5131 1179 5241 pag.
1192 5114 1245 5168 aaa
1267 5117 1296 5168 et
1314 5114 1384 5178 lam
1408 5114 1487 5183 cujas
1511 5116 1746 5168 concinnatorem
1768 5113 1857 5169 fuisse
1876 5109 1942 5168 intel

217 5186 241 5236 et
254 5185 344 5237 amaria
365 5198 400 5236 ca
414 5183 501 5236 nihilo
514 5181 600 5247 fecit?
618 5182 741 5239 Facilius
756 5189 795 5239 est
820 5186 928 5255 aliquid
948 5203 982 5242 ca
1006 5189 1061 5242 atio
1125 5187 1232 5255 rgimus
1247 5200 1279 5238 ex
1304 5184 1491 5252 Ephemaride
1515 5184 1665 5239 doctorum
1692 5183 1721 5238 in
1746 5184 1871 5249 Batavis,
1887 5185 1941 5239 flat·

216 5255 318 5320 saone,
332 5267 415 5321 quoru
428 5266 462 5305 aa
475 5252 565 5306 nihilo
578 5266 677 5308 creare.
1114 5256 1222 5311 thaeam
1232 5262 1446 5324 tarroquanum
1460 5255 1671 5322 Quavillanom,
1683 5255 1848 5310 ministram
1859 5264 1941 5326 super·

253 5331 263 5357 ⁰
290 5325 361 5378 Nam
389 5321 535 5376 secundum
565 5328 752 5380 creaturarum
781 5326 973 5395 substantiam,
1001 5334 1055 5383 etc.
1114 5326 1215 5381 ationis
1230 5325 1402 5381 Calvinianae
1431 5325 1460 5380 in
1489 5342 1558 5396 agro
1585 5326 1821 5394 Rotlromsgsnsi.
1850 5327 1942 5381 Revera

218 5393 289 5448 Cam
304 5392 577 5473 anteriorilnnmero
602 5400 701 5449 auctor
716 5396 874 5453 instituerit
894 5399 1061 5454 auctoritate
1114 5398 1236 5468 legimus
1250 5412 1312 5467 cap.
1329 5396 1364 5451 16
1379 5395 1446 5450 libri
1462 5412 1493 5450 ιιι
1508 5398 1543 5451 de
1559 5397 1620 5450 Vita
1637 5396 1942 5461 Constantinianum

217 5463 308 5517 sancti
320 5462 463 5517 Ambrosii
477 5463 540 5518 llari
554 5464 585 5519 in
599 5466 775 5522 Eucharistia
799 5473 966 5523 naturarum
982 5485 1060 5524 com·
1114 5468 1234 5523 Eusebio
1249 5467 1415 5522 Caesariensi
1430 5466 1574 5538 episcopo,
1588 5467 1715 5522 animam
1728 5471 1834 5522 sanctas
1842 5468 1942 5524 aalma

218 5533 417 5598 mutationem,
434 5551 493 5589 nou
512 5541 555 5591 est
568 5537 703 5591 credibile
723 5539 900 5593 contrariam
928 5540 958 5593 in
974 5541 1061 5594 hocce
1113 5545 1335 5593 transmutatam
1350 5538 1446 5604 luisse,
1468 5543 1619 5608 postquam
1634 5536 1749 5604 devixit,
1771 5537 1801 5593 in
1823 5538 1953 5592 sanson·

216 5604 387 5659 numerati
406 5605 528 5661 voluisse
544 5606 648 5662 dicere.
667 5609 700 5662 Et
714 5624 779 5663 cum
792 5609 921 5664 numeris
933 5610 1060 5664 auterio-
1112 5609 1181 5664 tium
1204 5610 1362 5680 angelicam
1378 5625 1384 5662 τ
1401 5609 1621 5678 'transigentis
1636 5615 1697 5680 poss
1712 5607 1777 5682 αὐτῇ
1803 5608 1891 5681 ψυχῇ,
1910 5599 1943 5658 iri

217 5672 295 5728 ribus
308 5675 439 5731 docuerit
453 5677 481 5731 in
500 5677 676 5734 Eucharistia
691 5679 731 5735 rei
757 5680 843 5734 onius
862 5681 1060 5736 commatatio-
1113 5679 1157 5732 :lu
1181 5681 1319 5754 ἅγθαρτον,
1343 5681 1388 5730 sut
1408 5676 1546 5750 ἁῃιιίκην
1568 5678 1667 5731 adesus.
1692 5683 1799 5734 Anima
1821 5672 1943 5748 16116611
