3930 6098
56 239 104 292 233
570 233 707 292 CONTRA
725 233 928 290 CRAEGORUM
948 231 1124 290 0PPoSlta.
1138 263 1172 273 -
1185 234 1249 291 tlt.
1270 236 1292 289 1.
1753 239 1806 294 234

55 371 192 440 Spiritum
205 369 299 440 [teon.
312 382 370 434 rix,
381 368 436 436 30).
451 366 485 421 Et
508 366 544 422 de
559 380 618 438 quo
633 365 701 422 dicit
715 365 801 421 etiam
817 364 877 436 ipse
895 381 901 419 :
924 363 1177 434 lsuprusinqutos
1194 380 1304 419 corum:
1325 370 1351 420 et
1365 366 1463 436 repleti
1489 370 1553 421 sunt
1580 381 1669 423 omnes
1698 369 1807 438 Spiritu

55 460 216 514 Potestutem
240 457 324 512 babeo
347 455 467 526 ponendi
494 458 615 510 citimam
637 471 732 519 ιιιιιιι,
760 458 787 509 ιι
806 456 904 509 iterum
958 459 1060 520 sancto,
1071 459 1096 508 et
1106 459 1242 523 eruperunt
1255 455 1329 522 toqui
1342 459 1429 510 coriis
1445 457 1559 525 linquis,
1581 462 1663 525 prout
1686 458 1806 528 Spiritus

54 546 179 603 sumertdi
200 563 260 601 euin
279 548 367 612 (Jouu.
392 561 409 598 x
438 544 490 614 t8).
521 545 576 599 iste
608 560 674 598 vero
702 543 836 614 Spiritus,
868 543 904 597 de
957 541 1335 608 sunctusdubutetoquiiltis
1364 546 1433 607 (Act.
1450 559 1479 610 11,
1505 542 1573 614 bi).
1600 544 1631 598 Et
1653 543 1684 598 in
1705 560 1806 600 conse·

54 651 109 708 quo
124 650 206 690 nunc
235 634 362 705 loquitur
388 633 539 704 Apostolus
555 632 585 703 (1
609 634 670 689 Cor.
687 647 736 698 nn,
762 633 837 699 etc),
853 647 905 701 per
958 631 1111 701 quentibas
1127 647 1133 683 :
1151 630 1247 700 Etjerit
1262 632 1455 685 innovissimis
1471 631 1576 698 diebus·
1587 631 1656 687 dicit
1668 635 1806 698 Dominus,

55 725 133 795 cujus
158 721 455 778 subministrationem
464 726 542 775 certa
555 738 605 792 spe
622 720 750 785 conlidit,
775 720 854 791 qnod
874 720 904 774 in
958 719 1096 788 effundam
1110 719 1143 773 de
1162 720 1273 789 Spiritu
1282 733 1339 773 meo
1354 734 1436 788 super
1447 735 1550 774 omnem
1565 736 1684 788 curnem,
1705 725 1731 776 et
1744 738 1807 791 pro·

55 813 132 868 nullo
157 826 246 882 super
270 810 377 865 Christi
410 810 660 877 administratione
701 808 905 875 confundetur,
956 806 1805 882 phetubuntfitiiucstri(ibid,lt;)etreliqua.Etpanlopost:

56 902 128 955 heus
143 906 188 954 est
204 915 211 956 :
227 900 278 971 qui
290 899 378 954 etiam
392 898 515 970 Spiritus
536 905 651 954 sanctus
673 898 845 969 appellatur,
869 896 905 951 ad
958 900 993 953 Et
1009 897 1118 965 quidem
1143 912 1224 967 super
1240 912 1329 951 seruos
1356 912 1426 951 meos
1453 911 1536 966 super
1548 899 1665 952 ancittus
1689 914 1762 954 meus
1777 902 1807 953 in

56 988 249 1045 distictiouem
271 988 363 1043 Patris
386 991 415 1042 et
442 987 519 1054 Filii,
544 987 579 1041 de
604 1003 662 1058 qno
683 990 804 1041 testatur
831 989 905 1054 Apo·
959 986 1052 1041 diebus
1068 988 1123 1041 iltis
1137 985 1319 1055 effundnmde
1344 986 1451 1057 Spiritu
1467 1001 1534 1052 meo,
1558 989 1584 1040 et
1608 987 1809 1055 prophetabunt
1904 976 1908 981 ¹

58 1078 157 1144 stolus,
182 1077 264 1149 quod
292 1077 448 1131 divisiones
476 1076 634 1148 gratiarum
653 1077 715 1146 ipse
742 1076 903 1141 distribuat,
959 1074 1121 1144 (ibid.,l8).
1134 1076 1192 1128 iios
1203 1079 1295 1128 tolum
1307 1074 1457 1144 posuimus
1467 1074 1590 1128 utbeato
1600 1074 1808 1130 Petrodocente

59 1166 104 1237 qni
120 1170 262 1237 operatur
276 1166 374 1220 omnia
387 1170 474 1237 prout
488 1166 558 1220 vult.
573 1165 623 1219 iiic
640 1181 709 1235 ergo
724 1164 848 1234 Spiritus
863 1168 906 1217 est
959 1179 1142 1218 nosceremus
1165 1163 1304 1234 Spiritum
1323 1168 1453 1218 sanctum
1477 1163 1600 1218 effusum
1628 1178 1715 1233 super
1737 1179 1807 1233 apo·

59 1255 172 1323 Christi,
188 1254 437 1326 consubjectione
464 1253 570 1319 servili,
596 1253 644 1307 sed
661 1254 841 1325 processione
866 1251 905 1306 di·
959 1254 1056 1322 stolus,
1079 1258 1104 1306 et
1130 1252 1258 1322 reliquos
1291 1251 1450 1317 credentes,
1481 1251 1533 1322 qui
1560 1250 1669 1322 pariter
1695 1251 1810 1306 fuerant

59 1343 130 1407 rina,
147 1343 237 1410 Patri,
257 1342 386 1414 Filioque
403 1342 433 1398 in
456 1347 569 1409 natura,
587 1341 617 1397 iu
629 1343 788 1413 majestate,
812 1341 842 1395 in
862 1341 904 1395 di·
958 1341 1127 1412 congregati
1152 1341 1199 1394 die
1232 1342 1425 1407 Pentecostes,
1455 1340 1490 1394 ab
1520 1339 1595 1394 iesu.
1629 1339 1709 1394 Unde
1742 1340 1809 1394 scri·

60 1432 168 1502 gnitate
183 1432 311 1503 oeqnaiis.
832 1447 833 1452 ¹
960 1435 1043 1500 ptum
1055 1436 1098 1483 est
1114 1446 1120 1484 :
1134 1431 1212 1484 Hunc
1232 1431 1322 1483 iesum
1347 1430 1519 1483 resuscitavit
1548 1431 1629 1496 Deus,
1647 1430 1692 1482 cui
1717 1443 1807 1484 omnes

91 1520 196 1575 Scribit
226 1524 342 1576 sanctus
366 1520 454 1574 Lucas
477 1520 508 1574 in
537 1519 654 1574 Aciibus
681 1520 903 1590 apostolorum:
959 1534 1009 1573 nos
1030 1523 1107 1572 testes
1131 1532 1222 1572 sumus
1248 1517 1343 1586 (leid,
1373 1517 1431 1586 32).
1458 1517 1566 1571 Deinde
1586 1517 1705 1572 intulit:
1732 1520 1806 1572 Dec·

60 1611 121 1666 Cum
135 1612 273 1664 uenusent
287 1612 414 1663 uutemin
428 1611 556 1678 dipsium,
582 1609 722 1662 tentabunt
747 1610 788 1662 ire
808 1608 904 1677 Bithy·
960 1612 1018 1661 tera
1031 1609 1118 1673 ipitur
1132 1608 1181 1660 Dei
1190 1607 1328 1659 exstintus
1341 1605 1440 1674 effudit
1456 1605 1536 1670 hunc,
1558 1604 1587 1659 id
1604 1610 1646 1659 est
1667 1605 1808 1675 Spiritum

59 1700 142 1765 amm,
155 1706 245 1753 elnon
261 1699 389 1767 permisit
406 1712 449 1751 eos
462 1697 585 1767 Spiritus
610 1699 672 1751 iesu
687 1697 760 1767 (Act.
788 1712 843 1762 ιιι,
863 1696 903 1763 7).
927 1667 1100 1760 Bsanctum,
1128 1693 1266 1748 nimirum
1302 1694 1393 1760 iesus,
1425 1708 1501 1761 quem
1529 1696 1600 1748 Deus
1623 1697 1808 1757 resuscitavit,

60 1788 165 1858 Deque
181 1786 289 1858 Spiritu
303 1786 388 1852 dicat,
404 1785 537 1855 superius
552 1785 904 1853 narratdicenszTrnns·
959 1799 1037 1853 quem
1061 1783 1169 1837 vidistis
1197 1787 1222 1837 et
1251 1781 1370 1836 audistis
1405 1782 1501 1850 (laid,
1531 1782 1585 1851 33).
1620 1782 1736 1836 Vidistis
1778 1781 1809 1835 in

60 1883 147 1931 euntes
184 1881 274 1930 cutem
296 1877 447 1943 Phrygium
474 1879 500 1928 et
526 1873 804 1941 Gulutiaerepionem,
829 1875 907 1928 uetiti
959 1871 1052 1942 igneis
1067 1871 1185 1942 linguis,
1207 1870 1324 1925 audistis
1339 1870 1370 1924 iu
1385 1871 1549 1941 linguarum
1565 1870 1699 1925 verietate
1715 1887 1722 1924 :
1740 1885 1809 1924 narn

60 1969 119 2018 sutri
133 1981 151 2019 u
163 1971 257 2018 sancto
270 1964 379 2033 Spiritu
400 1964 474 2032 toqui
498 1964 608 2018 verbum
630 1965 739 2018 inrisio
762 1962 854 2033 (issu,
866 1962 904 2031 6).
959 1962 1080 2032 Spiritus
1099 1965 1213 2016 sanctus
1225 1960 1254 2015 in
1270 1959 1387 2032 propria
1409 1967 1513 2015 natura
1531 1976 1583 2014 nec
1602 1960 1692 2015 rideri
1711 1976 1810 2032 corpo·

60 2054 148 2118 Quem
173 2052 285 2107 dixerat
311 2051 444 2123 superius
466 2057 599 2106 sanctum
632 2050 782 2121 Spiritum,
810 2049 906 2121 ipsum
959 2051 1142 2117 rearisione,
1164 2066 1215 2104 nec
1235 2050 1330 2104 audiri
1348 2054 1444 2119 potest
1464 2049 1563 2103 auditu
1583 2064 1731 2119 corporeo,
1759 2049 1809 2104 sed

60 2148 157 2214 postea
182 2141 253 2197 dixit
276 2140 415 2212 Spiritum
437 2141 503 2194 iesu
527 2138 677 2194 manifeste
705 2139 823 2209 signans
850 2155 907 2192 non
961 2139 1113 2210 assumpsit
1142 2139 1283 2204 habitum,
1304 2137 1379 2208 ignis
1415 2138 1539 2208 speciem
1559 2137 1611 2191 sub
1640 2137 1807 2209 linguarum

60 2230 147 2284 utinm
159 2245 223 2284 esse
243 2229 382 2300 Spiritum
406 2230 473 2284 iesu
496 2245 584 2301 quam
606 2228 745 2299 Spiritum
765 2233 904 2282 sanctum.
959 2228 1097 2300 imagine,
1113 2244 1170 2299 quo
1186 2232 1282 2298 posset
1297 2226 1413 2293 intueri,
1431 2231 1459 2281 et
1482 2226 1687 2296 discipulorum
1701 2227 1808 2298 potitus

60 2320 114 2374 Cur
151 2322 250 2374 autem
278 2318 390 2373 dicatur
416 2317 540 2389 Spiritus
567 2318 645 2383 lesu,
673 2316 841 2388 frequenter
864 2321 908 2370 est
960 2317 1144 2385 estvocibus‚
1173 2333 1231 2387 qno
1261 2321 1357 2387 posset
1382 2315 1487 2370 audiri.
1519 2315 1601 2379 Quod
1623 2319 1719 2370 autem
1743 2316 1806 2370 ait:

60 2408 180 2474 dictum,
208 2406 345 2478 qnoniam
361 2406 490 2477 procedit
515 2407 624 2460 aleso.
656 2406 717 2460 Non
743 2422 776 2460 ee
804 2410 908 2460 natura
960 2407 1139 2461 Promissioni
1151 2404 1271 2473 Spiritus
1295 2406 1384 2458 sorceti
1406 2409 1545 2473 acceptae
1569 2406 1651 2458 Putre
1674 2403 1807 2459 etindisse

59 2509 115 2562 qua
128 2494 220 2547 iactus
234 2499 276 2546 est
298 2492 521 2548 misericorditer
541 2493 639 2561 honio,
656 2495 703 2549 sed
731 2510 765 2548 ea
791 2510 824 2548 ea
851 2510 908 2565 qua
961 2495 1038 2549 hunc
1062 2493 1211 2563 Spiritum,
1248 2508 1307 2546 non
1337 2492 1506 2555 [livinitatis¹
1540 2492 1587 2546 sed
1621 2492 1810 2547 humanitatis

60 2587 142 2640 natus
161 2581 431 2653 dePatreaequalis
450 2587 493 2635 est
517 2583 604 2636 Patri.
961 2581 1143 2637 commendat
1170 2580 1271 2651 gratia.
1317 2581 1388 2634 h'am
1425 2580 1584 2635 secundum
1626 2581 1811 2636 Divinitatem

92 2671 165 2724 item
195 2669 324 2741 loquitur
345 2669 380 2724 nd
391 2671 505 2725 Titum:
527 2670 679 2726 Secundum
697 2686 775 2725 suum
802 2673 908 2726 miseri-
962 2687 1021 2726 nou
1041 2669 1150 2741 aceepit
1177 2669 1439 2742 repromissionem,
1461 2670 1600 2740 quoniam
1624 2669 1721 2724 omnia
1745 2686 1810 2741 quoe

60 2758 181 2812 cordium
191 2759 280 2813 suiuus
295 2774 343 2813 nos
363 2761 429 2825 fecit
442 2775 491 2828 per
521 2761 660 2814 luuumum
686 2763 907 2828 reperterotionis,
961 2760 1048 2815 habet
1062 2760 1145 2813 Pater
1167 2775 1219 2813 sua
1243 2759 1320 2824 sunt,
1336 2773 1395 2812 non
1410 2759 1609 2830 temporaliter
1633 2758 1809 2831 accipiendo.

61 2853 83 2903 et
93 2851 281 2903 remorationis
303 2849 424 2917 Spiritus
451 2851 552 2918 suncti,
579 2865 657 2917 qttem
682 2849 781 2918 effudit
812 2852 841 2903 in
860 2865 908 2904 nos
963 2850 1014 2905 sed
1029 2848 1204 2904 aeternaliter
1217 2847 1360 2902 habendo.

61 2934 166 2988 abunde
199 2948 250 3003 per
284 2936 374 2989 iesum
413 2936 550 2991 Christum
573 2936 745 2990 Salvatorem
785 2941 947 3024 nostrumc
1397 2980 1399 2988 ι

62 3021 127 3084 (Tit.
148 3037 191 3090 ιιι,
207 3023 245 3092 5).
259 3021 507 3086 Quemadmodum
523 3021 624 3076 effudit
641 3038 692 3092 per
709 3022 806 3077 iesum
823 3023 907 3077 Chri·
1297 2993 1412 3057 CApUT
1445 2995 1474 3048 v·

62 3116 136 3164 stum
158 3109 300 3181 Spiritum
327 3110 477 3165 sanctum?
506 3111 638 3182 nunquid
661 3112 739 3167 velut
764 3112 907 3167 minorem
964 3102 1036 3171 (tuiti
1057 3103 1093 3156 iii
1114 3100 1209 3169 iiim
1230 3102 1319 3154 “mcii
1344 3098 1479 3168 spirtius·
1508 3100 1561 3166 Qui
1579 3105 1669 3170 illita!
1689 3104 1811 3172 Spiritus

62 3215 109 3269 per
124 3199 286 3269 majorem?
301 3200 359 3254 iioc
374 3200 471 3254 Ariani
486 3200 639 3254 voluerunt
654 3215 661 3255 :
675 3201 725 3255 sed
740 3202 852 3255 Patrem
868 3201 909 3255 di·
1327 3192 1447 3242 sanciti·

62 3285 97 3341 cit
110 3285 249 3341 effudisse
262 3286 401 3358 Spiritum
415 3294 544 3342 sanctum
570 3288 735 3358 pertesum
752 3288 907 3356 Christum,
1000 3296 1032 3349 Et
1064 3309 1263 3364 conrparemus
1292 3292 1336 3346 bis
1366 3292 1734 3365 Paulisenlentiamsupra
1749 3295 1815 3365 jam'

64 3378 90 3429 nt
103 3375 272 3430 ostenderet
293 3373 463 3430 effusionem
484 3375 605 3447 Spiritus
630 3377 721 3430 sancti
749 3376 852 3431 iactam
876 3393 908 3431 ea
964 3384 1087 3455 positam
1102 3399 1159 3454 qua
1175 3382 1245 3436 dixit
1258 3382 1378 3452 loquens
1393 3382 1429 3436 nd
1441 3382 1547 3446 Titum,
1564 3383 1599 3436 d'e
1624 3383 1733 3453 Spiritu
1748 3399 1815 3438 san·

61 3464 259 3531 tesquristo,
276 3480 335 3518 non
350 3468 487 3535 tanquam
512 3465 628 3519 aliunde
658 3465 835 3535 accipiendo,
860 3466 910 3520 sed
964 3479 1020 3537 eto,
1036 3472 1226 3541 quemeffudit
1245 3474 1337 3525 innos
1358 3471 1466 3525 abunde
1489 3486 1538 3538 per
1559 3473 1655 3526 -lesum
1676 3473 1814 3528 Christum

63 3569 167 3608 murex
185 3553 281 3623 seipso
296 3552 438 3608 mittendo
455 3569 462 3607 ι
480 3568 574 3625 neque
593 3552 671 3608 enim
698 3553 790 3608 voluit
815 3554 910 3609 dicere
964 3563 1132 3618 Sulcatorem
1163 3566 1285 3615 nostrum
1313 3560 1379 3627 (Tit.
1406 3577 1448 3628 ιιι,
1474 3561 1512 3630 6).
1556 3561 1660 3615 Paulus
1692 3566 1813 3617 testatur

64 3644 187 3698 utPater
200 3640 341 3712 Spiritum
356 3646 487 3697 sanctum
503 3642 636 3697 elindorit
650 3658 701 3713 per
715 3643 811 3698 iesum
829 3644 909 3699 Chri·
964 3648 1286 3722 qnodPaterell'nderit
1305 3648 1443 3718 Spiritum
1473 3654 1603 3703 sanctum
1633 3665 1685 3720 per
1715 3651 1816 3705 lesum<

64 3736 146 3796 stum,
162 3734 304 3800 tanquam
315 3729 340 3784 si
354 3746 406 3801 per
424 3730 549 3785 fistulam
574 3730 740 3785 effundatur
766 3747 851 3803 aqua,
880 3738 912 3786 ut
965 3740 1109 3794 christum
1134 3737 1308 3791 Salvatorem
1348 3741 1488 3790 nostrum.
1524 3738 1623 3791 Petrus
1647 3754 1714 3792 vero
1733 3739 1813 3805 dicit,

66 3819 130 3873 nibil
146 3818 241 3872 inbac
254 3817 393 3873 effusione
412 3818 499 3873 fuerit
514 3818 591 3881 Filii,
607 3824 801 3891 preterquam
825 3820 910 3874 mini·
966 3827 1041 3899 quod
1056 3826 1135 3880 iesus
1159 3824 1292 3878 effuderit
1318 3823 1394 3878 huuc
1419 3824 1553 3879 eumdem
1580 3825 1719 3896 Spiritum
1748 3842 1815 3881 san·

66 3908 182 3963 sterium
197 3911 242 3962 sel
267 3907 433 3977 evectionis,
448 3907 492 3962 vel
507 3909 694 3963 transitionis.
730 3910 786 3964 Hoc
813 3910 911 3980 itaque
966 3921 1242 3984 eiumresurgensa
1274 3913 1406 3967 mortuis.
1431 3912 1539 3976 Quibus
1555 3912 1690 3967 docemus
1719 3920 1748 3968 et
1763 3916 1815 3969 Pa·

67 3997 167 4053 sentire
185 3995 348 4067 impietatis
360 4002 414 4052 est.
430 3998 535 4051 Verum
550 3997 650 4052 alludit
670 3998 753 4053 Pater
773 3998 912 4069 Spiritum
966 4008 1040 4058 trem
1055 4016 1120 4056 enm
1136 4001 1283 4056 elinndere
1299 4007 1327 4055 et
1338 4001 1435 4055 iesum
1450 4000 1603 4064 Christum,
1626 4007 1659 4057 ut
1673 4002 1816 4058 discamus

10 4087 12 4099 '
69 4083 603 4155 sanctuminnosabnndeperiesom
620 4085 764 4140 Christum
786 4086 913 4142 Salsalo-
969 4091 1004 4146 ab
1019 4096 1141 4161 utroque
1157 4090 1311 4160 procedere
1326 4089 1465 4161 Spiritum
1479 4095 1620 4158 sanctum,
1638 4108 1724 4163 quem
1738 4097 1817 4147 uter-v

70 4189 122 4228 rem
135 4179 280 4228 nostrum.
298 4174 366 4244 quia
380 4173 509 4244 procedit
524 4174 673 4240 etaFilio,
696 4174 769 4228 sicut
784 4175 914 4245 procedit
968 4196 1024 4252 que
1044 4178 1393 4249 eliuudit:nequeenim
1423 4179 1549 4251 cogitare
1577 4180 1717 4236 debemus
1744 4182 1817 4236 banc

72 4263 204 4317 nPatrc:
234 4265 263 4315 et
277 4261 398 4316 dicendo
413 4261 515 4316 effudit
535 4278 586 4333 per
606 4263 722 4329 Filium,
748 4263 916 4318 monstravit
936 4264 1139 4324 Deiiusionem
1159 4268 1279 4322 localem
1298 4267 1449 4334 exstitisse,
1472 4272 1503 4323 ut
1524 4269 1559 4323 de
1585 4271 1668 4324 Patre
1697 4285 1818 4325 manans

74 4350 279 4417 processionem
296 4349 391 4420 ejusa
410 4349 493 4418 Filio,
507 4366 561 4405 nec
587 4355 685 4406 tamen
715 4352 828 4423 negrrit
849 4368 915 4406 cum
969 4356 1097 4411 localiter
1111 4355 1258 4410 transierit
1276 4355 1311 4410 ad
1326 4356 1472 4411 Christum
1487 4361 1627 4429 tanquam
1647 4360 1759 4414 Patrem
1773 4374 1818 4414 re·

75 4437 145 4493 Patre
160 4437 337 4512 procedere3
353 4437 422 4509 qnia
431 4455 496 4494 cnm
516 4439 644 4510 procedit
657 4456 675 4494 a
688 4440 770 4508 Filio,
787 4441 917 4511 procedit
970 4445 1140 4516 linquendo,
1156 4444 1201 4498 vel
1215 4448 1246 4498 nt
1260 4449 1358 4515 posset
1379 4445 1414 4500 ad
1443 4445 1546 4500 Filium
1559 4446 1657 4501 venire
1680 4447 1819 4518 semetip-

77 4529 96 4578 ct
108 4543 124 4581 a
138 4527 234 4581 Patre.
970 4546 1033 4584 snm
1043 4527 1232 4593 extendendo,
1244 4533 1275 4582 nt
1285 4529 1496 4583 alterarerosoi
1506 4535 1587 4600 parte
1598 4530 1822 4586 Filiumcontin-

103 4615 140 4669 ile
159 4615 215 4669 bac
240 4613 379 4669 effusione
403 4614 526 4686 Spiritus
552 4616 641 4671 sancti
668 4620 789 4672 testatur
817 4617 916 4672 beatus
971 4624 1061 4689 geret,
1077 4617 1167 4671 altera
1181 4632 1248 4670 vero
1268 4615 1298 4670 in
1326 4618 1408 4671 Patre
1431 4625 1568 4673 innueret.
1593 4619 1731 4675 Similiter
1754 4615 1821 4675 cum

80 4701 166 4757 Petrus
183 4703 216 4756 in
234 4703 352 4758 Actibus
365 4705 562 4775 apostolorum
576 4705 610 4760 de
623 4705 744 4761 Domino
757 4707 824 4762 iesu
835 4706 918 4760 Chri·
971 4723 988 4761 a
1003 4706 1074 4762 Filio
1098 4706 1129 4763 in
1148 4705 1303 4774 discipulos
1320 4706 1407 4761 inerit
1428 4707 1546 4770 effusus,
1559 4708 1602 4762 vel
1628 4708 1731 4764 Filium
1753 4709 1820 4764 reli·

80 4789 283 4845 stoludaeissic
298 4792 573 4862 loquens:lteuteru
602 4796 690 4862 igitur
703 4797 753 4850 Dei
768 4795 917 4861 exultatus,
973 4793 1068 4867 querit
1090 4800 1117 4848 et
1147 4793 1182 4847 nd
1206 4793 1360 4865 discipulos
1384 4796 1503 4859 venerit,
1528 4797 1572 4850 vel
1600 4803 1677 4851 certe
1698 4798 1821 4868 quadam

82 4883 98 4929 ct
106 4881 289 4948 promissione
299 4880 421 4949 Spiritus
436 4884 525 4936 suncti
538 4889 649 4953 accepto
668 4900 685 4937 u
704 4886 793 4950 Putre,
821 4882 920 4950 effudit
973 4881 1156 4954 protensione
1171 4882 1256 4948 iacta,
1272 4882 1458 4954 proportione
1477 4886 1601 4957 quadam
1616 4886 1671 4953 sui,
1696 4884 1821 4955 discipu·

83 4965 139 5023 lunc
161 4982 242 5037 quem
264 4982 311 5022 uos
326 4969 437 5024 uidistis
456 4975 482 5025 et
505 4971 624 5026 audistis
644 4973 718 5040 (Act.
749 4988 777 5034 ιι,
798 4973 854 5039 33).
880 4971 920 5025 De
975 4973 1068 5026 lorum
1083 4970 1171 5025 corde
1189 4970 1378 5037 irradiaverit,
1400 4979 1428 5027 et
1443 4975 1567 5043 quadam
1594 4975 1625 5028 in
1649 4974 1761 5029 Christo
1776 4987 1822 5026 re·

83 5067 127 5123 qno
140 5055 256 5111 locutus
275 5055 365 5111 Lucas
383 5057 414 5112 in
429 5058 538 5113 eisdem
561 5059 679 5113 Actibus
696 5059 921 5114 testaturtlium
975 5059 1199 5127 sederit3veluti
1224 5059 1335 5114 radium
1360 5061 1429 5114 solis
1452 5061 1476 5115 si
1495 5063 1658 5117 consideres
1684 5061 1739 5115 alia
1767 5059 1823 5114 sni·

84 5145 277 5215 complerentur,
304 5145 409 5217 inquil,
430 5147 488 5201 dies
522 5149 695 5215 Pentecostes,
729 5151 807 5201 crunt
831 5161 921 5202 omnes
975 5152 1057 5219 parte
1071 5148 1213 5218 spbaeram
1229 5148 1319 5218 ipsius
1341 5149 1544 5217 illustrantem,
1570 5150 1627 5204 alia
1655 5165 1721 5204 vero
1747 5152 1823 5203 terra

84 5235 177 5297 mriter
188 5236 219 5287 in
232 5232 323 5288 eodem
338 5234 403 5300 loco,
413 5240 438 5289 et
456 5236 548 5302 stactus
564 5241 603 5290 est
624 5239 731 5305 repente
752 5235 784 5288 de
799 5235 860 5290 culo
879 5250 922 5289 so·
976 5237 1174 5306 attingentem.
1189 5237 1243 5291 Sed
1257 5237 1312 5291 ista
1327 5236 1357 5291 in
1376 5238 1546 5309 corporibus
1568 5241 1648 5305 sunt;
1665 5242 1693 5292 at
1711 5237 1825 5292 veroin

84 5332 123 5376 nus
150 5326 286 5390 turiquum
311 5322 481 5378 aduenientis
500 5326 616 5394 spiritus
637 5325 813 5390 vehementis3
829 5328 854 5378 et
879 5339 922 5378 re·
979 5324 1132 5379 Divinitate
1147 5330 1250 5378 sanctae
1264 5325 1409 5380 Trinitatis
1433 5325 1471 5380 nil
1494 5325 1614 5380 istorum
1629 5326 1826 5398 deprehendi·

85 5409 156 5474 titoit
175 5416 261 5467 totum
274 5409 444 5468 minumum
462 5416 541 5483 erum
565 5412 694 5467 sedentes.
728 5414 759 5466 iit
787 5427 923 5481 uppurue-
977 5417 1035 5480 tur,
1052 5412 1102 5466 sed
1117 5413 1224 5483 absque
1247 5414 1385 5484 temporis
1405 5413 1555 5467 intervallo
1575 5413 1605 5467 in
1628 5415 1684 5470 loci
1702 5414 1825 5487 Spiritus

85 5504 138 5553 runt
160 5500 218 5554 iltis
247 5497 398 5568 dispertita
419 5501 665 5570 nopuaetonqoom
693 5502 779 5569 ipris3
803 5499 925 5570 seditque
979 5501 1221 5556 sauctusaPatre
1234 5501 1401 5569 etiunditur,
1418 5501 1550 5555 similiter
1564 5504 1714 5559 statilio.
1732 5505 1826 5561 Etiun·

256 5596 395 5664 Parnon.
421 5599 528 5666 CXXI.
1651 5609 1670 5667 8
