3930 6098
616 339 720 396 ttnntt
739 338 785 394 tte
805 338 928 396 TRIBUS
948 336 1136 394 netsrotts.
1682 334 1749 390 tots

90 483 147 541 quo
171 469 258 524 semel
282 473 458 540 praesumpta
479 468 621 524 sententia
638 474 668 524 et
686 484 785 524 sensus
805 468 847 524 in·
866 473 889 527 A
904 484 997 522 meum
1014 467 1189 523 infirmitatis
1205 473 1257 524 est.
1269 468 1456 533 Quadrantem
1467 464 1749 522 affirmathomiuem

84 557 181 613 derata
205 559 334 628 prolatus
353 557 493 612 obstinata
520 559 617 629 potius
642 558 848 626 defendendus,
904 574 987 630 posse
1010 575 1068 613 non
1094 573 1219 629 paccare,
1244 558 1298 612 hoc
1321 573 1387 614 vera
1408 557 1497 612 divini
1521 563 1563 611 est
1579 555 1669 628 (sicut
1688 555 1750 626 ipse

85 663 90 700 ι
105 646 257 701 salubriter
273 650 390 717 putatus
405 651 446 701 est
462 648 657 717 corrigendus.
672 648 750 702 Unde
762 646 849 702 etiam
905 649 1035 716 testatur)
1052 645 1162 712 auxilii,
1178 652 1209 700 ut
1229 647 1318 717 possit
1332 663 1392 702 esse
1417 646 1499 701 liberi
1525 645 1645 700 hnmani
1671 644 1749 699 arbi·

86 735 185 790 mirari
197 751 255 789 non
271 735 579 806 possumusquomodo
594 735 652 790 illae
667 736 849 807 quinquevel
904 734 960 790 trii.
978 734 1053 789 Dixit
1068 734 1152 789 etiam
1171 734 1297 806 quodam
1323 735 1385 789 loco
1407 734 1484 789 idem
1511 735 1609 788 bantus
1629 732 1747 787 doctor:

86 825 239 879 uacationes
254 840 269 876 a
285 823 368 877 beato
390 823 549 894 Augustino
565 829 665 879 contra
677 823 846 878 ldanichaeo·
904 820 1008 896 [Liberi
1023 823 1133 878 arbitrii
1148 839 1200 877 nos
1220 823 1349 879 condidit
1369 824 1452 891 Deus,
1470 839 1522 877 nec
1539 822 1575 876 ad
1599 821 1748 888 uirtutem,

85 913 192 967 rabiem
206 912 326 979 prolatae
342 927 403 966 esse
418 913 496 966 credi
515 913 672 982 potuerint,
688 928 754 967 cum
773 913 848 967 sicut
904 926 957 966 nec
973 912 1010 967 ad
1024 911 1093 973 vitia
1108 911 1274 967 necessitate
1298 912 1446 966 trahimur.
1469 912 1604 982 Alioquin
1624 911 1675 965 ubi
1698 925 1749 965 na-

85 1001 217 1073 rltiplices
229 1001 296 1055 libri
308 1000 435 1071 ejusdem
455 1002 544 1056 sancti
559 1001 682 1057 doctoris
697 1005 847 1067 testantur,
904 999 1031 1069 cessitas,
1048 999 1294 1072 neocorensem]
1313 1001 1382 1065 Quae
1408 1001 1494 1054 rerba
1516 1000 1577 1069 ejus
1597 1016 1613 1054 a
1635 998 1749 1069 Pelagio

86 1106 116 1144 sa
139 1092 364 1159 hypomnesticon
386 1090 492 1145 libellos
516 1089 665 1145 manifeste
692 1089 850 1145 ostendite
903 1090 1094 1145 volutcoutra
1110 1091 1233 1162 gratiam
1257 1090 1308 1145 Ilei
1332 1091 1474 1160 opposita,
1499 1090 1597 1143 beatus
1618 1087 1750 1160 Augusti-

85 1179 164 1247 ,u'anis
177 1179 304 1248 primum
323 1178 464 1233 haerelicis
486 1184 585 1233 contra
607 1178 695 1234 iidem
721 1177 848 1233 Ecclesiae
904 1193 960 1232 nus
986 1179 1018 1233 in
1041 1178 1114 1234 libro
1137 1179 1172 1234 dc
1198 1180 1305 1234 Natura
1328 1185 1357 1234 et
1376 1178 1473 1234 Gratia
1492 1181 1564 1248 (cap.
1584 1180 1629 1245 65,
1650 1180 1692 1247 66)
1709 1177 1749 1231 ita

85 1268 201 1338 ejectae,
219 1273 248 1320 et
265 1268 301 1322 ad
316 1282 416 1321 eorrrm
432 1267 660 1322 confutationem
683 1268 849 1339 diligentius
904 1265 1032 1336 exponit,
1048 1271 1077 1320 et
1090 1266 1226 1334 defendit,
1244 1266 1340 1321 dicens
1353 1266 1430 1338 qnod
1446 1266 1487 1320 ait
1500 1282 1517 1319 a
1532 1269 1689 1319 memorato
1706 1263 1749 1319 di·

85 1360 221 1411 tractataa.
248 1355 410 1411 certissime
445 1360 541 1410 numm
564 1356 650 1428 (sicut
675 1357 736 1428 jam
762 1372 850 1428 supra
903 1361 1055 1410 ctumesse
1076 1355 1258 1426 presbytero:
1284 1354 1391 1428 [hiberi
1413 1354 1523 1409 arbitrii
1549 1369 1602 1407 nos
1623 1351 1751 1407 condidit

85 1446 136 1514 ins)
160 1443 274 1516 quando
294 1442 360 1498 illos
381 1444 470 1499 libros
492 1445 592 1499 beatus
615 1444 790 1515 Augustinus
814 1446 849 1501 de
905 1444 979 1497 usus
993 1458 1046 1498 nec
1062 1443 1096 1497 ad
1122 1443 1269 1510 virtutem,
1292 1458 1343 1497 nec
1366 1442 1401 1496 ad
1421 1442 1490 1495 vitia
1504 1440 1672 1495 necessitate
1696 1445 1751 1494 tra·

85 1532 177 1587 ‚itione
193 1533 309 1588 Genesis
323 1539 421 1588 contra
444 1533 612 1588 ldanichaeos
635 1533 757 1604 scripsit,
781 1548 848 1590 nec·
904 1531 1017 1586 himur:
1030 1532 1165 1602 Alioquin
1181 1531 1230 1585 ubi
1246 1531 1406 1596 necessitas,
1424 1545 1474 1582 uec
1493 1545 1599 1583 corona
1614 1532 1665 1582 est.
1682 1527 1751 1593 Qtris

85 1621 229 1691 Pelagiani
242 1622 331 1677 auditi
342 1623 487 1676 autexorti
496 1621 849 1695 fuerint:sedlongopost
903 1636 961 1674 non
984 1626 1129 1692 agnoscat,
1149 1619 1213 1690 quis
1234 1635 1292 1673 non
1315 1622 1375 1674 tuto
1401 1619 1486 1673 corde
1517 1616 1663 1686 suscipiat,
1686 1615 1751 1686 quis

85 1723 132 1764 ora
155 1709 306 1764 Ecclesiam
338 1708 389 1764 Dei
420 1709 559 1782 coeperint
593 1709 783 1781 impugnare:
812 1710 848 1765 de
904 1707 987 1763 aliter
1000 1709 1147 1764 conditam
1160 1709 1317 1764 humanam
1336 1712 1424 1779 neget
1443 1722 1504 1762 esse
1525 1704 1750 1760 naturam‘lSed

85 1812 130 1851 nm
146 1797 251 1866 libello,
276 1797 327 1868 qui
344 1798 429 1869 hujus
449 1798 555 1853 erroris
569 1804 598 1853 et
620 1798 848 1854 conturbationis
867 1770 887 1824 Β
904 1797 934 1851 iu
947 1802 1023 1852 recte
1034 1796 1177 1866 faciendo,
1192 1796 1256 1852 ideo
1272 1796 1384 1851 nullum
1400 1801 1443 1850 est
1465 1795 1611 1850 vinculum
1626 1790 1749 1847 uecessi-

83 1885 179 1939 iouam
195 1884 283 1953 dedit,
296 1886 438 1957 quiajam
462 1886 593 1957 superius
616 1886 685 1942 satis
712 1886 847 1955 diximus,
902 1885 978 1954 tetis,
996 1885 1065 1957 quia
1079 1884 1196 1940 libertas
1215 1890 1258 1940 est
1271 1885 1426 1940 charitatis.
1444 1883 1525 1948 Quod
1540 1888 1637 1937 autem
1663 1896 1697 1935 ex
1711 1879 1749 1935 vi·

85 1972 134 2027 ihil
146 1973 269 2042 amplius
284 1973 438 2029 dicandum
453 1980 599 2045 putamus.
903 1973 949 2028 tiis
965 1979 1089 2042 natura,
1104 1989 1162 2028 nou
1177 1990 1211 2029 ex
1226 1973 1391 2029 conditione
1418 1979 1540 2037 naturae,
1563 1970 1600 2025 sit
1614 1967 1750 2041 quadam

85 2062 176 2116 tellum
201 2079 269 2118 vero
295 2065 333 2119 De
357 2063 542 2119 induratione
564 2064 658 2119 cordis
680 2064 846 2132 Pharaonis,
902 2061 1038 2134 peccandi
1053 2063 1214 2130 necessitas,
1239 2061 1337 2116 audiat
1356 2062 1453 2129 homo,
1478 2065 1574 2131 atque,
1601 2063 1631 2111 nt
1649 2055 1749 2112 eadem

98 2150 180 2205 beato
199 2150 373 2223 Hieronymo
393 2152 515 2224 scriptus
528 2157 647 2224 putetur
661 2153 756 2209 necin
773 2153 848 2209 libro
903 2150 1055 2205 necessitas
1069 2166 1128 2205 non
1144 2150 1189 2218 sit,
1202 2150 1292 2205 discat
1305 2151 1362 2204 [leo
1387 2148 1500 2203 dicere:
1519 2167 1533 2197 α
1559 2148 1598 2202 lla
1623 2142 1749 2199 uecessi-

85 2238 123 2293 ris
136 2239 297 2295 illustribus
311 2256 363 2295 nec
376 2240 407 2295 in
420 2242 578 2298 venerabili
593 2242 656 2297 vitae
674 2243 736 2314 ejus
758 2242 849 2298 histo·
903 2238 1008 2294 tatibus
1023 2239 1094 2294 meis
1109 2238 1182 2294 educ
1197 2255 1252 2295 rna.
1270 2260 1281 2288 ι
1299 2238 1343 2294 Sic
1369 2253 1492 2308 namque
1507 2235 1667 2307 opitulante
1682 2246 1748 2303 gra·

85 2331 144 2381 uter
159 2326 221 2398 ejus
237 2329 374 2398 opuscula
395 2329 525 2384 iuvenire
548 2329 708 2400 potuimus.
726 2331 757 2385 lu
776 2331 848 2386 libro
902 2327 943 2381 tia
956 2342 1009 2398 per
1025 2327 1179 2383 Dominum
1200 2331 1332 2383 nostrum
1346 2329 1443 2382 Jesnrn
1458 2324 1612 2389 Christum,
1628 2326 1656 2376 et
1673 2320 1749 2375 mala

85 2431 97 2468 u
113 2417 236 2486 septimo
252 2415 364 2470 decimo
381 2417 619 2489 Explanationum
634 2419 714 2473 lsaiae
729 2420 849 2491 prophe-
902 2416 1053 2472 necessitas
1077 2417 1280 2484 removebitur,
1304 2420 1333 2472 et
1347 2416 1464 2471 libertas
1480 2414 1566 2485 plena
1581 2406 1748 2478 tribuetur]

84 2501 163 2573 iquid
185 2503 241 2558 tale
266 2502 412 2574 scripsisse
437 2511 650 2574 commemorat,
676 2522 729 2561 nec
750 2511 848 2563 tamen
902 2506 967 2561 llaec
979 2505 1080 2561 beatus
1092 2505 1278 2576 Augustinus.

85 2589 162 2646 aliter
179 2592 215 2647 da
236 2591 423 2647 induratione
447 2594 541 2648 cordis
565 2595 731 2664 Pharaonis,
749 2595 798 2650 sed
812 2595 848 2650 de
1236 2629 1349 2684 CAPUT
1367 2629 1412 2684 XL

85 2679 123 2734 lla
137 2680 171 2735 ad
192 2680 336 2734 Romanos
360 2680 530 2736 difficillima
548 2683 670 2754 apostoli
688 2683 847 2754 quaestione
1415 2668 1422 2682 ⁹

85 2771 125 2822 ter
138 2768 339 2838 perstrinxisse
354 2769 493 2841 designat.
517 2769 570 2825 Sed
586 2770 654 2842 qnia
675 2788 727 2826 uos
743 2770 846 2842 hujus-

100 2854 228 2910 liballum
257 2872 406 2928 nunquam
436 2856 570 2925 vidimus,
602 2862 699 2913 utrum
723 2859 772 2913 ille
796 2857 847 2931 qui
936 2860 1015 2927 Quod
1033 2864 1129 2914 autem
1143 2860 1218 2914 inter
1232 2865 1361 2927 caeteros,
1379 2858 1428 2929 qui
1442 2859 1565 2913 detenta
1578 2855 1746 2927 quaestione,

92 2942 161 2997 istos
173 2944 327 3012 invenitur,
345 2950 375 3000 ct
390 2945 455 3018 styli
471 2946 620 3018 gravitate,
646 2950 674 3001 at
695 2946 763 3002 fidei
787 2947 845 3001 sin·
900 2947 1148 3005 divinaevidelicet
1160 2947 1347 3018 praescientiae
1358 2952 1386 3000 et
1398 2943 1659 3017 predestinationis
1672 2943 1748 3014 apud

85 3037 118 3087 ‚te
132 3033 194 3102 eJus
207 3048 268 3087 esse
285 3035 444 3089 credendus
460 3034 507 3102 sit,
528 3038 667 3106 tanquam
690 3035 725 3091 de
746 3035 845 3107 ignoto
865 3055 948 3123 Ceos
963 3037 1109 3107 scripsisse
1129 3039 1336 3102 memorantur,
1363 3035 1450 3089 etiam
1473 3033 1634 3088 Amalarins
1658 3030 1747 3102 poni-

85 3135 128 3176 ara
159 3136 218 3174 uon
239 3136 402 3191 possumus.
440 3122 513 3188 Ouid
538 3127 634 3177 mmeu
662 3122 710 3179 ille
732 3129 845 3179 sanctus
900 3131 958 3193 tur,
975 3126 1119 3183 etScotus
1135 3125 1258 3179 loannes
1281 3123 1317 3179 ab
1340 3123 1381 3178 eis
1404 3123 1440 3177 ad
1462 3121 1647 3176 scribendum
1670 3134 1746 3173 com·

88 3225 101 3264 r
123 3209 207 3280 juxta
232 3210 300 3265 fidei
333 3210 481 3265 catholicae
514 3211 663 3267 raritatem
691 3211 725 3266 de
754 3212 846 3267 libero
900 3214 1000 3285 pulsus
1022 3228 1084 3267 esse
1115 3210 1247 3278 refertur,
1271 3211 1396 3265 multum
1419 3210 1539 3263 moleste
1563 3214 1591 3262 et
1616 3206 1747 3263 dolenter

85 3297 118 3352 'io
155 3299 287 3369 senserit,
325 3303 353 3353 et
391 3299 497 3372 dialogi
532 3299 633 3371 ipsius,
671 3316 744 3374 quos
793 3300 846 3356 sub
901 3301 1066 3372 accipimus,
1082 3305 1114 3355 ut
1133 3299 1316 3355 ecclesiastici
1330 3304 1358 3353 et
1381 3299 1536 3369 prudentes
1560 3296 1613 3351 riri
1637 3298 1746 3350 tantam

85 3401 117 3441 ue
140 3386 226 3441 Attici
250 3393 279 3443 et
299 3388 444 3444 Cretobuli
465 3393 563 3444 contra
587 3389 754 3459 Pelagianos
777 3388 848 3443 scri·
900 3390 1037 3461 injuriam
1061 3388 1247 3459 sibimetipsis
1270 3387 1399 3453 feceriut,
1424 3392 1455 3441 ut
1476 3389 1488 3430 b
1512 3385 1690 3443 Amalarium
1710 3383 1746 3438 da

84 3475 314 3531 manifestissime
331 3481 481 3531 testantur.
508 3478 541 3531 Et
565 3476 633 3532 fidei
650 3476 712 3547 ejus
737 3477 845 3548 proles·
899 3477 968 3535 fidei
983 3477 1094 3534 ratione
1110 3478 1301 3545 consulerent,
1318 3476 1368 3548 qui
1383 3481 1411 3530 et
1424 3475 1526 3540 verbis,
1544 3479 1573 3530 et
1583 3473 1664 3528 libris
1687 3471 1746 3526 suis

85 3578 155 3631 guam
169 3564 336 3634 plenissime
355 3568 384 3619 et
403 3564 609 3635 perfectissime
635 3570 734 3621 contra
759 3581 844 3637 quos·
899 3567 1065 3635 mendaciis,
1080 3570 1109 3620 et
1122 3565 1280 3633 erroribus,
1297 3569 1326 3619 et
1348 3563 1532 3636 phantasticis
1554 3567 1639 3634 atque
1654 3561 1745 3616 haere·

90 3652 311 3707 calumniatores
335 3653 372 3708 ad
397 3652 564 3708 Pontificem
584 3653 659 3709 sedis
684 3652 846 3726 apostolicae
899 3655 961 3711 ticis
975 3654 1216 3726 disputationibus
1232 3653 1325 3725 plenis
1340 3669 1440 3708 omnes
1464 3668 1537 3723 pene
1560 3650 1637 3723 apud
1662 3651 1747 3705 Fran·

85 3738 240 3795 lensionem
256 3741 300 3794 sui
315 3740 414 3803 edidit,
430 3741 497 3796 satis
520 3742 661 3808 ostendit3
679 3741 728 3796 ubi
752 3741 786 3796 de
800 3757 846 3796 eo
899 3745 973 3799 ciam
998 3743 1139 3812 ecclesias,
1166 3749 1194 3798 et
1215 3742 1371 3797 nonnullas
1398 3741 1484 3795 etiam
1505 3740 1627 3794 aliarum
1651 3740 1745 3810 regio·

85 3827 171 3883 libero
186 3828 304 3883 arbitrio
319 3827 359 3884 ita
374 3830 504 3901 loquitur
517 3838 549 3884 ⁸:
567 3828 711 3902 [hiberum
726 3830 765 3885 sic
776 3846 844 3885 con·
900 3848 978 3895 num,
993 3836 1135 3903 quantum
1149 3830 1223 3884 inse
1237 3829 1292 3885 fuit
1314 3828 1424 3896 infecit,
1449 3833 1535 3899 atque
1550 3827 1698 3896 corrupit:
1713 3830 1747 3881 ut

85 3932 115 3972 nr
128 3917 289 3985 arbitrium,
305 3922 338 3972 ut
352 3918 480 3973 dicamus
503 3935 556 3973 nos
571 3935 685 3990 semper
699 3918 750 3974 Dei
769 3919 844 3975 indi·
899 3937 955 3976 non
967 3926 1028 3976 tam
1048 3919 1110 3990 ipse
1125 3919 1160 3974 de
1181 3918 1238 3974 ilde
1253 3917 1435 3989 interrogari,
1453 3931 1539 3988 qnam
1560 3916 1657 3969 omnia
1678 3913 1747 3968 scri·

85 4005 191 4060 auxilio
203 4022 209 4061 :
222 4011 251 4061 et
266 4011 324 4061 tam
348 4006 412 4062 illos
427 4022 522 4062 errare
544 4007 674 4079 quicum
690 4008 844 4064 llanichaeo
899 4015 948 4083 pta
961 4011 1023 4082 ejus
1045 4009 1145 4064 saltem
1170 4011 1236 4079 post
1252 4011 1375 4061 mortem
1399 4005 1491 4076 ipsius
1512 4003 1666 4059 debuerint
1679 4001 1746 4074 igne

86 4093 258 4149 thominem
277 4101 426 4166 peccatum
450 4095 540 4150 vitare
557 4111 616 4150 non
639 4113 733 4168 posse,
755 4113 843 4168 quam
898 4097 1039 4165 consumi,
1055 4113 1092 4152 ne
1104 4093 1294 4168 simpliciores
1308 4094 1426 4167 quique,
1437 4092 1488 4165 qui
1498 4108 1547 4147 eos
1563 4091 1687 4146 multum
1699 4090 1746 4146 di·

85 4181 127 4254 1ui
139 4183 365 4238 cumtovininno
380 4189 513 4238 asserunt
526 4183 675 4239 hominem
690 4201 746 4239 non
761 4200 843 4256 posse
898 4186 999 4258 ligere,
1016 4191 1045 4241 et
1063 4184 1185 4256 legendo
1208 4182 1391 4255 frequentare
1415 4182 1560 4248 dicuntur,
1583 4195 1683 4234 eorum
1705 4178 1746 4234 le·

85 4285 132 4325 rc:
146 4276 266 4342 uterque
280 4272 357 4327 enim
374 4272 449 4328 tollit
463 4272 575 4328 arbitrii
595 4272 768 4329 libertatem.
788 4275 844 4329 Nos
899 4274 991 4330 ctione
1006 4279 1035 4331 et
1049 4273 1174 4329 inaniter
1189 4275 1407 4344 occuparentur,
1431 4277 1459 4326 et
1481 4268 1642 4342 perniciose
1664 4268 1744 4323 falle·

85 4358 208 4414 dicimus
228 4360 379 4415 hominem
401 4377 515 4432 semper
534 4364 564 4415 et
584 4377 711 4432 peccare,
735 4366 763 4415 et
786 4378 844 4416 non
865 4347 1043 4417 [icentunae
1059 4363 1281 4433 deciperentur3
1296 4367 1333 4429 et,
1359 4359 1437 4432 quod
1461 4358 1578 4431 majoris
1604 4361 1647 4413 est
1667 4357 1747 4428 igno·

1014 2740 1049 2793 lle
1063 2738 1206 2793 Amulnrio
1215 2754 1227 2800 ‚·
1241 2735 1398 2805 descriptis
1417 2736 1529 2790 Joitnnia
1544 2734 1628 2789 Scoti.

85 4463 115 4502 re
130 4463 213 4519 posse
229 4453 261 4502 ut
277 4464 392 4519 semper
405 4465 457 4503 nos
479 4448 563 4505 liberi
577 4448 770 4503 confiteantur
783 4466 844 4504 essa
899 4449 995 4504 miuiae
1010 4456 1096 4521 etque
1109 4449 1257 4520 opprobrii
1269 4449 1386 4504 Scotum
1401 4449 1482 4503 illum
1505 4448 1540 4503 ad
1562 4446 1746 4500 scribendum

85 4534 131 4605 ii]
147 4537 180 4590 ln
195 4536 299 4607 quibus
316 4536 393 4591 beati
416 4536 539 4591 doctoris
562 4536 656 4591 verbis
679 4537 756 4609 quod
770 4536 864 4611 afflr·¹
898 4537 1113 4607 compellerent.
1138 4537 1192 4600 Oui
1214 4536 1288 4590 sicut
1313 4553 1345 4591 ex
1377 4538 1440 4607 ejus
1462 4537 1574 4607 scriptis
1601 4533 1746 4589 verissime

85 4623 225 4679 nominem
245 4640 359 4696 semper
382 4641 498 4696 peccare
519 4642 605 4696 posse
628 4625 844 4681 manifestehu·
898 4626 1103 4696 comperimus,
1127 4640 1180 4679 nec
1204 4624 1266 4694 ipsa
1300 4625 1384 4679 rerba
1411 4624 1625 4696 scripturarum
1654 4623 1747 4679 adhoc

527 4754 628 4811 NOTAE
648 4753 810 4810 nbvhtttt
829 4751 1003 4809 nocronts
1023 4751 1217 4809 subaudiet.

86 4886 126 4925 aec
140 4870 208 4926 fidei
223 4873 362 4942 professio
377 4889 436 4929 non
451 4874 477 4930 S.
496 4873 661 4945 Hieronymi
683 4875 716 4929 ad
743 4876 846 4929 Dama·
903 4873 1003 4928 Florus
1022 4874 1052 4927 in
1076 4890 1117 4944 ps.
1143 4887 1224 4938 cxxx,
1241 4871 1376 4926 adversus
1397 4871 1574 4926 Amalarinm
1599 4871 1744 4927 scribens:

85 4941 159 4996 sedi
183 4943 241 4997 sius
259 4944 366 5015 Pelagii
381 4946 416 4999 ad
433 4947 633 5000 Innocentium
649 4946 701 5001 PP.
901 4945 989 5012 «Vis,
1014 4944 1118 5015 inquit,
1155 4943 1306 4997 comedere
1338 4942 1433 5023 ipsum
1468 4941 1622 4996 [lominum
1655 4944 1745 4997 ileum

85 4959 200 5082 uggiliiat
218 5020 246 5069 et
260 5017 355 5083 arguit
370 5016 548 5069 Amelarium
569 5015 767 5079 ergdunensis
791 5017 846 5072 Ee·
901 5015 1005 5071 tunm?
1020 5015 1093 5070 Audi
1107 5014 1175 5086 quid
1191 5014 1284 5069 dicat:
1301 5035 1315 5063 ι(
1330 5014 1419 5068 ltrlata
1434 5027 1465 5065 os
1481 5019 1561 5066 tuum
1574 5019 1602 5067 et
1617 5013 1745 5082 implebo

113 5089 251 5154 tauquam
283 5085 414 5141 omnium
437 5086 587 5142 hoeraseon
610 5087 686 5143 illius
707 5086 845 5157 temporis
903 5086 1012 5141 »illud
1031 5107 1041 5134 s
1061 5085 1178 5140 [litatate
1202 5100 1253 5140 ora
1275 5090 1380 5152 vestra,
1400 5083 1462 5152 ipse
1487 5090 1530 5137 ast
1558 5083 1695 5138 [tetuinus
1717 5088 1746 5137 et

85 5168 145 5208 rem
159 5161 189 5209 et
202 5162 407 5226 promotorem.
424 5156 493 5221 Quis
513 5164 610 5212 antem
634 5157 730 5221 fuerit,
754 5157 846 5229 magis
899 5156 994 5228 panis,
1010 5155 1070 5227 ipse
1087 5157 1216 5210 hortatur
1231 5172 1284 5211 uos
1301 5161 1333 5210 ut
1347 5154 1548 5208 comedamus:
1565 5159 1594 5206 at
1609 5154 1670 5223 ipse
1694 5169 1744 5207 no·

85 5229 149 5279 atur
163 5241 250 5296 quam
271 5228 369 5281 scitur.
391 5228 488 5283 Solum
510 5229 605 5298 accipe
624 5243 657 5282 ex
680 5228 845 5283 doctissimo
901 5233 958 5282 ster
980 5231 1022 5281 est
1043 5226 1142 5280 cibus:
1192 5233 1312 5281 uantum
1338 5225 1510 5291 dilataveris,
1536 5229 1648 5278 tantum
1674 5223 1744 5278 acci·

85 5295 196 5349 Nicolao
224 5296 324 5363 Pabro,
351 5298 450 5353 sedulo
472 5298 652 5369 antiquitatis
668 5300 843 5369 pervestiga·
900 5298 973 5368 pies.
994 5316 1009 5346 o
1026 5297 1162 5351 llncille.
1202 5311 1287 5366 xquo
1299 5297 1559 5351 con'ectureelocus
1569 5294 1745 5366 relinquitur

95 5365 212 5420 Florum
241 5371 421 5438 magistrum.
456 5384 543 5438 quem
565 5371 733 5424 Trecensem
761 5370 845 5425 illum
899 5367 1172 5423 Amalariumillnm
1190 5383 1325 5422 unacum
1347 5314 1456 5422 iuuene
1480 5367 1561 5422 Scoto
1584 5364 1671 5420 fuisse
1695 5366 1745 5421 Be·

85 5451 163 5506 >pum
181 5437 363 5501 arbitramur,
380 5439 430 5520 qui
448 5446 547 5494 contra
565 5440 705 5494 loannem
728 5441 844 5495 Scotum
900 5438 1025 5509 rengarii
1041 5445 1270 5510 praeeorsoreset
1286 5438 1370 5492 veluti
1383 5438 1586 5518 antesignanos
1596 5453 1605 5507 3
1620 5452 1745 5508 quorum

87 5508 272 5563 tteschalcom
299 5511 414 5580 scripsit
436 5510 661 5582 quamplurima,
684 5511 734 5564 sed
758 5511 788 5564 iu
810 5510 845 5564 iis
899 5524 1026 5563 errorem
1041 5509 1129 5563 nostri
1155 5508 1456 5579 Eucharistomasliges
1473 5509 1646 5577 jamdudum
1670 5507 1745 5579 sopi-

85 5593 132 5632 am
165 5579 414 5635 animadversione
447 5579 632 5653 dignissima;
660 5579 707 5636 hic
725 5580 845 5652 inquam
899 5585 962 5635 tum
977 5586 1006 5635 et
1019 5579 1187 5635 exstinctum
1201 5579 1238 5635 ab
1251 5595 1317 5635 orco
1330 5578 1515 5634 suscitarunt.
