3930 6098
391 281 497 338 LIBER
515 280 841 341 sacaauhutottttu.
857 314 891 324 -
908 285 1184 346 Bhuuuicrtutths
1202 289 1310 346 EPlSC.
1674 294 1727 348 858

84 413 174 469 allai.
192 414 389 470 contremesco
408 417 436 468 at
455 413 559 486 effuge,
576 414 708 469 invocato
728 414 824 470 nomi·
844 417 868 471 Α
882 404 1078 489 praesumebas
1092 418 1269 490 contingere.
1281 420 1392 477 Recede
1402 436 1471 493 ergo
1487 437 1564 477 nunc
1578 422 1727 493 adjuratus

85 503 152 560 mini
171 503 249 558 illius
271 519 358 575 quem
377 503 462 558 inferi
482 509 619 572 tremunt,
641 504 687 560 cni
708 505 827 561 virtutes
883 506 914 560 in
930 507 1047 562 nomina
1060 507 1122 578 ejus
1138 507 1174 562 ab
1189 508 1306 563 bomine
1321 525 1406 580 quero
1420 510 1483 581 ipse
1498 509 1660 581 plasmavit.
1673 511 1727 565 Du·

84 607 123 661 m,
149 596 178 648 et
202 596 366 663 potestates,
399 597 429 646 et
452 593 667 648 dominationes
693 593 827 664 subjectae
882 611 947 650 rum
963 595 1016 650 tibi
1030 601 1082 665 cst,
1102 596 1212 652 Christo
1235 598 1305 651 velle
1329 598 1472 668 resistere,
1489 597 1594 654 durum
1610 605 1654 653 cst
1674 598 1728 654 tibi

85 695 156 752 [nem
171 679 312 736 cherubin
335 686 363 735 ct
380 681 516 753 seraphin
540 680 690 736 indefessis
711 681 827 737 vocibus
882 690 982 740 contra
1013 685 1162 740 stimulum
1200 685 1365 753 calcitrara;
1400 687 1467 757 quia
1502 691 1580 741 tauto
1616 687 1727 742 tardius

85 774 103 824 t.
120 765 245 841 Imperat
260 769 313 824 tibi
330 769 454 825 Verbum
474 786 540 825 caro
556 770 678 837 lacturn;
701 770 826 840 imperat
882 771 951 838 exis,
972 776 1051 827 tanto
1070 771 1122 827 tibi
1144 771 1315 843 supplicium
1343 773 1434 843 majus
1453 773 1564 842 crescit,
1588 774 1727 844 quoniam

84 862 129 913 tus
143 874 176 913 ax
196 857 317 929 virgine,
334 858 457 930 imperat
479 859 530 914 tibi
549 860 629 914 lesus
651 860 823 927 Nazarenus,
881 876 939 916 nou
959 860 1106 915 hominem
1128 861 1297 928 contemnis,
1318 862 1366 915 sed
1387 861 1467 916 illum
1488 861 1539 933 qui
1564 859 1727 917 dominator

90 962 156 1001 cum
171 946 325 1017 discipulos
341 947 403 1017 ejus
428 952 638 1014 contemneres,
656 947 777 1001 illaesum
797 951 826 1002 et
880 949 1011 1005 vivorum
1026 954 1055 1005 et
1069 956 1249 1006 mortuorum
1260 954 1310 1004 est.
1327 949 1383 1014 Qui
1396 955 1532 1004 venturus
1545 954 1587 1004 est
1598 950 1727 1021 judicare

85 1038 150 1090 ‚tum
173 1034 251 1089 exire
274 1035 362 1105 jussit
382 1036 418 1091 ab
440 1035 568 1103 bomine,
586 1035 647 1100 Ouo
671 1041 823 1107 prasente,
882 1039 1001 1095 virosat
1014 1044 1144 1093 mortuos
1159 1046 1181 1093 ⁸.

98 1122 134 1177 ab
148 1123 266 1179 homine
287 1131 456 1194 separasset,
473 1140 525 1180 nec
539 1140 690 1195 porcorum
706 1140 825 1197 gregem

85 1300 90 1336 ι
121 1282 186 1338 linis
215 1286 279 1337 erat
315 1283 381 1337 libri
409 1283 657 1339 sacramentorum
685 1284 824 1340 Grimoldi
879 1283 1020 1340 Caeterum
1046 1282 1260 1338 benedictiones
1283 1280 1457 1351 episcopales
1485 1280 1619 1361 (quarum
1649 1279 1725 1351 trag·

85 1353 133 1409 tin
152 1354 299 1425 precipuo
314 1353 410 1408 codice
432 1370 485 1407 ms.
506 1354 679 1409 Coloniensi.
693 1356 766 1421 Ouia
780 1362 823 1410 ta·
879 1358 1008 1409 mentum
1024 1369 1138 1434 quoque
1154 1358 1215 1407 erat
1229 1352 1281 1406 sub
1297 1353 1385 1408 linem
1397 1352 1572 1408 Coloniensis
1588 1349 1727 1421 praecipui

85 1428 226 1497 rprologo
240 1425 328 1494 hujus
354 1424 418 1479 iibri
434 1425 521 1478 etiarn
543 1425 745 1480 Praelationum
761 1443 821 1481 me·
878 1424 983 1480 codicis
998 1425 1053 1478 alra
1076 1440 1163 1479 mann
1183 1424 1329 1494 scripturo)
1346 1439 1382 1477 ex
1406 1439 1456 1478 ms.
1474 1423 1536 1477 cod.
1564 1421 1728 1492 Ultrajecti-

85 1511 146 1566 luas
161 1496 190 1550 in
207 1496 265 1550 fine
281 1496 385 1549 codicis
399 1495 484 1566 hujus
500 1497 637 1566 posuerit,
654 1503 681 1550 et
702 1498 819 1552 Benedi·
879 1512 926 1561 no,
955 1500 982 1549 et
1006 1495 1063 1549 alio
1095 1495 1219 1565 quodam
1247 1494 1420 1559 Coloniensi,
1445 1493 1495 1564 qui
1520 1492 1727 1564 episcopalium

85 1582 107 1621 m
135 1567 171 1620 ab
194 1566 329 1637 episcopo
348 1582 434 1636 super
459 1566 599 1636 populum
624 1566 822 1637 dicendarum,
878 1566 1058 1623 functionum
1085 1566 1222 1621 Ordinem
1240 1565 1485 1646 complectebatur
1511 1563 1724 1633 descripsimus.

86 1652 106 1693 n
124 1638 188 1708 ejus
203 1638 278 1707 quod
298 1637 328 1690 in
348 1637 443 1691 codice
463 1638 493 1690 B.
517 1637 646 1709 Gregorii
666 1640 699 1691 ad
719 1640 822 1705 gradus
880 1639 911 1692 ut
935 1636 1113 1693 Coloniensis
1142 1636 1258 1706 quidem
1284 1636 1330 1690 hic
1354 1636 1449 1690 tlodex
1470 1634 1573 1704 viginti
1599 1639 1725 1704 quatuor

85 1723 127 1763 ras
152 1709 182 1761 in
208 1708 329 1761 Ecclesia
353 1707 575 1773 constituendos,
605 1724 664 1762 non
689 1710 819 1775 habetur,
878 1708 1095 1762 Dominicarum
1125 1712 1191 1778 post
1218 1707 1526 1761 octavasPentccoslcs
1548 1704 1727 1759 Benedictio-

85 1794 142 1833 essa
163 1778 297 1832 mutilum
320 1778 455 1834 codicem.
476 1781 562 1834 Porro
583 1779 617 1834 ad
639 1780 822 1835 praelationes
843 1762 928 1834 Bnes
947 1796 978 1833 su
1003 1777 1152 1849 peditavit,
1173 1793 1245 1848 quas
1268 1777 1375 1832 idcirco
1394 1776 1481 1831 etiam
1505 1781 1534 1829 et
1557 1775 1634 1846 quod
1657 1790 1723 1829 cum

85 1849 181 1916 ,ttinct,
198 1848 265 1919 quia
280 1848 521 1904 nulluscodicum
536 1866 588 1904 ms.
608 1851 822 1921 separatimeas
877 1796 1032 1920 cvangeYiis
1061 1849 1275 1904 Dominicarum
1303 1848 1484 1903 concordiam
1513 1845 1619 1900 habere
1651 1844 1728 1899 vida·

85 1919 153 1987 that,
174 1919 208 1973 ad
223 1919 408 1974 Praelationes
427 1920 479 1973 sub
503 1922 608 1974 calcem
633 1922 718 1991 primi
735 1923 822 1976 tomis
877 1929 987 1986 rantur,
1004 1921 1099 1991 priore
1115 1923 1176 1975 loco
1188 1919 1400 1974 collocavimus.
1419 1917 1555 1975 Undecim
1573 1932 1639 1971 vero
1656 1931 1723 1987 quae

106 1990 242 2045 lectorem
264 1991 437 2045 remittimus
457 1990 496 2059 (ot
518 1991 558 2045 uti
578 1991 665 2046 etiam
687 1993 723 2047 ad
738 1993 820 2047 Ordi·
876 1993 945 2046 solae
978 2001 1061 2046 crant
1089 1991 1120 2045 in
1143 1990 1325 2061 UltraJectino
1350 1989 1446 2045 codice
1471 1994 1535 2061 post
1554 1987 1606 2042 has
1636 2002 1721 2057 repo-

85 2076 233 2129 omanum,
248 2062 324 2133 quod
339 2061 374 2115 ad
387 2061 493 2132 gradus
508 2062 659 2116 inferiores
672 2064 783 2117 attinet.
876 2063 997 2116 suimus.

85 2195 93 2232 r
110 2185 201 2233 nostra
212 2183 329 2233 editione
344 2183 432 2232 statim
448 2187 594 2247 sequuntur
607 2183 807 2235 benedictiones
821 2183 993 2249 episcopales.
1009 2183 1080 2233 Edit.

305 2475 879 2582 BENEDICTIONES
917 2474 1399 2582 EPISGOPALES

661 2675 728 2729 PER
748 2675 830 2728 ANNI
850 2673 1037 2730 CIRCULUM.

573 2919 709 2987 JACOBl
734 2918 902 2984 PAMELll
928 2918 1128 2986 houlcurt.

87 3109 279 3165 nedictionem
307 3110 509 3182 episcopalem,
540 3110 635 3182 inquit
655 3109 822 3180 liudulphus
842 3108 964 3170 Ccitati,
990 3109 1032 3171 uti
1058 3113 1133 3164 recte
1158 3109 1363 3180 interpretatur
1386 3108 1565 3180 llicrologus,
1592 3123 1655 3178 cap.
1675 3110 1723 3176 ti,

85 3181 161 3250 rusia
177 3182 213 3235 de
228 3182 295 3237 Can.
313 3181 442 3248 obsera,
463 3197 579 3252 propos.
599 3182 664 3247 ult„
687 3181 820 3236 Martialis
874 3179 926 3234 has
942 3179 1165 3244 benedictiones,
1181 3179 1264 3234 sicuti
1287 3185 1316 3234 ct
1334 3180 1471 3234 Toletano
1490 3178 1613 3234 concilio
1634 3183 1724 3233 statu·

85 3268 139 3316 tus,
166 3254 362 3324 apostolorum
396 3252 561 3323 discipulus,
596 3268 630 3306 ex
655 3251 820 3323 magisterio
875 3255 937 3304 tum
952 3250 1017 3316 luit,
1034 3257 1099 3305 ante
1125 3251 1408 3306 cominanionemab
1431 3250 1573 3320 episcopis
1590 3250 1659 3305 olim
1679 3250 1725 3304 fa·

86 3339 170 3377 orum
185 3323 311 3382 tradidit.
326 3323 490 3378 Ambrosius
512 3323 605 3377 dicere
624 3323 719 3393 coepit,
740 3323 820 3392 isque
875 3329 934 3376 ctas
958 3322 1105 3376 indicant:
1142 3322 1218 3392 quod
1240 3322 1399 3376 etiamnum
1426 3321 1573 3376 observari
1596 3320 1725 3375 videmus

85 3409 142 3447 sseo
163 3409 369 3464 usquequaque
390 3393 542 3447 convaluit.
569 3395 749 3462 apostolicus
772 3409 820 3447 au·
875 3392 1064 3463 abepiscopo
1085 3391 1243 3453 Parisiensi,
1262 3393 1329 3447 dnm
1349 3392 1496 3464 publicum
1510 3392 1604 3447 missae
1619 3390 1726 3446 sacrili·

85 3478 124 3518 nc
137 3468 249 3518 tantum
272 3480 337 3535 quas
355 3464 436 3519 linita
461 3465 545 3518 missa
566 3463 680 3528 dicitnr,
713 3463 818 3517 dicit.»
875 3464 951 3518 cium
973 3463 1107 3518 celebrat.
1134 3465 1242 3518 ilerum
1261 3465 1407 3535 exemplar
1426 3479 1476 3534 per
1497 3463 1565 3517 anni
1586 3463 1725 3516 circulum

85 3535 240 3604 eproiecto
256 3535 355 3605 paucis
377 3535 421 3589 liis
439 3535 534 3589 verbis
549 3535 693 3606 integram
720 3535 761 3588 rei
780 3549 821 3586 se·
876 3534 1013 3603 adjecisse
1028 3551 1057 3588 sc
1073 3534 1149 3590 dicto
1164 3538 1284 3606 prologo
1305 3540 1426 3590 testatur
1446 3534 1617 3590 Grirualdus.
1640 3532 1725 3589 «td-

85 3606 288 3730 implorasset,
302 3606 466 3660 divinorum
481 3607 641 3660 olticiornm
659 3605 820 3677 indagator,
876 3605 1011 3667 didimus,
1028 3604 1133 3676 iuquit,
1150 3606 1237 3661 etiarn
1250 3613 1279 3661 et
1293 3605 1518 3669 benedictiones,
1534 3606 1570 3658 ab
1590 3603 1725 3674 episcopo

85 3677 182 3731 taius
210 3676 456 3746 diligentissimus.
484 3678 516 3731 Et
539 3693 605 3731 vero
639 3677 740 3745 primis
764 3675 822 3729 illis
876 3675 1723 3747 superpopulumdicendas.»QuareetlibroSacraman-

85 3763 89 3800 i
110 3747 245 3802 usitatam
265 3749 338 3801 hanc
366 3747 593 3802 benedictionem
617 3746 821 3816 comprobatur
875 3755 970 3800 torum
991 3747 1000 3799 i
1022 3746 1081 3800 sius
1092 3763 1139 3801 aas
1154 3747 1339 3817 subjecimus,
1355 3747 1386 3800 in
1401 3762 1501 3801 eornm
1513 3745 1635 3815 gratiam
1648 3744 1724 3815 apud

85 3834 100 3871 a
125 3819 180 3872 llll.
208 3819 339 3883 Damaso,
369 3818 528 3883 Ambrosio,
556 3820 736 3888 Hieronymo,
768 3821 823 3870 Au·
876 3832 949 3887 quos
965 3762 1059 3870 adhuc
1079 3817 1157 3888 viget
1175 3817 1222 3873 hic
1238 3817 1474 3872 benedictionum
1497 3816 1579 3883 ritus,
1598 3815 1650 3870 etsi
1660 3817 1723 3896 jam

85 3906 101 3954 i,
139 3888 369 3958 carthaginensis
401 3890 512 3943 concilii
550 3889 688 3942 Patribus.
728 3891 821 3942 Leone
875 3888 943 3941 inde
965 3887 1098 3942 abaetata
1119 3889 1262 3960 Radulphi
1287 3889 1422 3943 Romae
1447 3902 1559 3941 summo
1587 3885 1724 3957 pontifice

91 3962 121 4014 at
133 3959 290 4031 agathensi
305 3959 434 4026 concilio,
455 3960 601 4013 mirtuatis.
620 3960 746 4024 erorum
762 3958 822 4012 -loci
875 3973 935 4012 non
950 3957 1123 4013 observatus.

85 4207 340 4250 aaranrcriorus
364 4210 401 4249 na
424 4210 572 4252 iavacro
598 4211 725 4253 nou1r1.
843 4198 865 4252 D
1230 4200 1296 4254 ltem
1311 4197 1379 4253 olio.

87 4280 201 4352 ipotens
226 4282 310 4348 Dens,
338 4283 420 4353 cujus
440 4283 585 4355 Unigeniti
612 4285 767 4339 adventum
795 4287 823 4339 et
915 4284 1103 4356 Omnipotens
1136 4286 1210 4340 Dens
1244 4302 1292 4340 ros
1320 4286 1432 4356 placido
1467 4286 1547 4339 voltu
1578 4283 1723 4354 respiciat,

85 4367 156 4423 itum
169 4369 294 4436 creditis,
311 4375 339 4424 et
353 4369 483 4424 futurum
503 4373 669 4441 expectetis,
695 4372 824 4444 ejusdcm
879 4380 908 4429 et
923 4374 950 4428 in
972 4391 1020 4429 vos
1035 4391 1095 4430 sure
1115 4376 1320 4431 benedictionis
1334 4375 1442 4430 donum
1462 4374 1606 4429 infundat.
1621 4375 1724 4429 Amen.

84 4473 117 4511 us
131 4473 180 4511 vos
195 4457 385 4513 illustratione
400 4459 567 4528 sanctificet,
590 4467 619 4515 et
633 4478 684 4515 suo
702 4461 823 4516 benedi·
918 4466 949 4518 Et
972 4464 1020 4534 qui
1043 4466 1094 4518 hos
1120 4467 1180 4520 dies
1201 4465 1399 4520 incarnatione
1423 4463 1569 4535 Unigeniti
1594 4462 1728 4517 scilecit

88 4546 252 4616 locupletet.
268 4549 369 4602 Amen.
880 4552 1033 4619 solemnes,
1050 4570 1068 4606 e
1082 4553 1190 4607 cunctis
1211 4552 1360 4623 praesentis
1375 4557 1404 4606 et
1420 4551 1523 4606 futurae
1538 4551 1604 4605 vilae
1629 4551 1727 4606 adver·

85 4635 208 4690 recentis
227 4635 293 4690 ritoe
314 4636 406 4691 stadio
427 4653 474 4691 ros
498 4636 533 4691 ab
553 4639 632 4691 omni
652 4636 824 4692 adversitate
879 4642 1011 4696 sitatibus
1024 4657 1073 4695 ros
1086 4640 1185 4696 reddat
1197 4640 1355 4695 indemnes.
1374 4645 1472 4695 Amen.

85 4728 126 4793 at,
142 4728 170 4778 et
188 4740 217 4779 se
236 4723 316 4779 robis
328 4724 359 4778 in
371 4723 482 4795 judicio
496 4726 665 4798 placabilem
681 4725 822 4779 ostendat.
916 4731 949 4785 Et
966 4728 1015 4800 qui
1029 4729 1073 4800 de
1084 4729 1206 4782 adventu
1230 4727 1430 4798 Redemptoris
1450 4728 1538 4782 nostri
1567 4726 1724 4780 secundum

880 4834 995 4872 carnem
1019 4816 1121 4872 devota
1149 4821 1245 4871 mente
1270 4816 1418 4880 laetamini,
1443 4817 1473 4870 in
1498 4815 1630 4879 secundo,
1660 4830 1726 4869 cum

94 4898 239 4972 accinctis
264 4904 445 4971 peccatorum
472 4900 611 4972 contagiis
634 4900 757 4966 liberati,
786 4900 824 4955 il·
880 4907 909 4960 in
924 4905 1070 4978 majestate
1087 4920 1139 4959 sua
1153 4906 1271 4973 venerit,
1294 4905 1420 4977 praemiis
1441 4911 1556 4961 aeterna
1569 4905 1635 4958 vitae
1654 4904 1725 4958 dite·

85 4987 202 5042 emendi
223 4988 363 5044 examinis
392 4989 468 5044 diem
492 4990 660 5061 exspectetis
691 4990 824 5044 interriti.
881 4995 961 5049 mini.
978 4997 1078 5050 amen.

915 5083 997 5148 Quod
1013 5082 1075 5156 ipsa
1088 5087 1224 5154 praestare
1239 5083 1382 5155 dignetur.

85 5163 94 5218 l
119 5164 180 5235 ipsc
206 5173 340 5238 praestare
365 5167 508 5238 dignetur,
525 5169 573 5240 qui
603 5186 669 5224 cnm
692 5171 775 5225 Patre
797 5174 826 5224 et
916 5172 1079 5228 benedictio
1094 5172 1145 5227 uei
1160 5173 1262 5229 Patris.

85 5259 198 5310 sancto
210 5256 278 5309 vivit
292 5261 320 5310 et
335 5256 476 5327 gloriatur
495 5259 578 5326 Deus,
594 5275 645 5330 per
660 5259 757 5314 omnia
773 5276 825 5314 ste·
1225 5264 1291 5318 item
1310 5263 1378 5317 clia.

85 5343 239 5399 acutorum.
255 5348 356 5400 Amen.
916 5350 1000 5416 Deus,
1013 5350 1094 5421 cujus
1108 5352 1249 5407 adrentus
1261 5350 1466 5405 incarnationis
1483 5348 1646 5421 praeteritus
1664 5363 1724 5402 cre·

85 5430 179 5485 edictio
196 5433 246 5488 liei
259 5434 348 5489 Patris
365 5435 386 5508 †
403 5441 431 5491 et
445 5435 508 5491 Filii
521 5435 544 5509 †
557 5441 585 5491 et
600 5436 723 5509 Spiritus
744 5455 825 5494 sanc·
880 5439 966 5506 ditur,
983 5442 1013 5494 et
1023 5438 1125 5510 judicii
1139 5444 1276 5495 venturus
1288 5444 1477 5510 exspectatur,
1491 5454 1542 5492 ros
1569 5443 1725 5510 antequam

85 5524 163 5594 tpax
179 5524 293 5579 bomini
302 5525 339 5581 sit
349 5540 465 5598 semper
478 5526 635 5584 vobiscum.
652 5530 753 5583 Amen.
880 5527 988 5595 veniat,
1001 5527 1097 5600 expiet
1115 5527 1151 5583 ab
1165 5529 1245 5584 omni
1260 5526 1429 5600 contagione
1443 5524 1551 5582 delicti.
1571 5529 1671 5582 Amen.
