3930 6098
65 215 115 270 30l

568 215 701 273 CONTRA
723 216 922 273 CRAECORUll
942 216 1120 275 OPPOSlTA.
1133 248 1167 257 -
1183 217 1251 275 ΗΒ.
1274 218 1324 274 lll.

1768 225 1821 282 302

64 348 214 420 professus
228 353 281 423 est.
308 369 323 398 »
345 347 538 403 Substantiam
558 349 704 421 propriam
724 349 828 405 Christi
852 350 915 404 bea·
933 333 960 406 A¹
970 351 1103 405 tenderet
1117 351 1170 406 hoc
1183 368 1276 407 essee
1295 369 1324 406 se
1347 354 1486 424 accipere,
1511 354 1587 426 quod
1603 358 1646 409 ast
1669 356 1754 411 etiam
1786 360 1821 413 de

66 444 112 491 tus
127 433 303 492 Athanasius
322 438 447 508 appellat
458 437 642 508 {diuinitatem
656 439 728 509 eJ'us,
750 440 831 508 cujus
852 439 917 493 sub-

65 526 182 579 stantiae
210 541 326 580 sensum
350 525 488 596 Spiritum
509 531 639 580 sanctum
665 543 725 581 esse
748 529 916 599 protitetur:

67 630 184 668 sensum
208 620 306 669 autem
330 614 360 669 in
382 614 437 668 hoc
460 615 523 669 loco
542 631 599 669 non
619 615 775 669 secundum
799 616 920 670 humani

66 704 199 774 corporis
223 704 265 757 rel
293 704 434 771 auditum,
458 705 501 758 vet
525 704 618 758 visum
650 705 844 771 sentiendum,
870 706 918 761 sed

67 792 229 846 sacrandum
254 792 329 863 quod
356 793 535 864 appellamus
549 810 664 848 sensum
679 794 789 864 tanimi,
807 794 918 848 intelte-

67 887 145 935 ctnm
161 880 224 951 eius
251 881 411 951 significare
438 883 575 938 retentes.
601 882 788 938 [licitantem
811 883 920 938 intelte-

67 975 146 1023 ctum
160 971 226 1024 Jesu
243 969 345 1024 Christi
360 970 498 1041 Spiritum
515 977 655 1038 sanctum,
678 988 738 1026 non
762 972 839 1042 quod
861 987 920 1026 non

66 1057 214 1127 intelligat
228 1073 245 1109 a
260 1073 302 1123 se,
325 1062 356 1110 ut
380 1057 541 1112 intellectus
569 1059 630 1129 ejus
658 1058 693 1113 sit
713 1058 836 1129 Spiritus
857 1075 919 1113 san·

67 1150 147 1212 ctus;
177 1151 222 1199 est
246 1146 323 1199 enim
350 1145 489 1217 sapientia
513 1147 620 1201 Patris:
650 1147 796 1215 Attinpens
826 1163 843 1201 a
868 1151 920 1215 fine

66 1249 153 1302 seqare
174 1233 213 1287 ud
225 1234 307 1299 finem
329 1235 448 1301 sortiter,
468 1238 494 1288 et
515 1234 659 1305 disponens
684 1238 775 1290 ornain
799 1239 921 1291 suaviter

67 1322 146 1392 (Sap.
163 1339 223 1385 riu,
248 1322 290 1388 ll:
315 1322 363 1377 sed
388 1323 454 1377 ideo
479 1323 539 1377 vult
564 1323 669 1380 Christi
692 1340 807 1379 sensum
830 1324 920 1394 accipi

66 1411 210 1480 Spiritum
225 1415 365 1479 sanctum,
385 1418 418 1466 ut
445 1428 498 1466 nos
516 1412 641 1466 instrunt
667 1413 701 1468 de
721 1413 826 1469 Christi
852 1414 918 1467 suh·

66 1500 175 1554 stantia
204 1499 342 1570 Spiritum
371 1516 432 1554 csse
452 1506 599 1555 sanctum:
626 1501 698 1557 sicut
723 1503 800 1556 enim
819 1518 920 1556 sensus

67 1588 161 1642 animi
183 1604 242 1643 non
258 1593 352 1659 potest
378 1589 414 1642 ab
438 1589 535 1642 animo
559 1590 694 1660 separari,
723 1607 776 1644 nec
803 1591 919 1645 aliunde

974 441 1056 494 Patre
1081 441 1245 511 sumpsisse,
1277 441 1337 495 ait:
1367 443 1429 496 ideo
1451 444 1524 508 diei,
1552 447 1588 498 De
1614 460 1672 498 meo
1696 448 1821 516 accipiet,

974 527 1145 597 quionmaiu
1169 545 1228 598 ques
1256 529 1333 583 habet
1358 532 1447 596 Pater,
1472 548 1531 585 men
1559 533 1739 603 sarritioni..
1767 535 1820 605 t5).

974 618 1058 671 Vides
1093 634 1162 688 ergo
1194 618 1334 689 Spiritum
1367 623 1496 672 sanctum
1524 637 1541 673 a
1569 624 1651 690 patre
1688 626 1716 677 et
1752 623 1822 678 Filio

974 722 1033 760 non
1057 723 1118 759 esse
1132 706 1297 773 discretum,
1324 706 1393 760 dum
1413 723 1447 760 ea
1462 708 1590 778 loquitur
1611 725 1675 780 quae
1690 711 1782 765 Patris
1794 715 1824 766 et

974 793 1039 847 Filii
1053 794 1171 864 propria
1186 810 1246 847 esse
1269 799 1438 850 noscuntur.
1454 814 1468 844 e
1485 795 1558 849 Luce
1570 797 1674 852 clarius
1696 798 1823 853 ostendit

973 882 1111 952 Spiritum
1136 888 1265 937 sanctum
1280 883 1314 937 de
1338 883 1421 937 Patre
1450 883 1579 954 Filioque
1606 886 1761 955 procedere
1790 891 1819 941 et

973 970 1114 1024 ambobus
1139 987 1200 1025 essa
1231 971 1511 1026 consubstantialem.
1541 972 1589 1026 Ait
1612 973 1689 1028 enim
1714 991 1779 1029 erim
1806 994 1823 1030 a

974 1060 1063 1113 Patris
1082 1065 1110 1113 et
1127 1059 1189 1114 Filii
1204 1060 1362 1115 substantia
1382 1077 1442 1114 non
1454 1076 1515 1115 esse
1530 1062 1669 1130 alienum,
1685 1064 1823 1133 quoniam

974 1148 1086 1202 nonsit
1104 1165 1121 1201 a
1145 1149 1308 1219 semetipso,
1332 1149 1380 1202 scd
1403 1149 1438 1202 ab
1454 1148 1495 1202 eis
1518 1149 1655 1220 aquibus
1676 1151 1821 1221 procedit:

974 1241 1002 1290 et
1016 1236 1153 1306 quoniam
1170 1237 1206 1291 sit
1218 1238 1346 1307 ejusdem
1361 1244 1472 1292 naturae
1497 1238 1719 1310 substantiaque
1743 1241 1825 1312 qu'us

974 1331 1016 1380 est
1030 1327 1114 1380 Pater
1129 1331 1158 1380 et
1173 1327 1270 1394 Filius,
1288 1342 1346 1380 non
1371 1326 1500 1398 loquitur
1526 1328 1661 1398 propria,
1682 1328 1730 1383 sed
1759 1345 1824 1400 quae

974 1414 1065 1469 Patris
1080 1420 1107 1468 et
1118 1415 1181 1468 Filii
1197 1419 1263 1469 sunt
1274 1416 1447 1470 communia.
1463 1416 1525 1470 Non
1539 1417 1616 1470 enim
1631 1421 1699 1471 esta
1716 1418 1821 1488 seipso,

974 1503 1117 1557 etidcirco
1131 1520 1195 1574 quie
1212 1505 1349 1575 loquitur,
1366 1521 1466 1558 corum
1483 1522 1545 1560 esse
1561 1511 1701 1561 constata
1719 1509 1824 1578 quibus

974 1593 1092 1664 acecpit,
1108 1599 1140 1647 ut
1155 1598 1183 1647 et
1195 1593 1239 1660 sit,
1265 1599 1292 1647 et
1315 1600 1390 1663 agat,
1414 1599 1442 1648 et
1461 1594 1605 1664 loquatur.
1622 1595 1699 1650 Sicut
1721 1613 1773 1651 nec
1789 1598 1824 1651 da

66 1693 157 1747 quam
175 1678 211 1732 ab
234 1678 331 1732 animo
353 1678 488 1744 nascitur,
514 1679 554 1732 ita
575 1678 699 1750 Spiritus
725 1685 838 1733 sanctus
854 1696 918 1734 enm
939 1654 1097 1748 Bpropriis
1113 1681 1252 1751 loquitur,
1268 1682 1317 1735 sed
1341 1683 1455 1736 aPatre
1475 1684 1551 1753 quod
1568 1684 1695 1754 loquitur
1704 1688 1822 1756 accepit.
1845 1674 1853 1689 ⁸

66 1766 182 1820 dicatur
221 1766 378 1820 seeundum
415 1767 582 1837 Apostolum
618 1783 718 1820 sensus
756 1782 815 1821 esse
852 1768 920 1822 lesu
973 1768 1130 1837 Omnisque·
1154 1771 1275 1838 toqrritur
1305 1771 1475 1826 insudantem
1501 1772 1533 1825 de
1554 1775 1677 1840 propriis
1702 1775 1823 1843 loquitur

66 1854 186 1916 Christi,
202 1871 261 1909 non
283 1871 299 1908 a
319 1854 481 1922 substantia¹
498 1855 654 1909 divinitatis
678 1855 781 1910 Christi
805 1871 919 1926 separa·
973 1856 1069 1927 (Jooa.
1087 1873 1143 1925 viu,
1160 1857 1225 1928 ill:
1248 1858 1395 1912 etidcirco
1420 1859 1520 1912 beatiss
1543 1859 1714 1914 Athanasius
1729 1862 1823 1932 Spiri-

67 1947 125 2009 tnr,
153 1960 207 1998 nec
227 1944 342 1999 aliunde
365 1959 452 2014 quam
481 1959 514 1997 ex
543 1960 576 1997 ea
604 1943 754 2015 procedit:
779 1949 822 1998 est
842 1944 919 1998 enim
973 1950 1035 1999 tum
1051 1952 1179 2001 sanctum
1201 1947 1269 2001 dicit
1285 1963 1384 2002 rerum
1403 1947 1493 2018 loqui,
1521 1947 1590 2018 quia
1612 1964 1670 2002 non
1695 1949 1824 2020 loquitur
1861 2004 1864 2008 Α

66 2032 322 2087 consubstantialis
349 2032 424 2099 Filii,
459 2033 672 2103 processionem
696 2033 805 2087 hahens
829 2033 920 2104 ipsius
975 2034 1009 2087 de
1026 2035 1153 2106 proprio,
1170 2052 1228 2090 non
1253 2035 1329 2090 enim
1353 2041 1396 2089 est
1419 2052 1436 2089 a
1457 2035 1559 2106 seipso,
1572 2036 1621 2090 sed
1643 2052 1676 2090 ea
1696 2036 1824 2107 loquitur

68 2122 105 2176 de
121 2121 220 2176 divina
234 2121 404 2176 substantia.
974 2140 1038 2194 quse
1055 2129 1120 2177 suut
1135 2124 1225 2178 Patris
1240 2130 1268 2178 et
1283 2124 1362 2191 Filii;
1384 2124 1521 2194 quoniam
1546 2124 1620 2179 sicut
1634 2127 1825 2179 consubstan-

104 2211 137 2265 Et
152 2210 315 2282 posterius:
332 2229 345 2262 u
370 2209 526 2264 Audientes
550 2225 619 2280 ergo
643 2215 672 2263 ct
686 2210 859 2264 Salvatorem
879 2210 920 2265 di·
974 2211 1049 2264 tialis
1065 2216 1107 2265 est
1121 2211 1188 2278 iltis,
1205 2211 1244 2265 ita
1258 2212 1387 2282 percepit
1406 2213 1441 2266 ab
1455 2212 1512 2266 illis
1526 2228 1591 2284 quae
1610 2213 1747 2284 loquitur,
1766 2230 1824 2267 non

67 2301 274 2367 centem:qu
298 2315 358 2354 sum
381 2303 439 2353 uita
470 2300 561 2369 (toan.
586 2315 643 2365 riv,
666 2301 712 2367 til:
742 2305 770 2354 et
799 2302 919 2355 Paulum
974 2299 1054 2370 prius
1083 2299 1241 2367 existendo,
1269 2305 1298 2353 et
1320 2304 1419 2370 postea
1445 2299 1619 2370 accipiendo,
1649 2301 1697 2355 sed
1723 2318 1820 2372 proce·

67 2388 264 2442 scribentem:
293 2389 349 2446 Lea
371 2390 442 2441 sirim
463 2389 584 2455 Spiritus
609 2391 672 2441 nitae
699 2390 782 2455 (Rom.
803 2393 918 2456 vrir,i);
975 2388 1069 2442 dendo
1092 2387 1243 2456 accipiens.
1267 2388 1301 2441 Et
1322 2388 1432 2441 inducit
1460 2388 1563 2442 Filium
1587 2388 1751 2443 dicentem:
1787 2393 1825 2445 De

68 2481 97 2530 et
116 2493 253 2532 rursum:
271 2476 351 2532 nisti
377 2479 448 2531 Deus
471 2476 609 2545 Spiritum
635 2477 705 2530 Filii
727 2479 771 2530 sui
788 2479 816 2531 in
838 2479 920 2532 eorde
974 2493 1040 2540 meo,
1064 2475 1168 2546 iuquit,
1184 2478 1300 2545 accipiet
1326 2481 1351 2530 et
1366 2477 1539 2532 annuntiabit
1552 2477 1628 2531 vobis
1653 2477 1746 2548 (doun.
1768 2494 1823 2542 xvi,

68 2564 254 2635 nostrotht.
272 2582 308 2631 ir,
331 2565 358 2636 o)
389 2565 540 2631 :videntes
564 2564 651 2617 etiam
678 2563 861 2634 Unigenitum
891 2564 922 2618 in
976 2563 1823 2636 tl).Etcurhocdirarit,exponiteumsubjungit:licceat

70 2654 173 2708 taciem
197 2655 394 2724 apostolorum
418 2653 617 2723 inspirantem,
642 2657 670 2706 et
689 2652 847 2706 dicentem:
865 2654 920 2708 Ao·
975 2651 1120 2723 inquiens,
1136 2652 1171 2707 de
1188 2653 1257 2706 Filio
1274 2653 1412 2723 accipere,
1427 2653 1503 2724 quod
1527 2660 1571 2708 est
1585 2655 1672 2708 etiam
1693 2655 1728 2709 de
1742 2657 1825 2710 Patre

70 2746 154 2812 cipite
173 2743 310 2812 Spiritum
332 2743 568 2813 sunctumttoun.
598 2758 645 2807 xx,
671 2743 736 2810 ti):
755 2741 920 2811 inspiratio·
975 2742 1148 2812 sumpsisse:
1166 2741 1302 2811 quoniam
1318 2743 1401 2796 Pater
1424 2747 1451 2795 et
1466 2742 1553 2796 Filius
1577 2744 1649 2797 sicut
1668 2744 1827 2798 substantia

70 2847 136 2885 nem
167 2831 232 2885 Filii
258 2831 286 2884 in
304 2830 493 2902 propriarita
522 2835 550 2884 et
578 2830 736 2884 substantia
765 2830 919 2898 monentis,
976 2847 1035 2884 non
1063 2836 1240 2901 separantur,
1268 2831 1306 2885 ita
1337 2831 1366 2885 in
1388 2832 1568 2900 processione
1588 2833 1675 2885 sancti
1703 2832 1826 2902 Spiritus

71 2920 211 2990 Spiritum
232 2936 293 2973 esse
313 2919 459 2975 docemur.
486 2920 518 2973 Et
542 2934 635 2990 neque
660 2919 801 2989 genitum,
827 2935 921 2990 neque
942 2919 1054 3007 Cnulto
1072 2917 1157 2972 modo
1173 2918 1348 2972 dividuntur.
1373 2919 1480 2972 idcirco
1495 2918 1645 2989 subjungit
1664 2919 1765 2973 Filium
1783 2920 1827 2972 di·

70 3013 200 3062 creatum
228 3024 291 3062 esse
309 3024 327 3061 a
345 3007 416 3062 Filio
439 3007 593 3077 sapiamus.
619 3007 762 3072 »Quibus
789 3009 923 3061 omnibus
977 3007 1457 3077 aisse:Proptereu,inquit,riici:
1482 3008 1595 3061 Demea
1615 3011 1738 3077 accipiet,
1760 3010 1827 3076 qnia

71 3098 243 3151 instruimur
257 3097 395 3167 Spiritum
419 3101 548 3150 sanctum
563 3097 597 3150 de
615 3096 685 3150 Filio
705 3097 871 3167 procedere,
896 3101 924 3150 et
977 3098 1068 3150 omniu
1096 3111 1155 3163 ques
1197 3096 1276 3148 tabet
1310 3097 1400 3157 Pater,
1440 3110 1502 3149 mea
1529 3101 1593 3149 aunt
1630 3097 1728 3163 (Ibid,
1770 3097 1822 3165 td).

71 3185 236 3256 inproprie
257 3185 316 3238 rita
336 3185 553 3256 substantiaque
577 3201 704 3240 manere.
731 3187 763 3239 Et
790 3187 857 3240 licet
878 3185 922 3238 in·
978 3183 1137 3239 Ostendens
1157 3183 1295 3254 Spiritum
1314 3188 1443 3237 sanctum
1461 3199 1527 3237 cum
1547 3185 1708 3254 procedito
1730 3186 1825 3249 Patre,

71 3273 197 3342 spiretur
211 3289 228 3326 a
244 3273 326 3336 Filio,
350 3271 428 3343 quod
456 3277 498 3325 est
521 3287 587 3326 eum
611 3272 645 3326 de
671 3272 740 3326 Filio
756 3272 923 3343 procedere,
978 3272 1113 3342 procedat
1124 3277 1153 3325 et
1167 3288 1183 3325 a
1196 3271 1265 3325 filio
1283 3277 1333 3338 ;et
1345 3287 1409 3325 eum
1425 3271 1580 3342 procedita
1596 3272 1677 3338 Filio,
1692 3273 1826 3343 procedat

73 3378 129 3415 non
141 3376 203 3414 esse
226 3364 324 3415 tamen
348 3376 441 3431 neque
467 3364 606 3428 creatum,
627 3376 721 3430 neque
736 3361 868 3429 genitum
887 3359 922 3414 ab
978 3361 1091 3414 etiamn
1106 3360 1198 3413 Patre.
1215 3360 1292 3413 Unde
1307 3360 1337 3412 iu
1353 3359 1410 3413 flue
1430 3360 1665 3425 concludeusait,
1688 3361 1824 3431 Spiritum

72 3450 131 3503 illo.
156 3450 220 3504 Non
245 3453 290 3502 est
315 3448 393 3503 enim
421 3464 515 3519 neque
543 3449 640 3515 Filius,
674 3465 765 3520 neque
793 3455 924 3503 creatura
979 3449 1234 3502 sanctumaPatre
1249 3448 1376 3519 Filioque
1397 3465 1456 3502 uon
1469 3449 1708 3515 essediscretum,
1722 3449 1828 3520 quibus

72 3538 195 3608 Spiritus
214 3543 339 3592 sanctus.
365 3537 475 3602 Quibus
497 3537 644 3592 evidenter
662 3537 779 3592 instruit
794 3539 924 3609 ejusdem

72 3627 213 3696 Spiritum
227 3632 358 3680 sanctum
381 3643 442 3680 esse
467 3625 635 3680 substantiae
659 3626 741 3695 qu‘us
765 3632 854 3680 estet
879 3627 923 3681 Fi-

73 3714 138 3782 lius,
152 3721 255 3787 utpote
267 3715 427 3786 procedens
447 3715 482 3768 ab
496 3715 568 3782 illo:
590 3731 642 3769 nec
670 3716 719 3786 qui
739 3714 776 3769 sit
800 3732 874 3769 unus
889 3716 924 3770 de

978 3542 1006 3589 et
1021 3542 1122 3590 natura
1143 3536 1277 3607 jungitur
1305 3543 1333 3592 et
1347 3538 1523 3608 operatione.
1555 3538 1624 3591 Num
1641 3553 1675 3590 ea
1700 3537 1828 3608 loquitur

979 3630 1008 3679 et
1027 3625 1067 3678 ait
1082 3642 1146 3696 quie
1163 3625 1254 3679 Patris
1271 3631 1300 3679 ot
1320 3626 1381 3679 Filii
1398 3626 1515 3696 proprie
1532 3641 1592 3679 esse
1606 3630 1775 3692 noscuntur,
1792 3626 1828 3678 ab

978 3720 1101 3784 utroque
1125 3715 1293 3784 procedens,
1311 3714 1345 3768 ab
1367 3720 1489 3785 utroque
1509 3715 1670 3785 percipiens
1685 3715 1759 3768 sicut
1781 3732 1829 3767 es-

73 3805 223 3871 creaturis,
246 3804 294 3858 sed
314 3809 510 3858 creaturarum
532 3804 730 3858 sanctificator.
755 3805 835 3857 Unde
859 3820 924 3858 cum
978 3804 1112 3870 sentiam,
1128 3802 1167 3855 sic
1191 3802 1399 3870 operationem,
1422 3801 1562 3855 indivisus
1577 3801 1611 3854 ab
1627 3801 1669 3855 eis
1694 3807 1752 3855 tam
1780 3817 1827 3855 vo·

74 3894 143 3947 dicit
155 3910 223 3947 eurn
246 3895 403 3948 secundum
426 3894 594 3963 Apostolum
612 3893 750 3962 Spiritum
775 3893 848 3956 Filii,
866 3909 924 3947 non
978 3891 1088 3943 luntale
1104 3904 1189 3960 quam
1201 3890 1315 3954 virtute,
1333 3893 1431 3958 utpote
1446 3904 1521 3941 unus
1534 3888 1624 3956 ipsius
1641 3887 1828 3957 ejusdemque

73 3985 135 4037 vult
157 3999 225 4036 eum
241 3982 363 4051 intelligi
385 3981 556 4051 subjectum,
578 3981 719 4051 quianon
735 3987 923 4046 euarestus:
979 3983 1081 4031 sauolae
1105 3977 1250 4031 Trinitatis
1274 3977 1406 4029 existens.
1435 3977 1497 4029 llaec
1525 3975 1625 4029 beatas
1652 3976 1826 4029 Athanasius

75 4072 124 4125 sed
139 4072 201 4125 vult
222 4074 256 4125 ut
276 4070 456 4140 intelligatur
469 4069 638 4140 procedens,
652 4085 710 4123 non
735 4074 831 4123 tamen
845 4069 924 4137 geni·
979 4066 1013 4120 de
1028 4067 1208 4137 processione
1224 4065 1314 4118 sancti
1330 4065 1453 4134 Spiritus
1467 4065 1673 4136 dogmatizans,
1690 4064 1830 4134 approbat

74 4160 332 4231 tusquianonest
355 4159 452 4213 Filius.
473 4158 750 4227 Accepittamende
767 4157 926 4210 substantia
980 4172 1045 4209 eum
1071 4156 1224 4225 procedere
1248 4159 1306 4208 tam
1334 4155 1368 4208 de
1391 4155 1473 4208 Patre
1497 4169 1585 4224 quam
1613 4154 1647 4208 de
1673 4153 1754 4207 Filio.
1778 4151 1830 4207 Cui

76 4249 142 4302 filii
157 4248 305 4319 propriam
319 4247 511 4312 existentiam,
527 4247 665 4317 quoniam
687 4251 730 4300 est
745 4261 804 4300 una
819 4251 923 4299 sanctae
944 4245 1139 4299 DCraecorum
1168 4244 1354 4313 imperatores
1383 4243 1407 4296 si
1436 4242 1525 4296 velint
1552 4241 1753 4308 contradicere,
1786 4241 1832 4293 vi-

75 4337 223 4392 'l'rinitetis
237 4352 371 4406 persona:
980 4334 1067 4387 deant
1086 4333 1114 4385 in
1130 4331 1307 4402 professione
1325 4336 1428 4384 sanotae
1441 4331 1588 4384 Trinitatis
1614 4346 1687 4402 qnos
1707 4347 1830 4402 sequau-

111 4427 184 4481 ltem
195 4425 224 4479 in
235 4426 311 4479 libro
325 4423 531 4496 Disputationis
545 4423 680 4478 adversus
693 4421 812 4476 Arium:
838 4441 852 4470 a
866 4423 926 4491 Ap·
980 4425 1027 4474 tor
1041 4425 1181 4474 auctores,
1199 4420 1267 4473 Nam
1283 4418 1365 4472 istius
1387 4419 1543 4473 beatissimi
1560 4418 1832 4489 catholicissimique

76 4519 159 4587 peret
176 4513 316 4584 Spiritum
335 4518 466 4566 sanctum
488 4528 505 4566 a
524 4511 616 4566 Patris
636 4516 664 4565 et
685 4509 748 4565 Filii
768 4508 928 4564 substantia
981 4509 1034 4562 viri
1059 4509 1256 4562 anctoritatem
1284 4508 1377 4562 omnis
1401 4508 1540 4561 catholica
1564 4507 1668 4563 Christi
1684 4506 1831 4576 amplecti·

77 4619 137 4658 non
157 4619 218 4657 esse
233 4603 370 4668 alienum,
391 4601 460 4656 dum
474 4616 533 4653 non
548 4617 564 4654 a
581 4600 674 4670 seipso
694 4604 830 4669 tanquam
856 4597 926 4650 atie·
982 4603 1029 4651 tur
1046 4597 1177 4662 Ecclesia,
1191 4602 1343 4649 veneratur
1363 4596 1537 4649 etdetendit.

78 4709 134 4747 nris
147 4696 177 4746 et
199 4697 361 4755 extraneos,
384 4691 432 4744 sed
450 4692 547 4761 utpote
567 4691 653 4742 unius
671 4688 857 4758 ejusdemque
878 4702 927 4738 na·
1018 4684 1166 4739 Sufficiant
1179 4684 1233 4737 ista
1250 4700 1302 4737 nos
1314 4683 1417 4738 dixisse
1430 4684 1464 4737 de
1483 4683 1592 4753 Spiritu
1608 4686 1717 4747 sancto,
1733 4688 1831 4737 aucto·

78 4786 153 4835 toras
171 4780 274 4843 socius,
292 4795 357 4850 qun
379 4777 471 4832 Patris
486 4784 514 4832 et
529 4777 593 4832 Filii
607 4776 772 4830 communia
791 4779 857 4827 sunt
871 4772 930 4843 agit
983 4776 1097 4828 ritatem
1112 4772 1253 4841 majorum
1278 4776 1439 4841 sequentes,
1462 4776 1681 4841 sanctarumque
1702 4771 1833 4841 Scriptu-

79 4875 108 4923 et
122 4869 270 4940 loquitur3
288 4883 356 4921 nam
371 4867 395 4920 si
421 4868 457 4922 de
476 4865 602 4936 propriis
617 4866 794 4935 loqueretur,
810 4878 869 4916 non
884 4878 928 4915 so·
984 4878 1081 4917 rarum
1104 4860 1301 4931 magisterium
1325 4859 1479 4928 imitantes,
1506 4877 1557 4914 uos
1584 4861 1700 4932 quidem
1726 4875 1833 4930 appro-

80 4959 140 5011 lnm
156 4975 171 5010 a
189 4958 271 5011 Patre
284 4956 406 5024 alienus,
430 4955 521 5009 sedet
537 4954 621 5008 fallax
637 4959 666 5006 et
680 4954 816 5024 deceptor
831 4950 929 5020 procul
984 4950 1193 5003 benevolentes
1209 4949 1284 5019 quod
1302 4949 1376 5003 Deus
1388 4949 1424 5003 sit
1437 4956 1466 5004 ct
1483 4948 1733 5003 consubstantialis
1757 4944 1831 5000 Patri

79 5045 170 5101 dubio
194 5045 360 5099 haberetur.
376 5043 528 5107 Quoniam,
545 5044 577 5094 ut
591 5041 631 5094 ait
653 5040 753 5094 Filius:
776 5040 868 5095 Omnis
884 5040 932 5106 qui

80 5136 204 5204 loquitur
225 5133 407 5196 menducium,
428 5131 462 5184 de
474 5133 596 5200 propriis
612 5131 733 5199 loquitur
754 5128 848 5194 (donn.
871 5141 930 5192 rm,

78 5225 135 5294 lt),
149 5229 177 5279 et
200 5224 265 5278 ideo
288 5222 335 5276 bic
355 5237 454 5275 rerum
478 5220 617 5291 loquitur,
644 5219 712 5289 quia
732 5234 790 5271 non
810 5217 845 5271 de
869 5232 933 5287 pro

78 5313 156 5383 prio,
169 5312 197 5366 id
214 5315 267 5376 est,
283 5325 342 5364 non
355 5325 371 5362 a
382 5309 548 5377 semetipso,
565 5308 614 5361 sed
632 5305 721 5360 Patris
732 5309 760 5357 et
777 5303 851 5358 Filtii
868 5319 932 5373 ques

80 5400 306 5473 loquendasuot
330 5397 473 5469 loquitur:
489 5400 526 5450 De
547 5412 614 5461 meo,
633 5394 728 5466 inquit
747 5392 845 5457 Filius,
865 5393 934 5445 occi-

78 5494 149 5564 piet,
173 5495 199 5544 et
221 5487 397 5542 annuntiabit
418 5487 494 5541 notu
520 5486 606 5557 (toan.
635 5499 691 5546 xri,
714 5481 767 5552 ti).
793 5482 825 5535 ut
840 5485 873 5534 ut
887 5496 932 5534 os·

986 5037 1114 5106 Filioque
1137 5041 1304 5101 coaeternus,
1322 5041 1349 5090 et
1374 5053 1425 5107 per
1439 5037 1536 5092 omnia
1560 5036 1662 5090 similis
1684 5033 1831 5105 potentiae.

986 5126 1087 5180 similis
1110 5125 1232 5187 virtutis,
1254 5125 1339 5179 unius
1360 5126 1549 5196 ejusdemque
1575 5122 1738 5193 majestatis.
1767 5121 1834 5176 Haec

986 5229 1112 5284 namque
1143 5215 1264 5284 quaestio
1301 5219 1463 5267 sanctorum
1492 5211 1685 5283 disputatione
1717 5211 1833 5263 Petrum

987 5304 1124 5357 ventilata
1139 5308 1223 5373 atquo
1240 5302 1431 5356 determinata
1454 5307 1506 5367 est,
1521 5297 1747 5371 expugnantium
1769 5313 1833 5369 per-

987 5391 1084 5446 tidinm
1100 5391 1312 5456 hereticorum,
1329 5391 1378 5461 qui
1392 5390 1425 5443 de
1438 5389 1545 5459 Spiritu
1562 5391 1659 5440 sancto
1675 5388 1749 5441 male
1769 5404 1834 5442 sen·

989 5480 1094 5533 tientes
1118 5480 1262 5549 negabant
1277 5494 1343 5533 eum
1359 5493 1419 5530 esse
1436 5477 1526 5529 Deum
1541 5490 1660 5529 reruni:
1679 5476 1759 5530 nobis
1781 5493 1832 5532 aa·
