3930 6098
104 223 151 276 651
645 213 902 272 wanuacauarl
922 211 1132 270 padulensis
1150 209 1306 268 llONllClll

105 357 177 426 quod
204 372 258 411 non
276 355 416 419 reueletur,
441 356 466 404 et
491 352 633 419 occultam,
663 350 735 421 quod
768 367 822 406 non
845 350 991 404 solatura

107 447 215 518 (Mettis.
240 447 281 514 x).
303 441 427 498 Proinde
452 442 571 495 suadere
596 456 634 508 se,
661 440 703 494 uli
723 438 850 495 consiliis
875 438 952 493 salu·

105 535 204 591 bribus
218 532 409 603 acquiescens,
421 529 557 599 suscipiat
567 545 618 601 pro
630 533 711 583 reatu
720 529 838 599 proprio
849 528 952 582 duram

104 623 303 694 prolixamque
330 618 527 689 poenitentiam
562 634 596 672 ex
626 617 735 689 judicio
763 616 952 684 sacerdotum,

105 715 133 765 et
148 711 234 764 talem
248 724 313 781 quse
329 723 388 762 nou
405 706 497 761 verbis
517 707 698 761 solummodo
713 711 834 773 constet,
853 706 902 761 sed
919 721 952 759 ex

103 800 208 854 mentis
228 803 336 853 secreto
360 797 507 868 procedat,
536 795 668 867 verisque
692 795 882 870 lacrymarum
908 808 954 864 ge

106 887 225 942 mitibus
247 891 333 959 atque
360 883 534 940 contritione
561 884 679 954 spiritus
706 884 772 949 Deo,
800 882 953 955 quivitam

104 982 273 1032 cunctorum
304 974 456 1036 desideret,
500 971 662 1027 satisfaciat.
691 972 812 1027 laboret
843 972 953 1026 intente

105 1065 347 1138 quemadmodem
364 1061 490 1128 diabolo,
508 1061 554 1115 cui
574 1060 725 1115 commisso
743 1065 821 1114 tanto
837 1060 952 1127 scetere,

105 1157 219 1210 lucrum
234 1154 269 1208 de
294 1168 323 1207 se
345 1150 474 1205 laetitiam
494 1149 603 1216 lecerit,
628 1148 774 1203 tristitiam
798 1154 826 1203 et
851 1148 952 1202 coutu-

106 1244 226 1309 siouem,
247 1245 311 1295 acta
332 1239 472 1310 condigne
492 1237 661 1309 poenitentia
689 1237 788 1304 faciat,
817 1253 875 1291 nou
892 1251 953 1290 esse

106 1330 251 1401 cuiquam,
264 1327 373 1382 nedum
387 1326 442 1396 ipsi
456 1325 490 1380 de
502 1325 585 1379 venia
600 1325 820 1396 desperandum,
837 1321 952 1393 quaudo

30 1481 34 1484 ,
105 1419 165 1490 ipsc
182 1417 321 1472 Dominus
345 1431 398 1485 per
421 1414 592 1485 prophetam
611 1414 728 1467 clamet:
756 1413 822 1469 Nolo
843 1416 955 1466 mortem

106 1511 267 1581 peccatoris,
285 1507 332 1562 sed
345 1512 375 1562 ut
398 1510 572 1561 convertatur
592 1509 618 1559 et
645 1507 729 1569 uiuat,
747 1510 771 1558 et
787 1507 816 1558 in
836 1518 955 1572 quocun-

106 1616 157 1669 que
184 1597 230 1653 die
247 1602 371 1666 peccator
394 1609 536 1649 conuersus
560 1595 656 1661 suerit,
682 1595 801 1647 omnium
817 1594 952 1661 iniquitu-

106 1693 163 1742 tum
188 1686 247 1757 ejus
281 1685 427 1739 obliviscor
455 1683 558 1754 [Erech.
601 1683 699 1751 xv111l3
725 1686 753 1735 et
785 1697 838 1754 per
866 1697 895 1733 sc
922 1680 953 1733 iu

105 1774 260 1846 Evangelio
279 1773 377 1827 dicat:
402 1774 462 1828 Non
482 1773 544 1826 uerri
566 1787 662 1825 vocure
675 1770 777 1841 justos,
792 1769 839 1823 sed
858 1784 954 1838 pecca·

107 1870 175 1919 tores
192 1863 228 1916 ad
246 1863 432 1932 presidentium
447 1862 522 1932 (luc.
540 1863 579 1926 v).
597 1860 726 1931 Cumque
751 1859 784 1913 ad
807 1858 954 1912 dimitten-

106 1955 175 2009 dum
187 1968 311 2022 superna
326 1950 476 2004 clementia
493 1949 529 2003 sit
544 1954 653 2018 parata,
670 1952 803 2017 oportere
822 1946 955 2000 homines

107 2058 168 2097 esse
184 2042 219 2095 ad
239 2039 438 2111 poenitendum
458 2037 706 2108 promptissimos;
728 2052 757 2089 sc
782 2051 847 2089 vcro
867 2050 900 2088 co
925 2033 956 2088 iu

107 2130 190 2184 illum
201 2144 262 2182 esse
274 2128 380 2194 animo,
392 2132 432 2192 nt,
442 2126 524 2196 juxta
535 2125 640 2179 virium
651 2124 891 2188 mediocritatem,
904 2138 955 2193 pro

107 2223 221 2290 peccalo
238 2217 300 2287 ejus
320 2221 429 2286 septem
452 2214 535 2268 annis
551 2213 751 2284 poenitentiam
769 2212 913 2282 suscipere
928 2214 957 2265 et

107 2320 309 2361 consummare
324 2303 401 2368 velit,
420 2301 600 2372 assiduisque
625 2299 757 2372 precibus
776 2304 804 2354 et
823 2299 957 2353 lamentis

109 2398 198 2450 Deum
214 2410 267 2464 pro
283 2392 331 2446 illc
343 2391 441 2461 cupiat
453 2406 586 2444 exorare:
612 2405 776 2460 quanquam
800 2404 858 2442 nun
874 2387 955 2458 iguo-

109 2489 152 2536 ret
166 2482 280 2536 futuros
301 2480 398 2550 plures
421 2479 511 2533 bonos
539 2484 566 2532 et
589 2479 723 2532 meliores
738 2477 814 2530 uiros
831 2476 880 2546 qui
895 2476 957 2546 ejus

109 2573 222 2642 lapsum
237 2570 372 2639 plangere
389 2574 417 2622 et
429 2567 487 2640 suis
506 2566 684 2621 orationibus
709 2567 842 2621 studeant
866 2565 958 2619 suble-

108 2675 185 2726 vare,
198 2659 279 2728 juxta
304 2656 374 2711 illud
390 2655 510 2726 apostoli
524 2654 640 2709 iacobi:
658 2655 740 2711 Orate
756 2668 808 2723 pro
832 2655 956 2719 inuicem,

109 2753 139 2803 ut
150 2748 294 2803 salvemini
313 2744 384 2815 (Joc.
406 2747 445 2814 ιι),
463 2744 511 2798 His
535 2743 628 2798 verbis
643 2749 671 2798 et
693 2743 835 2797 similibus
850 2742 885 2796 ad
900 2758 959 2812 pue·

111 2835 262 2892 nitentium
283 2839 311 2888 et
338 2833 560 2888 satisfactionem
598 2832 766 2903 episcopum
793 2832 958 2885 exhortatus

111 2931 161 2991 est,
179 2929 208 2980 et
232 2923 369 2978 charitate
397 2938 454 2992 qua
481 2938 549 2992 erga
579 2925 695 2976 cunctus
725 2920 852 2975 fervebat
880 2920 996 2989 illiusc

109 3012 187 3066 casui
210 3012 398 3081 compatiens,
422 3010 535 3064 veniam
549 3009 575 3063 ei
597 3024 613 3061 a
635 3008 755 3062 Domino
782 3007 956 3078 postulabat,

110 3117 222 3155 memor
243 3098 391 3154 seutentiae
411 3097 591 3169 apostolicae:
617 3098 750 3163 montom
769 3100 818 3166 qui
840 3098 958 3151 connati

64 3227 66 3232 .
109 3192 206 3258 fecerit
220 3194 387 3260 peccatorem
410 3187 444 3241 od
475 3202 563 3241 errore
589 3187 640 3240 uice
663 3200 727 3252 sua,
757 3185 877 3241 sulcabit
896 3185 957 3239 oni-

110 3294 182 3332 mom
196 3279 254 3346 rjus
269 3294 286 3331 a
305 3282 389 3331 morte
403 3275 509 3346 (leid).

1802 212 1857 264 652

1266 348 1460 416 Episcopatum
1473 351 1590 401 recusat.

1041 472 1085 526 at.
1101 472 1179 525 'lunc
1201 485 1251 526 res
1273 468 1462 524 admiratione
1487 470 1624 540 repletus,
1649 471 1734 542 coepit
1755 471 1857 542 palam

1007 560 1140 615 omuibus
1155 575 1290 614 enarrare
1316 574 1381 630 quae
1408 558 1469 629 ipse
1492 560 1527 613 dc
1552 559 1605 612 viri
1629 559 1718 613 sancti
1744 558 1858 613 actibus

1007 649 1177 722 agnovisset.
1209 649 1339 718 Cumque
1378 648 1439 702 haec
1461 652 1694 719 prosequeretur,
1725 647 1858 702 universi

1007 740 1163 794 acclamare
1179 737 1299 808 dignum
1320 752 1380 791 esse
1399 737 1521 791 Goarem
1545 737 1606 807 qui,
1622 736 1740 807 expulso
1755 737 1858 791 Rusti-

1007 844 1051 896 co,
1066 828 1248 883 Trevirorum
1268 826 1417 898 episcopus
1439 825 1531 894 lieret,
1546 841 1604 880 non
1628 825 1656 880 id
1679 829 1776 880 actum
1793 825 1858 880 siue

1007 917 1187 970 ordinatione
1216 915 1322 981 diviua,
1351 913 1455 969 debere
1485 929 1607 985 praeesse
1628 913 1759 969 Ecclesiae
1788 929 1858 969 eum

1007 1003 1057 1076 qui
1072 1003 1160 1076 siguis
1183 1009 1211 1058 et
1239 1002 1403 1070 virtutibus,
1423 1003 1546 1073 vitaeque
1572 1002 1683 1057 meritis
1698 999 1856 1073 pastoralis

1008 1093 1094 1147 olllcii
1107 1092 1277 1164 dignitatem
1290 1097 1388 1163 posset
1408 1090 1439 1144 in
1461 1091 1595 1145 omuibus
1619 1091 1770 1146 adornare.
1795 1091 1857 1146 ilex

1008 1182 1095 1237 etiam
1111 1182 1175 1236 laeto
1191 1187 1218 1236 et
1233 1181 1318 1235 alacri
1339 1183 1435 1234 animo
1457 1180 1676 1234 acclamantium
1699 1196 1784 1234 voces
1808 1189 1859 1234 cu·

1007 1270 1105 1342 plebat
1119 1270 1250 1341 implere.
1277 1271 1387 1341 ltaque,
1404 1285 1469 1323 cum
1495 1268 1589 1323 lavore
1605 1285 1703 1323 eorum
1719 1270 1769 1341 qui
1786 1271 1857 1324 adc-

1007 1365 1073 1415 raut
1088 1361 1268 1414 sacerdotum
1283 1363 1311 1412 et
1334 1359 1493 1428 primorum
1519 1358 1627 1428 palatii,
1653 1358 1791 1428 praecepit
1813 1357 1857 1412 uti

1008 1451 1205 1520 episcopatum
1225 1447 1369 1518 jamdicta
1396 1446 1525 1501 Ecclesia
1543 1447 1617 1502 Goar
1637 1447 1789 1518 acciperet.
1805 1446 1857 1499 llle

1007 1555 1075 1592 vero
1090 1538 1139 1609 qui
1155 1553 1213 1591 non
1232 1554 1283 1590 sua
1299 1541 1451 1608 quaereret,
1468 1537 1518 1591 scd
1534 1552 1597 1607 quae
1612 1535 1745 1605 aliorum,
1762 1534 1856 1607 etqui

972 1634 993 1688 Β
1009 1627 1080 1682 illud
1097 1626 1149 1681 viri
1161 1625 1299 1696 sapientis
1313 1641 1435 1691 servare,
1454 1625 1556 1691 sciret3
1571 1624 1678 1690 Quanto
1692 1639 1809 1691 mugnus
1818 1639 1853 1688 es,

1008 1717 1123 1771 humilio
1144 1721 1169 1769 te
1192 1718 1221 1769 ιἰι
1246 1714 1369 1768 omnibus
1398 1713 1492 1784 (tiocli.
1509 1712 1550 1783 ιιι)
1567 1730 1574 1779 ;
1590 1719 1618 1766 et
1634 1713 1707 1768 illud
1722 1712 1852 1766 Domini·

1008 1820 1090 1871 cum;
1103 1805 1168 1860 Cam
1184 1805 1275 1857 omniu
1287 1804 1419 1869 (comitis,
1436 1803 1527 1868 dicite,
1542 1804 1613 1855 serm
1627 1802 1738 1855 inutiles
1753 1815 1849 1864 sumus,

1009 1893 1081 1963 quod
1110 1892 1250 1946 debuimus
1272 1894 1363 1958 socero
1385 1893 1499 1958 {ecimus
1528 1889 1603 1961 (luc.
1627 1891 1707 1959 ruri),
1735 1904 1848 1944 moerere

1009 1988 1037 2036 et
1049 1981 1221 2047 contristari,
1238 1979 1371 2051 regisque
1385 1979 1539 2049 imperium
1554 1979 1678 2049 graviter
1692 1978 1780 2043 ferre,
1795 1995 1849 2032 me·

1010 2070 1122 2140 liusque
1137 2069 1231 2123 dicere
1250 2069 1303 2121 sibi
1326 2083 1387 2121 esse
1404 2067 1477 2121 mori
1499 2083 1585 2137 quam
1610 2067 1736 2137 episcopi
1760 2067 1860 2121 sedem

1010 2157 1147 2227 arripere,
1163 2157 1267 2210 debere
1281 2172 1378 2227 regem
1403 2155 1432 2209 iu
1455 2156 1600 2209 sacerdote
1617 2155 1745 2210 divinam
1771 2155 1869 2208 consi-

1011 2246 1112 2300 derare
1138 2246 1286 2300 scientiam
1320 2262 1376 2317 qua
1401 2245 1528 2300 dicitur:
1550 2246 1609 2301 Non
1639 2250 1680 2299 est
1706 2246 1878 2314 disciputus

1009 2350 1091 2404 super
1118 2339 1292 2404 mopistrum,
1321 2350 1406 2403 neque
1436 2348 1528 2388 seruus
1554 2333 1643 2402 major
1670 2335 1785 2387 Domino
1811 2347 1882 2387 suo

1011 2425 1119 2491 (llottlr.
1136 2423 1162 2493 x)
1180 2441 1187 2490 3
1204 2429 1231 2476 et
1246 2441 1252 2477 :
1270 2424 1301 2478 Si
1322 2427 1429 2492 putrem
1457 2422 1581 2488 (emilius
1608 2420 1757 2475 Beelzedud
1780 2437 1883 2476 uoca-

1009 2518 1116 2578 uerunt,
1142 2517 1243 2580 quanto
1267 2514 1354 2579 mapis
1391 2510 1547 2565 domesticos
1580 2509 1638 2579 ejus
1663 2509 1883 2580 (lotdllnon

1011 2618 1073 2656 esse
1087 2602 1252 2674 negandum
1268 2602 1400 2672 episcopo
1415 2599 1588 2670 poenitentiae
1605 2603 1710 2659 locum,
1726 2599 1878 2655 omnium

1010 2692 1041 2744 iu
1056 2690 1133 2744 coelis
1149 2706 1244 2759 regem
1262 2705 1322 2743 esse
1342 2689 1392 2758 qui
1408 2689 1442 2742 de
1458 2687 1709 2758 singulisjudicet,
1725 2703 1743 2740 a
1754 2703 1810 2759 quo
1833 2693 1875 2745 ut

1011 2780 1079 2834 velit
1092 2780 1152 2850 ipse
1175 2795 1222 2833 rex
1238 2778 1293 2831 sibi
1316 2783 1432 2848 peccata
1446 2775 1562 2842 dimitti,
1585 2776 1625 2829 sic
1645 2775 1748 2830 debeat
1763 2776 1865 2830 Rusti·

1011 2884 1076 2922 cum
1099 2867 1265 2938 permittere
1290 2872 1320 2919 ut
1338 2881 1372 2919 ex
1395 2864 1444 2918 illo
1464 2881 1578 2918 suorum
1605 2871 1720 2918 actuum
1745 2863 1858 2918 veniam

1012 2955 1129 3010 sedulus
1143 2960 1275 3025 expelat;
1301 2970 1361 3008 non
1387 2969 1448 3007 esse
1471 2957 1530 3006 tam
1555 2952 1637 3006 facile
1667 2952 1852 3023 dejiciendum

1012 3044 1105 3098 allicio
1122 3043 1310 3105 sacerdotem,
1326 3042 1442 3115 quaudo
1463 3057 1563 3095 omnes
1587 3042 1723 3095 mortales
1742 3040 1845 3110 fragiles

1012 3133 1102 3186 simus
1125 3138 1154 3186 et
1176 3132 1212 3186 ad
1235 3131 1410 3202 peccandum
1431 3146 1463 3185 er
1487 3129 1580 3183 carnis
1604 3129 1770 3184 infirmitate
1788 3144 1840 3198 pro·

1011 3221 1107 3276 clives.

110 3375 227 3430 Modesto
247 3374 280 3428 «le
302 3390 330 3429 se
356 3389 387 3427 uc
413 3373 446 3426 de
469 3373 589 3441 episcopi
612 3373 723 3425 ommino
746 3370 880 3439 Siqiberto
900 3384 957 3425 res·
1224 3335 1293 3402 stelle
1306 3332 1552 3400 mmmmm
1564 3335 1645 3403 ΡΜ·

482 3442 590 3511 immiti·
1046 3454 1091 3505 25.
1120 3450 1163 3504 lld
1190 3449 1251 3503 haec
1283 3464 1348 3520 quae
1394 3447 1453 3502 visa
1488 3452 1554 3502 suut
1596 3464 1643 3501 rex
1690 3445 1832 3518 respondit:

147 3544 191 3596 23.
210 3542 274 3595 llaec
286 3543 438 3612 postquam
452 3539 492 3592 ita
509 3543 588 3609 gesta
603 3541 678 3603 sunt,
701 3538 778 3593 lama
795 3538 900 3593 horum
921 3537 958 3592 ad
1013 3539 1103 3594 exitus
1126 3544 1223 3591 tamen
1248 3537 1387 3591 orationis
1429 3536 1491 3604 fuit,
1529 3551 1558 3590 se
1600 3552 1694 3607 neque
1723 3536 1832 3606 episcopo

112 3646 210 3701 regem
225 3628 400 3700 sigibertum
419 3626 595 3681 velocissime
608 3626 705 3693 veuit3
721 3627 877 3698 statimque
892 3641 958 3681 suos
1012 3626 1211 3699 poeniteutiam
1232 3626 1384 3696 denegare,
1407 3630 1435 3679 et
1456 3625 1582 3679 consiliis
1603 3625 1665 3695 ejus
1691 3641 1743 3696 per
1768 3635 1833 3695 quen

112 3718 148 3773 ad
177 3719 292 3773 beatum
314 3717 433 3773 Goarem
461 3717 570 3786 legatos
602 3716 740 3787 dirigens,
771 3733 837 3770 eum
868 3717 904 3770 ad
928 3731 958 3769 se
1012 3717 1080 3772 talia
1104 3715 1161 3770 sint
1191 3718 1303 3785 patrata
1333 3713 1471 3768 miracula
1500 3713 1574 3768 velle
1597 3713 1627 3767 id
1650 3713 1780 3767 omuibus
1797 3707 1832 3762 ol·

114 3808 327 3863 accersiendum
346 3806 464 3861 curavit.
486 3806 604 3879 Moxque
626 3811 656 3860 ut
670 3807 745 3878 apud
762 3822 790 3859 se
810 3821 871 3859 esse
891 3820 957 3876 cog·
1013 3805 1109 3870 edire;
1137 3819 1230 3874 neque
1266 3807 1362 3857 tamen
1405 3818 1486 3873 posse
1527 3803 1709 3857 sacerdotum
1749 3801 1834 3853 senten
1882 3794 1885 3837 ἱ

113 3897 192 3951 novit
208 3897 338 3963 accitum,
358 3895 517 3966 interrogat
540 3911 627 3966 super
650 3895 695 3948 his
721 3909 845 3964 quorum
871 3894 905 3947 ad
928 3909 958 3947 se
1012 3894 1060 3949 tiae
1090 3897 1119 3947 et
1143 3892 1251 3963 J'udicio
1279 3891 1378 3963 populi
1407 3890 1558 3958 contraire,
1592 3890 1664 3962 quin
1697 3890 1785 3962 ipsum
1811 3885 1833 3937 ul

112 3991 186 4040 esset
200 3985 277 4040 lama
302 3984 405 4051 delata,
428 3983 532 4054 legatis
554 3983 660 4036 scilicet
687 3981 814 4052 episcopi
841 3984 870 4035 et
892 3981 959 4035 feris
1013 3986 1128 4054 petatur
1158 3981 1193 4036 ad
1230 3980 1428 4052 episcopatum
1469 3979 1553 4035 iaciat
1583 3979 1754 4050 promoveri.
1776 3977 1833 4029 lunc

112 4091 183 4146 quas
199 4074 346 4134 mulserat,
367 4074 501 4142 episcopo
521 4087 636 4142 quoque
654 4070 717 4140 ipso
734 4075 762 4124 et
775 4069 894 4137 infante,
909 4070 959 4141 qui
1013 4071 1058 4124 vir
1072 4069 1277 4135 sanctissimus,
1291 4068 1338 4123 ubi
1355 4068 1498 4123 obstinate
1511 4067 1567 4123 sibi
1580 4083 1682 4138 regem
1695 4066 1761 4122 vidit
1776 4058 1831 4118 obsi·

111 4165 216 4230 prater
232 4164 345 4231 tempus
361 4163 435 4212 osset
449 4158 561 4212 locutus
580 4157 678 4212 uelatis.
698 4157 740 4212 ad
755 4157 816 4212 haec
831 4174 895 4212 cum
910 4158 959 4213 ille
1013 4164 1097 4225 stere,
1114 4158 1262 4212 humiliter
1274 4173 1341 4211 eum
1362 4161 1390 4211 et
1406 4173 1470 4212 cum
1494 4157 1628 4227 lacrymis
1651 4156 1744 4228 petiit,
1763 4157 1832 4209 utco-

112 4248 184 4302 uihil
212 4248 330 4303 omniuo
359 4245 557 4316 responderet,
582 4262 618 4300 ue
643 4245 712 4316 quid
741 4246 776 4300 de
804 4263 833 4301 se
851 4248 958 4318 passim
978 4232 1091 4320 Dpiam
1113 4246 1167 4301 sibi
1188 4245 1277 4300 cundi
1297 4245 1332 4300 ad
1357 4245 1490 4300 cellulam
1511 4244 1658 4315 propriam
1682 4230 1831 4304 lacusculi

108 4337 217 4406 jactare
242 4335 398 4401 videretur,
427 4339 587 4388 commotus
612 4351 659 4388 rex
691 4351 741 4405 per
766 4336 958 4391 obedientiam
1012 4352 1107 4391 secum
1123 4335 1290 4406 aliquandiu
1307 4334 1424 4389 liberius
1439 4338 1571 4402 tractare,
1585 4331 1669 4387 etsie
1684 4319 1831 4386 demanill

113 4441 199 4496 quam
216 4424 276 4494 ipse
291 4423 333 4477 vir
346 4423 397 4477 Dei
412 4422 540 4494 regibus,
560 4422 794 4495 principibusque
818 4428 847 4480 ct
871 4440 959 4478 sacer·
1013 4425 1091 4497 quod
1117 4423 1262 4478 rideretur
1286 4438 1446 4493 congruum
1474 4420 1650 4493 respondere
1680 4420 1787 4474 valeret.
1810 4405 1831 4463 ld

113 4513 228 4567 dotibus
243 4512 355 4574 debeat,
369 4511 499 4582 praecipit
513 4516 544 4566 nt
555 4527 668 4583 sempor
684 4514 789 4583 quihus
804 4512 960 4585 iuterroga-
1013 4513 1148 4569 continuo
1164 4528 1231 4583 rege
1247 4512 1441 4582 permittente,
1457 4515 1486 4565 et
1499 4516 1532 4564 ut
1546 4514 1611 4581 post
1629 4508 1732 4580 viginti
1747 4494 1831 4560 dissei

113 4606 193 4655 retur
206 4618 257 4672 per
272 4601 404 4655 ordinem
417 4601 553 4671 aperiret.
573 4602 644 4656 Tum
659 4601 776 4656 demum
791 4603 959 4656 necessitate
1013 4619 1043 4656 se
1057 4601 1301 4656 llediomatricum
1316 4600 1426 4668 urbem,
1444 4615 1509 4670 quse
1525 4614 1604 4654 nunc
1621 4597 1714 4653 Mettis
1730 4595 1830 4648 rocam·

113 4691 286 4762 compulsus,
311 4705 343 4744 ex
366 4694 570 4760 percunctante
596 4706 665 4761 rege
694 4689 797 4760 quaerit
824 4691 961 4761 quarsint
1013 4689 1108 4744 redire
1127 4687 1324 4758 praecipiente,
1341 4687 1456 4743 recessit
1472 4686 1506 4741 ad
1528 4686 1673 4753 cellulam,
1696 4683 1770 4750 aliud
1789 4677 1831 4733 siu
1875 4684 1885 4763 q

113 4795 255 4851 quaease
284 4777 352 4832 velit
376 4777 686 4833 audire.Cumillede
713 4777 815 4849 legatis
840 4777 958 4845 ctfcris,
1015 4777 1103 4832 dubio
1118 4778 1235 4832 iuterim
1250 4793 1334 4847 agere
1358 4776 1514 4846 disponens
1534 4792 1591 4848 quo
1609 4775 1701 4848 possit
1718 4771 1787 4845 regis
1798 4765 1830 4820 dt·
1875 4766 1885 4863 l

113 4873 198 4939 atque
211 4867 345 4939 episcopo
363 4883 392 4921 se
409 4882 539 4937 quaerere
555 4866 758 4938 respondisset,
774 4870 902 4937 ssanetus
916 4866 961 4920 vir
1014 4867 1120 4921 clinare
1143 4865 1333 4936 propositum.
1365 4865 1400 4920 Ut
1425 4880 1493 4936 ergo
1525 4864 1657 4936 pervenit
1685 4863 1719 4919 ad
1745 4861 1830 4916 cellam.
1875 4876 1885 4931 ι

112 4956 196 5026 petiit
213 4962 245 5011 ut
259 4957 320 5027 ipsc
336 4972 383 5009 rex
401 4954 648 5027 quemadmodum
667 4971 713 5009 res
728 4959 821 5026 gestas
833 4954 961 5009 audisset
1015 4955 1119 5009 sesain
1144 4955 1302 5009 orationem
1327 4958 1521 5025 prosternens,
1544 4953 1699 5008 Dominum
1719 4942 1833 5021 coepitin·
1876 4954 1885 4999 t

113 5043 248 5098 ediceret.
266 5044 300 5097 llt
315 5042 399 5096 hoca
420 5057 486 5112 rege
501 5041 607 5096 factum
623 5046 675 5109 est,
701 5047 729 5095 et
747 5041 959 5111 perordinem,
1014 5049 1092 5099 teutc
1109 5049 1138 5098 el
1151 5059 1216 5097 cum
1238 5042 1347 5114 gemitu
1369 5042 1526 5113 deprecari,
1549 5047 1581 5095 ut
1596 5058 1626 5095 se
1640 5059 1657 5096 a
1672 5046 1749 5096 anto
1769 5041 1832 5092 ouert
1876 5026 1880 5089 ἶ

114 5136 254 5186 utrarum
273 5135 419 5202 gestarum
444 5130 565 5185 lidesad
591 5146 620 5183 se
642 5128 820 5198 pervenisset
842 5129 959 5200 explici·
1014 5147 1089 5188 curae
1114 5132 1264 5202 pastoralis
1293 5131 1515 5186 misericorditer
1539 5131 1710 5202 dignaretur
1729 5128 1833 5199 eripem
1876 5146 1879 5203 3

114 5224 188 5285 tum,
203 5218 302 5272 beatus
317 5218 391 5273 Guar
405 5217 572 5288 subjunxit:
593 5216 792 5272 Obedientiam
815 5218 960 5289 negligere
1015 5219 1146 5275 sufficere
1159 5220 1213 5274 sibi
1225 5225 1258 5273 ut
1272 5225 1379 5274 secreto
1396 5219 1468 5274 etin
1490 5219 1595 5275 abditis
1608 5217 1785 5274 conscicntia
1798 5201 1834 5281 ipsi
1875 5206 1879 5233 ²

114 5306 372 5370 nondebeu,niltil
399 5312 496 5360 tamen
521 5305 598 5360 aliud
624 5322 658 5360 ex
686 5322 732 5360 mo
761 5306 860 5361 audies
873 5322 960 5377 quam
1015 5309 1117 5363 diebus
1136 5309 1202 5363 vitae
1217 5324 1275 5363 suec
1291 5308 1419 5374 serviret,
1432 5324 1525 5363 necse
1540 5323 1708 5378 posseouus
1721 5303 1836 5378 quodrl¹

114 5395 265 5466 quodipsc
277 5395 383 5463 dixisti,
400 5409 467 5449 uam
478 5393 541 5448 aliis
556 5394 595 5448 sic
611 5394 724 5450 ridetur
740 5395 846 5450 lactum
860 5410 960 5467 quem·
1015 5397 1100 5449 vellet
1116 5396 1266 5466 imponere
1292 5395 1442 5449 sustinere.
1467 5395 1595 5466 Cumque
1623 5395 1653 5448 iu
1670 5394 1716 5449 his
1729 5388 1838 5465 precibus
1881 5392 1885 5433 Ξ

115 5482 269 5538 admodum
284 5482 325 5538 ibi
339 5485 460 5539 relatum
475 5487 527 5538 est.
1015 5483 1169 5554 persistens
1188 5484 1374 5554 semetipsum
1396 5482 1546 5555 allligeret,
1577 5499 1611 5537 ex
1635 5483 1782 5538 voluntate
1805 5469 1839 5533 pri
