3930 6098
766 280 871 336 arnan
891 280 1207 339 sicaauauroanu.
1784 253 1856 340 'aso
1899 286 1903 291 ·

492 410 576 466 cxlx.
974 414 1119 470 Astantes
1140 428 1173 466 ex
1189 428 1233 478 eo,
1254 414 1395 485 accipiant
1416 420 1475 468 tam
1490 415 1618 485 corporis
1643 416 1857 487 quamanimae

308 529 430 573 orario
452 530 576 572 corraa
601 531 758 574 ruccone.
1011 500 1172 556 sanitatem·
1191 503 1253 556 Per·

106 621 237 675 Primam
260 627 411 692 sparqctur
429 638 502 691 aquo
522 622 670 690 benedicto,
691 628 717 678 et
732 627 828 694 postea
846 623 956 678 dicotur
1376 591 1485 646 CXXVI·

444 712 616 765 orottoistc:
1255 718 1374 760 orario
1397 721 1478 760 aura
1500 721 1612 762 (traua.

143 813 342 884 Omnipotens,
360 815 534 886 sempiterne
551 817 635 879 Deus,
652 832 735 887 parce
749 816 953 885 metuentibus,
1044 820 1139 876 ltellca
1154 813 1217 886 nos',
1242 820 1372 886 Domine,
1388 821 1471 876 donis
1490 821 1556 883 tuis,
1575 827 1603 877 et
1618 821 1773 892 opulentiae
1798 827 1855 878 ture

106 907 136 956 et
157 903 314 974 propitiare
339 904 525 976 supplicibus,
544 910 577 959 ut
591 911 657 976 post
671 905 772 960 noxios
792 905 873 977 ignes
899 921 954 960 nu·
1007 908 1141 979 largitate
1157 914 1296 964 sustenta.
1312 912 1365 964 Per
1376 910 1529 965 Dominum
1544 916 1686 966 nostrum.

106 990 187 1046 bium
202 996 231 1046 et
245 991 304 1046 rim
317 993 519 1063 procellarum,
539 993 569 1047 in
585 993 734 1048 materiam
749 997 876 1049 transeat
889 994 955 1049 lan·
1393 1026 1469 1080 Aua·

106 1078 151 1135 dis
163 1080 350 1136 comminatio
366 1081 525 1153 potcstatis.
541 1084 606 1137 Per.

1043 1111 1175 1179 benedic,
1203 1112 1333 1180 Domine,
1348 1113 1424 1168 dona
1439 1117 1497 1180 tua,
1519 1130 1584 1186 quea
1601 1115 1636 1168 de
1648 1117 1698 1168 tua
1722 1115 1855 1185 largitata

493 1187 569 1243 CXX·
1007 1214 1105 1253 snmus
1118 1199 1272 1269 sumpturi.
1290 1201 1345 1254 Per
1360 1200 1516 1255 Dominum
1534 1206 1677 1257 nostrum.

107 1287 228 1330 enarro
248 1288 350 1330 sorau
372 1290 453 1331 vast
476 1290 508 1331 ιιι
532 1290 608 1332 noco
631 1290 773 1339 nariodo
795 1290 953 1332 narrare.
1369 1315 1492 1371 CXXVII·

140 1378 341 1450 Omnipotens,
367 1381 542 1451 sempiterne
567 1382 653 1451 Deos,
676 1381 771 1436 insere
795 1386 823 1436 te
851 1380 954 1436 officiis

104 1467 222 1531 nostris,
240 1473 269 1523 et
290 1469 351 1524 heac
365 1470 478 1524 vascula
492 1474 553 1524 arte
568 1469 706 1524 fabricata
721 1470 885 1541 gentilium,
907 1486 954 1525 sn·
1143 1527 1147 1536 ,
1334 1530 1338 1539 ,
1468 1529 1472 1539 ,

750 1557 889 1630 digneris,
914 1563 954 1625 ut,
1044 1528 1254 1583 Benedicentnr
1273 1530 1366 1594 nobis,
1393 1531 1524 1598 Domine,
1549 1530 1626 1599 dona
1647 1533 1706 1598 tua,
1730 1545 1795 1599 quae
1820 1528 1855 1583 de

1228 1427 1343 1469 oberto
1365 1429 1465 1470 SUPER
1489 1428 1633 1469 Deusara.

104 1554 257 1611 blimitatis
281 1561 339 1612 tuae
361 1558 490 1629 potentia
509 1557 549 1613 ita
569 1558 727 1613 emundare

104 1644 186 1699 omni
195 1645 381 1702 immunditia
392 1647 522 1718 depulsa,
539 1647 597 1702 sint
611 1647 667 1701 tuis
675 1647 809 1703 fidelibus
823 1653 954 1719 tempore

103 1732 183 1805 pacis
197 1738 283 1806 atque
297 1735 513 1808 tranquillitatis
528 1736 642 1791 utenda.
659 1737 722 1790 Per.

1419 1822 1466 1875 liu.

371 1842 573 1985 mwssffl‘
585 1945 691 1986 pum·
875 1868 883 1881 θ
1042 1907 1152 1963 Sancte
1170 1908 1219 1963 Dei
1239 1822 1503 1981 genitricislilarioe,
1528 1909 1659 1980 gloriose
1675 1913 1704 1963 et
1727 1909 1852 1963 inteme-

1006 2001 1074 2051 ratae
1103 1997 1224 2067 virginis
1253 1998 1440 2065 orationibus,
1470 1999 1546 2070 quod
1577 1997 1660 2052 nobis
1686 1997 1852 2068 appositum

1007 2088 1059 2151 est,
1085 2085 1262 2157 Redemptor
1285 2088 1416 2141 omnium
1440 2087 1599 2142 benedicat.
1620 2088 1674 2141 Per
1697 2085 1853 2141 Dominum

1007 2176 1146 2227 nostrum.

1007 1617 1058 1670 toa
1080 1615 1212 1687 largitate
1228 1617 1311 1672 uobis
1333 1618 1368 1672 ad
1381 1617 1542 1673 remedium
1564 1618 1686 1673 deducta
1700 1621 1777 1688 suut,
1804 1617 1855 1689 qni

973 1712 994 1765 Β
1008 1717 1038 1758 es
1053 1704 1127 1758 Deus
1141 1704 1310 1760 benedictus
1324 1705 1355 1760 in
1370 1708 1483 1761 saecula.

141 2037 344 2108 Deprecamur,
361 2035 493 2104 Domine,
509 2036 691 2091 clementiam
707 2037 823 2108 pietatis
839 2042 906 2105 tusc,
922 2041 954 2091 ut

105 2140 211 2198 aquarn
232 2125 310 2196 putei
331 2123 418 2195 hujus
440 2125 550 2180 coelesti
564 2123 764 2180 benedictione
783 2126 952 2193 sanctifices,
984 2144 992 2155 ·

105 2218 134 2269 ct
157 2213 194 2268 ad
219 2228 401 2269 communem
424 2213 512 2267 vitam
527 2214 664 2269 concedas
688 2214 843 2280 salubrem,
862 2219 890 2269 et
913 2215 954 2269 ita

105 2318 139 2356 ex
160 2317 194 2356 eo
209 2301 309 2373 fugare
328 2301 454 2374 digneris
479 2318 596 2358 omnem
613 2303 762 2358 diabolice
784 2303 952 2360 tentationis

104 2390 264 2457 incursum,
291 2394 323 2444 ut
338 2391 503 2462 quicunque
518 2406 551 2445 ex
568 2406 602 2444 eo
623 2389 741 2445 abhinc
758 2390 884 2446 hauserit
908 2391 952 2446 bi·

104 2476 222 2541 beritre,
248 2479 291 2533 rel
308 2478 339 2534 in
359 2479 535 2551 quibuslibet
549 2480 717 2534 necessariis
732 2479 832 2534 usibus
852 2481 953 2534 bansta
1006 2527 1055 2583 Π
1109 2527 1192 2583 Η
1249 2529 1275 2583 d.

105 2583 179 2639 aqua
203 2584 271 2624 usus
287 2569 382 2635 luerit,
403 2567 491 2623 totius
515 2568 628 2623 virtutis
649 2584 681 2622 ac
703 2568 834 2623 sanitatis
855 2569 951 2623 dulce·
1027 2543 1094 2582 ¹¹⁰³
1133 2543 1160 2582 ⁰¹
1194 2543 1248 2583 ⁰¹¹⁰
1270 2534 1332 2583 ιω·
1371 2619 1380 2638 ,
1425 2619 1445 2671 v

105 2656 172 2711 dine
187 2656 365 2728 perfruatur,
375 2660 407 2711 ut
417 2656 469 2710 tibi
484 2671 598 2728 semper
607 2655 807 2711 sanctificatori
818 2660 846 2710 et
860 2655 950 2710 salva·
1361 2619 1423 2674 Lxx
1449 2619 1495 2673 ΠΙ·

104 2744 161 2799 tori
177 2747 309 2801 omnium
325 2745 445 2801 Domino
460 2745 566 2817 gratias
581 2759 667 2815 agere
681 2750 834 2799 mereatur.
852 2745 913 2799 Per.
1254 2738 1374 2780 ⁰ffl¹⁰
1392 2739 1468 2781 ⁹⁰⁵T
1490 2739 1601 2780 ΜΝ·

476 2851 577 2908 cxxlt,
1041 2836 1152 2905 Satiati,
1176 2838 1306 2903 Domine,
1322 2839 1476 2909 opulentia
1491 2843 1547 2893 tuae
1564 2839 1656 2906 donis,
1673 2838 1725 2893 tibi
1743 2835 1851 2909 gratim

264 2951 458 2997 „mmmm
481 2955 550 2997 m
574 2955 633 2997 m
653 2949 665 2976 ι
687 2956 788 2997 ΒΜ,
1004 2924 1118 2996 agimus
1134 2941 1186 2997 pro
1202 2926 1336 2997 hisquae,
1355 2933 1380 2981 te
1395 2928 1546 2998 largiente,
1563 2927 1750 2998 suscepimus,
1768 2924 1849 2980 obse·

969 3007 1115 3067 Cerautes
1150 3014 1377 3069 misericordiam
1404 3019 1484 3070 tuam
1511 3020 1542 3068 ut
1571 3016 1648 3086 quod
1681 3013 1849 3084 corporibus

1004 3101 1108 3156 uostris
1132 3101 1326 3156 necessarium
1353 3102 1417 3168 luit,
1442 3102 1586 3157 mentibus
1609 3117 1667 3156 non
1692 3102 1728 3156 ait
1747 3116 1849 3156 onero·

1003 3205 1076 3245 sum.
1094 3190 1147 3245 Per
1160 3191 1314 3245 Dominum
1331 3195 1473 3245 nostrum.

1391 2266 1469 2319 Alio.

1044 2350 1120 2407 Beati
1144 2352 1232 2419 Petri,
1248 2353 1387 2424 principis
1407 2355 1614 2425 apostolorum,
1630 2351 1851 2406 interventioni-

1006 2440 1069 2506 bus,
1086 2455 1151 2510 qtue
1165 2439 1248 2495 nobis
1265 2442 1300 2494 ad
1316 2442 1475 2497 remedium
1491 2447 1557 2497 sunt
1571 2441 1699 2513 probata,
1720 2440 1849 2495 Christus

138 3044 270 3112 Benedic,
288 3045 420 3112 Domine,
442 3046 494 3102 hos
508 3047 617 3102 tructus
633 3062 720 3101 noros
742 3062 804 3102 uvoe
819 3046 877 3102 siro
901 3047 946 3102 fa-

103 3149 154 3199 rte,
180 3150 254 3205 quos
270 3138 310 3201 tu,
337 3135 468 3203 Domino,
484 3151 536 3207 per
558 3151 652 3190 rorem
668 3135 740 3198 coeli,
757 3142 787 3191 et
808 3135 950 3191 inundan-

102 3221 172 3276 tiam
196 3222 371 3293 pluviarum,
390 3228 418 3278 et
433 3229 564 3295 tempora
577 3239 677 3278 serena
693 3229 779 3295 atquc
794 3224 949 3294 tranquilla

102 3309 136 3365 ad
151 3311 349 3366 maturitatem
365 3312 520 3384 perducere
535 3311 670 3384 dignatus
687 3328 727 3378 es,
740 3313 774 3367 ad
791 3312 950 3384 percipien·
1388 3307 1464 3362 Alia·

103 3399 172 3454 dum
193 3399 277 3454 nobis
301 3416 365 3455 com
388 3400 547 3472 gratiarum
563 3401 686 3469 actione,
709 3400 871 3456 innomine
891 3401 948 3455 Do·
1036 3393 1152 3448 Satiasti
1175 3411 1236 3459 nos,
1256 3395 1386 3462 Domine,
1402 3395 1437 3450 de
1450 3395 1507 3450 tuis
1521 3393 1604 3450 donis
1620 3410 1652 3449 ac
1666 3392 1750 3461 datis,
1765 3394 1846 3463 reple

103 3487 174 3543 mini
186 3488 277 3543 nostri
288 3490 351 3544 lesu
369 3488 485 3552 Christi,
501 3488 550 3560 qui
564 3493 670 3542 tecum.
1002 3498 1055 3537 nos
1078 3483 1112 3537 de
1129 3488 1177 3537 tua
1193 3484 1402 3553 misericordia,
1418 3484 1486 3556 quie
1502 3488 1532 3539 tu
1548 3498 1578 3538 es
1593 3481 1773 3546 benedictus,
1798 3479 1849 3552 qui

465 3594 582 3650 cxxm,
1002 3586 1068 3625 cum
1083 3573 1139 3626 Deo
1151 3574 1233 3627 Patre
1246 3577 1274 3626 et
1287 3573 1394 3643 Spiritu
1404 3579 1500 3627 sancto
1511 3573 1582 3627 vivis
1596 3577 1747 3643 stragan,
1764 3571 1848 3637 Deos,

262 3696 455 3739 „mmm
473 3698 512 3738 ΑΒ
531 3696 651 3739 mm„
673 3696 785 3739 „om
1001 3674 1054 3730 per
1068 3659 1167 3716 omnia
1181 3661 1285 3715 saecula
1302 3660 1483 3716 saeculorum.

135 3770 258 3827 Domine
283 3776 391 3841 sancte,
416 3773 500 3826 Pater
519 3771 712 3843 omnipotens,
730 3776 837 3826 eterne
862 3772 945 3838 Dens,
1368 3775 1476 3831 Clllllll.

101 3859 149 3931 qui
163 3860 268 3915 coelum
284 3865 312 3915 et
326 3865 443 3929 terram,
458 3875 536 3915 mare
552 3864 580 3914 et
595 3859 694 3915 omnia
706 3861 820 3929 creasti,
836 3865 864 3914 te
879 3875 947 3931 sup·
1241 3894 1360 3936 own,
1383 3895 1415 3937 ,Ν
1439 3894 1612 3937 smum·

102 3949 188 4019 plices
203 3963 370 4020 quaesumus
390 3952 421 4004 ot
438 3949 515 4003 hunc
533 3948 659 4004 fructum
673 3964 781 4003 norum
795 3947 946 4004 benedice-

102 4051 130 4090 re
147 4040 177 4092 et
191 4036 368 4092 sanctificare
384 4037 521 4108 digneris,
539 4041 567 4091 et
585 4037 776 4109 multiplicare
796 4037 945 4092 abundan-

103 4128 143 4178 ter
164 4123 352 4180 offerentibus
366 4125 428 4192 tibi,
445 4130 478 4180 ut
493 4124 603 4194 repleas
618 4141 719 4180 eorum
735 4126 862 4194 cellaria,
881 4141 946 4180 cum

103 4212 268 4268 fortitudine
289 4213 427 4269 frumenti
442 4218 471 4268 et
491 4213 561 4280 vini,
585 4219 619 4267 ut
633 4214 762 4269 letantes
776 4215 807 4269 in
824 4214 874 4279 ais,
900 4230 945 4267 re·

103 4299 193 4355 lerant
217 4301 268 4355 tibi
292 4301 350 4355 Deo
370 4302 563 4372 omnipotenti
587 4302 686 4356 laudes
708 4306 736 4355 et
755 4303 870 4373 gratias.
895 4303 948 4356 Per
967 4306 988 4360 D

106 4391 268 4446 Dominum.

1037 3991 1225 4063 Omnipotens
1246 3997 1275 4047 et
1297 3991 1466 4071 misericors·
1481 3993 1566 4057 Deus,
1593 3991 1643 4063 qui
1667 3988 1847 4044 sacerdotum

1001 4079 1161 4136 ministerio
1185 4080 1219 4134 ad
1235 4080 1286 4135 tibi
1312 4080 1496 4136 serviendum
1511 4087 1537 4135 et
1561 4079 1780 4151 supplicandum
1804 4077 1849 4133 uti

1002 4169 1139 4241 dignaris,
1166 4185 1332 4240 quaesumns
1361 4171 1533 4225 immensam
1557 4167 1741 4224 clementiam
1766 4171 1846 4223 tuam

1001 4264 1034 4313 ut
1052 4258 1195 4329 quidquid
1220 4259 1306 4314 modo
1330 4259 1488 4323 visitamus,
1506 4259 1616 4324 visites;
1633 4255 1774 4329 quidquid
1797 4256 1847 4311 be·

1002 4346 1172 4412 dedicimus,
1194 4348 1363 4415 benedicas;
1382 4347 1476 4420 sitque
1498 4349 1533 4403 ad
1550 4353 1655 4402 nostrae
1679 4345 1851 4401 humilitatis

470 4461 579 4518 CXXIV,
1001 4435 1163 4503 introitum,
1187 4442 1350 4490 sauctorum
1378 4441 1494 4491 tuorum
1518 4434 1629 4490 meritis
1654 4434 1724 4506 luga
1742 4433 1849 4490 demo·

192 4581 386 4624 nmmum
408 4582 448 4623 Η)
469 4581 574 4623 oum
595 4582 664 4631 m
685 4581 856 4623 votum·
1002 4539 1083 4587 num,
1098 4523 1192 4596 augeli
1207 4522 1285 4594 pacis
1301 4524 1457 4595 ingressus.
1470 4526 1524 4580 Per
1540 4523 1704 4579 Dominum.

138 4673 273 4739 benedic,
297 4674 427 4742 Domina,
453 4678 612 4729 ereaturam
634 4673 730 4741 istam,
751 4678 784 4728 nt
797 4674 834 4729 sit
854 4689 947 4729 reme·
1379 4638 1473 4750 cm·

108 4761 182 4817 diurn
200 4764 324 4843 splutare
339 4763 440 4833 generi
456 4763 594 4831 humano,
611 4767 640 4817 et
651 4767 755 4834 praesta
771 4778 824 4834 per
837 4763 950 4817 invoca·
1066 4760 1185 4801 ⁰¹¹¹T¹⁰
1208 4760 1260 4800 ⁰⁸¹
1283 4759 1492 4802 Vsssllfflffl
1513 4756 1784 4801 CONSBDVfflUl·

108 4849 211 4906 tionem
238 4851 364 4906 nominis
387 4851 439 4920 tui,
459 4857 490 4906 ut
516 4851 681 4924 quicunque
704 4868 738 4906 ex
761 4868 795 4906 ea
819 4868 949 4923 sumpse·
1040 4852 1125 4919 Deus,
1155 4853 1205 4923 qui
1229 4850 1435 4905 famulantibus
1457 4851 1509 4906 tibi
1536 4850 1639 4906 mentis
1664 4853 1693 4903 et
1721 4847 1850 4918 corporis

109 4938 150 4999 rit,
176 4941 305 5012 corporis
321 4940 474 4996 sanitatem
494 4945 522 4996 et
542 4940 644 4995 animae
660 4942 778 4996 tutelam
800 4940 948 5014 percipiat.
1003 4940 1129 4996 subsidia
1151 4939 1374 4994 misericorditer
1394 4940 1518 5012 largiris,
1542 4937 1656 5010 presta,
1672 4950 1849 5008 quaesumus,

108 5026 166 5084 Per·
607 5023 610 5027 ’
1002 5035 1036 5086 ut
1056 5046 1121 5101 quas
1144 5029 1189 5083 his
1204 5029 1294 5102 pietas
1308 5035 1356 5084 tua
1379 5030 1408 5085 in
1423 5047 1491 5084 osus
1515 5033 1542 5083 et
1566 5026 1724 5082 necessaria
1747 5039 1850 5096 corpo·

480 5099 576 5154 CXXV·
1003 5134 1069 5173 rum
1082 5118 1257 5173 famulorum
1272 5125 1388 5174 tuorum
1404 5118 1533 5184 contulit,
1549 5117 1705 5171 clementer
1724 5113 1850 5168 abunda-

306 5202 501 5245 ⁸⁸¹¹¹⁰¹⁰T¹⁰
524 5187 632 5262 lmus
655 5188 754 5259 ΝΟΜ·
1003 5223 1035 5262 re
1051 5211 1079 5262 et
1093 5222 1260 5263 conservare
1280 5207 1384 5274 faeias3
1401 5207 1491 5261 uthis
1513 5203 1638 5259 exterius
1656 5206 1780 5271 utentes,
1803 5200 1849 5256 in·

140 5293 274 5361 Benedic,
299 5294 429 5359 Domine,
451 5299 615 5349 creaturam
643 5294 727 5349 istam
756 5293 849 5366 panis,
876 5294 947 5350 sicut
1003 5295 1093 5351 terius
1112 5295 1283 5352 indumento
1299 5296 1395 5352 amicti
1405 5294 1537 5365 justitia,
1554 5292 1648 5347 devoti
1669 5306 1784 5362 semper
1797 5289 1848 5345 tibi

107 5379 277 5437 benedixisti
299 5381 427 5454 quinqua
439 5398 530 5454 panes
544 5382 574 5437 in
590 5382 715 5452 deserto,
731 5387 764 5439 ut
778 5399 878 5439 omues
894 5399 947 5454 gu·
1003 5384 1127 5440 existere
1143 5389 1317 5441 mercentur.
1335 5384 1398 5438 Per.

140 5550 153 5577 ¹
167 5541 245 5598 Dore
262 5546 391 5597 veterum
404 5557 507 5598 censeo
519 5545 592 5611 (aaa
607 5542 664 5615 legi
678 5558 731 5614 pro
744 5543 825 5611 (aba.
