3930 6098
370 301 474 361 aluta
493 302 811 365 SACRAMENTORUM.
826 337 861 348 —
875 307 1030 366 PRAEFAT.
1051 310 1165 378 ANTIO.
1421 359 1426 369 .
1591 317 1645 374 sto
1732 353 1735 357 .

85 453 163 510 ppus
178 444 207 494 et
220 440 350 509 lacobus,
368 457 492 512 quornm
508 442 593 497 hodic
609 442 681 497 testa
692 459 740 498 ve·
760 448 782 499 Α
799 445 931 517 baptistae
946 450 974 501 et
985 448 1133 518 prophetoe
1148 449 1277 518 loannis,
1301 467 1366 506 cum
1389 453 1493 523 gaudio
1516 455 1646 512 celebre-

85 534 205 583 >scentes
220 535 252 583 ut
266 529 341 584 sicut
355 544 455 585 eornm
470 531 606 586 doctrinis
621 532 744 587 institui·
798 549 873 601 mus,
888 533 949 604 ipse
967 538 1010 590 est
1022 536 1099 591 enim
1123 536 1171 607 qui
1187 538 1367 593 annuntiavit
1383 541 1594 610 poenitentiam,
1616 546 1646 597 et

88 616 173 687 mplis
184 617 363 688 muniamur,
377 623 405 673 et
414 619 547 690 precibus
563 620 742 691 adjuvemur.
797 621 873 682 viam
889 623 987 678 salutis
1002 624 1140 680 universe
1158 626 1399 697 terroepraedixit;
1413 628 1475 699 ipse
1490 632 1542 696 est,
1558 645 1646 702 quem

85 718 111 758 m
126 704 281 759 Dominum
299 710 440 760 nostrum.
798 725 877 765 sacra
893 711 962 766 tuba
976 711 1079 767 cecinit
1094 713 1258 780 saluatoris,
1275 715 1343 784 quia
1359 731 1412 769 uon
1428 720 1551 772 surressit
1569 720 1644 788 quit·

85 824 136 867 ΠΟ
151 825 361 868 ,mmmm
380 827 508 868 „Nm
527 827 652 869 cmg,
799 814 881 868 quom
903 801 975 854 iuter
994 805 1073 855 uates
1095 801 1237 856 mulierum
1266 800 1355 872 major
1377 805 1479 859 Jouuue
1499 806 1640 874 Baptista.

85 901 155 954 reus,
183 901 236 954 p„r
260 901 404 955 Christum
428 901 583 956 Dominum
602 906 743 956 nostrum,
799 886 1019 957 Oquambeata
1039 893 1138 952 mater,
1165 904 1230 960 quae
1254 887 1341 943 talem
1363 888 1455 944 tilium
1479 889 1586 945 meruit
1608 891 1643 945 de

87 985 199 1041 sionem
214 989 306 1042 crucis
321 988 463 1043 mundum
477 989 608 1055 redemit,
625 994 653 1044 st
667 991 742 1044 anti·
799 975 870 1029 0oe¹⁰
887 973 1075 1045 ill⁰¹¹¹i⁸⁵¹¹ffl¹
1094 975 1231 1046 Assfl⁰⁸⁰it
1245 981 1345 1030 ΜΠ]
1362 993 1395 1031 0¹
1415 979 1512 1046 VsslbOs
1537 994 1645 1050 llloeffl·

85 1075 104 1128 p„
133 1075 345 1130 amarissimum
367 1081 482 1147 gustum
507 1078 598 1132 crucis
622 1077 745 1132 medica.
798 1078 875 1128 nem,
896 1064 947 1135 qui
965 1063 1136 1135 'praedicavit
1151 1064 1284 1119 omnibus
1303 1063 1487 1120 salvatorem.
1513 1067 1644 1138 uquam

85 1163 165 1231 „wig
189 1168 371 1236 mortemque
387 1180 451 1236 ΨΜ
468 1180 519 1236 per
533 1167 646 1237 lignum
672 1166 745 1220 veti.
798 1150 922 1220 gemina*¹
935 1151 965 1205 in
980 1151 1093 1205 civitate
1105 1151 1234 1218 virtutes,
1248 1152 1297 1206 ubi
1318 1153 1382 1207 duae
1406 1158 1520 1221 matres,
1537 1154 1642 1208 sterilis

85 1252 545 1324 2‚p0r1j3nitr09oeumd0,icjg‚
565 1255 600 1309 Ut
622 1254 746 1309 mirabili
800 1236 939 1309 ctrirgul
965 1240 987 1295 0
1015 1255 1103 1310 quam
1128 1240 1232 1294 mirum
1257 1242 1436 1311 mysterium,
1458 1242 1507 1296 ubi
1522 1247 1645 1313 utraque

85 1339 325 1410 tdispsnsatione,
337 1341 387 1413 qui
398 1357 450 1412 per
461 1341 535 1412 ligni
546 1346 661 1413 gustum
672 1360 688 1396 a
699 1344 748 1398 110.
800 1325 972 1382 horonatort
991 1328 1094 1383 Ecoelo
1111 1344 1168 1382 una
1182 1328 1260 1382 misit
1282 1343 1457 1398 praeconem,
1475 1330 1564 1384 altera
1572 1330 1647 1400 judi·

88 1428 318 1495 djwessemmus‚
335 1446 388 1501 pe,
401 1430 492 1484 officis
511 1430 622 1501 pignum
646 1432 746 1485 reden.
800 1430 861 1469 cem
875 1414 1018 1470 Elisabeth
1042 1417 1142 1487 genuit
1161 1429 1379 1486 praecursorem,
1403 1422 1433 1472 ct
1454 1417 1541 1473 blaria
1563 1418 1645 1492 virgo

85 1515 138 1571 ,dja
153 1517 288 1588 paradisi,
307 1520 359 1572 pe,-
371 1534 468 1589 queu,
801 1503 902 1574 genuit
917 1504 1101 1574 magnifieum
1113 1504 1344 1575 Redemptorem.

84 1619 152 1661 iss,
171 1619 282 1672 unani,
304 1620 468 1672 acarnani,
486 1621 522 1661 nr
540 1621 727 1662 Percurrit.
940 1625 973 1664 iu
991 1625 1110 1665 aurati
1129 1624 1173 1665 ss
1188 1624 1327 1665 rasuris
1348 1625 1382 1664 ar
1400 1625 1508 1666 riuti.

85 1701 149 1747 teus.
169 1693 309 1757 Quoniam
332 1709 348 1746 a
372 1698 400 1747 te
423 1695 612 1748 constantiam
626 1693 707 1761 fides,
732 1709 747 1748 a
837 1699 953 1753 AEterne
980 1698 1051 1753 Deus
1081 1699 1134 1752 Per
1157 1697 1300 1752 Christum
1328 1698 1482 1753 Dominum
1505 1705 1646 1754 nostrum.

98 1780 186 1834 sumit
205 1780 367 1834 infirmitas.
386 1782 419 1836 Et
442 1781 583 1852 quidquid
599 1782 629 1836 in
650 1798 747 1852 persa·
804 1786 857 1840 Pro
873 1787 954 1856 anus
969 1802 1067 1840 amore
1083 1785 1201 1856 gloriosi
1218 1791 1358 1856 martyres
1382 1787 1505 1841 loannes
1530 1791 1558 1842 et
1574 1789 1648 1843 Pau-

85 1883 187 1923 tmuum
204 1875 257 1935 cst,
281 1869 421 1940 quidquid
447 1871 476 1923 in
492 1875 585 1924 morte
608 1870 747 1938 terribile,
803 1875 846 1928 lus
862 1874 1032 1944 martyrium
1049 1890 1105 1927 nou
1122 1880 1189 1927 sunt
1204 1874 1329 1928 cunctati
1344 1874 1450 1940 subire,
1468 1891 1541 1947 quos
1556 1876 1586 1930 in
1602 1892 1650 1931 na·

104 1957 172 2012 iacis
193 1957 372 2012 confessione
395 1959 535 2028 superari.
561 1959 639 2013 Unde
661 1960 748 2014 bene-
803 1962 900 2017 scendi
917 1963 978 2034 lege
990 1962 1281 2033 Junxitgrrmanitas,
1296 1962 1326 2017 in
1341 1963 1452 2034 gremio
1465 1964 1573 2018 matris
1595 1966 1648 2019 Ec·

95 2045 223 2112 Domine,
240 2045 271 2099 in
286 2046 422 2116 operibus
443 2047 510 2115 tuis,
526 2051 612 2118 teque
632 2047 663 2101 in
683 2063 748 2102 san·
803 2051 896 2106 clesioe
919 2051 986 2106 fidei
1009 2052 1113 2113 unitas,
1138 2052 1167 2105 in
1188 2050 1327 2122 passionis
1351 2052 1505 2106 acerbitate
1531 2053 1649 2108 ferenda

85 2150 164 2188 nrum
195 2135 279 2188 Nerei
309 2140 336 2189 et
358 2134 481 2189 Achillei
500 2140 587 2207 atque
607 2135 748 2190 Pancralii
802 2139 1149 2194 uniusamorissocietas.
1168 2140 1529 2210 Perquemuospetimus
1547 2156 1649 2195 curum

85 2222 212 2278 adamus.
225 2224 279 2278 Per
292 2224 445 2278 Christum.
664 2251 666 2255 v
801 2228 931 2298 precibus
956 2227 1094 2298 adjurari,
1118 2243 1241 2298 quorum
1258 2227 1329 2282 testa
1344 2228 1491 2284 noscimur
1505 2228 1645 2284 venerari.

85 2344 233 2385 eranam
247 2345 273 2385 s.
292 2345 413 2387 unanur
428 2345 476 2386 rr.
494 2345 591 2386 naar.
802 2315 856 2369 Pel
870 2331 956 2387 quem
970 2314 1081 2385 mim·
1099 2317 1197 2369 mum?

88 2432 123 2472 ne
138 2418 223 2472 [teus.
239 2418 346 2473 Debitus
361 2419 476 2489 pietatis
491 2418 662 2489 obsequium
680 2434 749 2472 san·
858 2437 890 2477 rr
907 2436 1034 2477 ricinia
1058 2435 1289 2477 arosronuauu
1310 2436 1403 2476 rarat
1428 2438 1463 2478 nr
1487 2437 1594 2479 esum.

85 2506 124 2560 ris
144 2510 172 2561 ct
186 2507 319 2578 martyris
341 2507 384 2561 tui
410 2507 516 2563 Urbani
537 2523 749 2562 commemora·
838 2510 953 2564 AEterne
970 2511 1054 2576 liciis,
1070 2510 1144 2582 apud
1170 2525 1256 2580 quem
1272 2526 1337 2565 cum
1359 2510 1511 2565 beatorum
1533 2515 1651 2583 aposto-

86 2599 175 2662 entcs,
200 2595 360 2666 potentiam
390 2599 479 2661 tuam,
509 2595 640 2662 Domine,
668 2596 749 2666 cujus
803 2598 897 2653 lorum
926 2598 1090 2653 continuata
1120 2598 1266 2664 festivitas,
1293 2597 1498 2670 triumphique,
1528 2605 1581 2654 etc.
1616 2601 1650 2657 Ut

85 2683 201 2751 exstitit,
217 2684 247 2738 in
263 2684 326 2755 ejus
341 2683 523 2739 solemnitate
544 2684 746 2755 praedicamus.
803 2702 890 2760 supro
904 2688 975 2741 iuter
985 2687 1097 2755 prasut.
1113 2686 1206 2742 Ambr.

851 2809 881 2849 m
902 2807 1058 2848 rassroua
1077 2806 1308 2847 rrosrotoaurr
1327 2806 1422 2847 esrai
1441 2806 1477 2847 rr
1496 2806 1603 2848 rauci.

86 2894 180 2935 arsur
194 2893 239 2935 ss.
259 2894 457 2935 nancacnrm
478 2894 514 2934 nr
532 2893 640 2934 rnrnr.
837 2883 960 2952 AEquum
975 2880 1147 2934 etsalutare.
1159 2881 1208 2946 Te,
1223 2880 1354 2946 Domine,
1369 2880 1649 2951 suppticesexorare,

85 2968 162 3023 iens.
188 2967 272 3039 Apud
296 2984 382 3039 quem
410 2983 524 3039 semper
545 2971 587 3021 est
611 2967 748 3038 praeclara
803 2975 835 3024 ut
850 2985 967 3041 gregem
983 2973 1075 3030 tuum,
1091 2974 1188 3039 pastor
1197 2971 1313 3034 aeterne,
1326 2983 1385 3021 nun
1400 2967 1525 3036 deseras,
1541 2970 1589 3025 scd
1600 2987 1652 3041 per

85 3070 147 3122 um,
163 3072 287 3127 quorum
303 3072 355 3110 nos
374 3072 451 3110 mors
476 3056 601 3127 pretiosa
622 3055 749 3111 laetilicat
768 3033 902 3113 Cbeatos
925 3057 1068 3127 apostolos
1092 3061 1156 3111 tuos
1178 3057 1294 3111 Petrum
1318 3059 1347 3110 et
1369 3055 1490 3110 Paulum
1514 3057 1652 3113 continua

85 3148 246 3216 tnapropter
269 3150 428 3215 martyrum
451 3150 569 3200 tuorum
593 3144 750 3201 Marcellini
803 3145 982 3218 protectione
996 3146 1139 3199 custodias
1155 3161 1162 3199 :
1180 3149 1212 3199 ut
1233 3143 1341 3199 eisdem
1362 3143 1522 3198 rectoribus
1545 3146 1650 3217 gnber-

85 3233 173 3288 sriosa
196 3239 377 3289 recensentes
401 3233 543 3300 natalitia,
572 3235 672 3289 laudes
696 3232 749 3288 tibi
804 3239 898 3301 netur,
915 3249 986 3304 quos
1001 3232 1095 3303 operis
1110 3232 1153 3286 tui
1168 3230 1286 3286 vicarios
1301 3230 1393 3287 eidem
1408 3231 1554 3287 contulisti
1575 3250 1650 3304 proe·

85 3325 109 3376 st
123 3322 367 3392 magnificentiam
382 3327 472 3387 tuam,
494 3323 636 3393 supptices
650 3337 749 3376 exora·
804 3339 865 3378 esse
881 3327 1020 3394 pastores.
1037 3322 1070 3376 Et
1082 3321 1157 3376 ideo.

85 3424 161 3464 rrum
177 3426 275 3464 sumus
297 3409 435 3482 martyria
456 3415 636 3480 venerantes,
660 3409 748 3464 beati·
1016 3429 1047 3483 pn
1066 3426 1239 3482 ordinatione
1252 3429 1287 3485 g,
1306 3427 1435 3481 Martini,

85 3514 188 3553 ‘⁸¹¹¹OE
202 3515 262 3553 0³⁵⁰
277 3504 432 3554 ⁰⁰⁰³⁰f10ffi
444 3501 499 3554 ¹³0?
513 3499 667 3553 Christum·
839 3494 953 3574 AEterne
970 3517 1054 3572 Deus.
1075 3515 1129 3581 Qui
1153 3516 1292 3570 mnndum
1312 3530 1365 3586 per
1386 3519 1499 3570 sanctus
1523 3515 1653 3571 doctores

85 3619 165 3662 irini
184 3621 228 3661 ss
248 3620 346 3662 usrcr
371 3621 406 3661 ar
426 3620 659 3662 annuentium.
804 3607 839 3662 ad
861 3623 936 3663 verre
951 3604 1020 3661 fidei
1032 3604 1206 3677 agnitionem
1221 3603 1390 3659 illuminasti
1406 3617 1413 3658 :
1429 3604 1464 3659 de
1473 3620 1598 3676 quornm
1610 3621 1654 3660 so·

85 3693 160 3748 icus.
187 3694 241 3758 Qui
262 3700 424 3750 sanctorum
450 3699 609 3765 martyrum
632 3698 750 3748 tuorum
805 3696 907 3750 cietate
923 3694 1025 3748 beatus
1041 3693 1178 3748 Martinus
1190 3692 1375 3747 excellentius
1384 3691 1496 3755 enituit,
1513 3693 1653 3749 uirtutum

85 3782 216 3837 rcelliani
231 3783 279 3854 pia
295 3783 500 3838 certaminaad
517 3780 662 3852 copiosam
683 3797 751 3852 per·
805 3783 917 3840 meritis
937 3780 1082 3852 copiosius
1110 3780 1224 3835 ellulsit.
1255 3780 1404 3850 signorum
1434 3780 1525 3835 titulis
1548 3781 1653 3836 clarius

85 3872 160 3938 iam,
176 3877 263 3944 atque
278 3877 452 3944 perpetuum
468 3870 509 3925 eis
524 3870 637 3941 largiris
652 3870 752 3924 trium·
806 3872 905 3937 eluxit,
920 3875 948 3925 et
960 3868 1047 3924 totius
1062 3869 1177 3940 pietatis
1192 3869 1301 3940 populo
1315 3873 1364 3923 tuo
1381 3867 1520 3939 magister
1533 3869 1653 3926 emicuit

85 3961 207 4016 icelesiae
228 3967 285 4016 tuoe
302 3976 416 4032 semper
440 3961 498 4014 sint
525 3960 556 4014 in
575 3959 749 4030 exemplum.
805 3960 883 4019 Alius
897 3959 1018 4014 coelestis
1031 3957 1169 4013 doctrinm
1184 3957 1277 4012 verbis
1292 3955 1427 4023 erudivit,
1444 3955 1515 4011 elios
1537 3958 1653 4030 religio·

86 4049 118 4118 is,
137 4065 315 4121 quaesumus,
329 4055 362 4103 ut
377 4064 429 4121 per
448 4064 549 4104 eorum
569 4046 750 4102 intercessio·
807 4047 925 4103 saevitae
940 4046 1078 4117 exemplis
1098 4045 1254 4111 roboravit,
1277 4044 1313 4099 ab
1333 4044 1412 4099 omni
1436 4061 1553 4118 quoque
1570 4044 1652 4101 intir-

84 4153 112 4193 m
132 4138 205 4193 testa
228 4138 414 4205 celebramus,
433 4144 491 4193 ture
514 4137 661 4209 capiamus
685 4152 752 4191 mu·
807 4136 939 4192 mitatum
965 4134 1095 4190 molestia
1119 4134 1224 4188 multos
1247 4132 1371 4200 sanavit,
1390 4134 1529 4205 quosdam
1549 4150 1654 4190 saroa

85 4243 113 4282 s.
129 4228 183 4283 Per
195 4227 349 4282 Christum.
808 4224 991 4281 demoniacis
1006 4223 1155 4296 spiritibus
1168 4221 1315 4291 liberavit;
1333 4222 1404 4277 alios
1422 4239 1537 4295 quoque
1561 4228 1655 4279 morte

90 4346 644 4389 fflfflss‚05mslm„oum
773 4306 963 4387 Dprasrcptos
998 4311 1084 4367 sacris
1123 4311 1299 4366 orationibus
1332 4311 1519 4366 resuscitarit.
1552 4310 1656 4367 Omni·

85 4424 156 4477 1005,
182 4423 236 4476 per
261 4422 406 4478 christum
433 4421 588 4476 Dominum
612 4424 752 4474 nostrum,
807 4403 862 4457 bus
878 4401 948 4456 odor
963 4400 1027 4455 ritas
1038 4400 1129 4454 lactus
1144 4399 1180 4453 ad
1196 4399 1328 4466 salutem,
1344 4402 1377 4453 ut
1398 4415 1499 4454 omnes
1514 4398 1550 4454 ad
1570 4403 1654 4455 aeter·

85 4511 198 4566 ,0minjg
221 4511 400 4566 confessione
422 4510 498 4565 beati
523 4517 663 4580 martyre,
687 4509 756 4564 Ger.
808 4506 876 4546 nam
891 4487 1098 4544 beatititudiuis
1111 4486 1232 4559 gloriam
1248 4491 1403 4541 revocaret.
1418 4487 1472 4542 Per
1486 4488 1591 4545 Christ.

84 4599 306 4670 rotasiuspassi,
324 4599 353 4652 in
369 4597 477 4653 coelesti
500 4597 617 4669 regione
642 4596 756 4652 aeternis
989 4610 1021 4651 m
1042 4609 1160 4651 saram
1182 4608 1228 4649 ss.
1245 4607 1294 4648 rii
1310 4607 1476 4650 raasson.

85 4680 234 4760 rgaudiis',
251 4693 342 4758 etpro
357 4703 456 4741 eorum
479 4685 601 4740 solemni
625 4684 755 4740 recorda·
847 4685 901 4754 (G.)
932 4684 1046 4738 AEterue
1071 4683 1154 4736 Deus.
1182 4679 1289 4736 Donari
1315 4680 1398 4735 nobis
1423 4680 1591 4752 suppliciter
1611 4697 1658 4736 ex·

85 4776 124 4831 sia
137 4776 278 4846 religiosis
290 4776 413 4830 exsultat
427 4774 539 4829 officiis.
559 4776 613 4829 Por
623 4789 720 4845 quem.
811 4778 938 4840 orantes,
953 4777 986 4826 ut
1000 4771 1073 4826 sicut
1088 4770 1180 4825 sancti
1192 4771 1236 4825 tui
1258 4769 1401 4824 mundum
1426 4770 1458 4826 in
1480 4776 1530 4825 tua
1552 4770 1657 4825 virtute

85 4897 270 4938 snmus,
289 4895 614 4938 mmmmm,
810 4862 952 4927 uicerunt,
973 4860 1014 4915 ita
1038 4876 1092 4914 nos
1125 4874 1142 4912 a
1165 4857 1320 4914 mundanis
1345 4858 1490 4915 erroribus
1513 4859 1659 4930 postulent

85 4987 132 5027 me
150 4972 234 5026 Deus.
262 4970 432 5026 Exhibentes
455 4971 582 5024 solemne
601 4967 757 5040 jejunium,
812 4949 951 5022 ⁶¹P⁰difi·
969 4950 1023 5004 Ρθῐ
1037 4946 1140 5004 Christ·

85 5065 109 5115 π
121 5074 207 5130 ,um
222 5061 385 5129 immas·
404 5058 508 5113 dmg„
962 5053 994 5093 m
1013 5050 1258 5092 ruauscarrour
1279 5052 1305 5093 s.
1324 5050 1512 5093 aarantcrr.

85 5163 114 5204 Η,
133 5163 332 5204 mmm„
352 5160 591 5203 pnfficunsom
847 5127 963 5183 AEterne
979 5125 1064 5180 Deus.
1082 5124 1114 5179 Et
1129 5123 1249 5195 gloriam
1275 5129 1353 5180 tuam
1377 5124 1502 5196 profusis
1523 5122 1659 5195 precibus

85 5240 159 5293 ΜΒ,
178 5237 211 5291 Et
226 5236 257 5290 in
272 5236 317 5290 die
333 5235 494 5290 festivitati,
518 5233 677 5301 hodiem,
704 5248 760 5304 qua
814 5229 941 5280 exorare,
958 5217 990 5268 ut
1004 5213 1053 5285 qui
1066 5212 1143 5268 beati
1165 5212 1310 5270 Benedicti
1334 5211 1504 5267 contessoris
1519 5212 1560 5266 tui
1575 5227 1662 5266 sene·

85 5341 151 5380 „103
164 5328 293 5392 exortu„
309 5329 374 5391 epe„
389 5329 420 5378 „p
440 5312 526 5393 suppa
549 5324 621 5377 ,mer
642 5323 757 5392 Μαί,
815 5318 913 5357 ramur
927 5301 1009 5369 testa,
1022 5306 1050 5358 te
1066 5307 1203 5373 operante
1222 5301 1283 5372 ejus
1298 5300 1456 5355 sanctitatis
1480 5299 1589 5356 imitari
1613 5317 1662 5356 sa-

815 5392 925 5446 leamus
935 5392 1077 5463 exempla,
1093 5396 1119 5445 et
1130 5390 1212 5461 cujus
1226 5389 1335 5444 meritis
1349 5403 1535 5460 nequaquam
1559 5404 1662 5461 possu-

305 5484 371 5538 Alia
782 5551 788 5559 .
817 5493 881 5534 mus
896 5478 1039 5551 curaqirari
1053 5479 1115 5551 ejus
1129 5477 1261 5550 precibus
1277 5477 1406 5548 adjuvari
1420 5492 1594 5534 mereamur.
1612 5480 1665 5534 Per

85 5573 165 5628 usus.
181 5573 217 5628 Ut
228 5572 305 5627 hunc
327 5571 415 5640 diem,
439 5568 625 5641 precursoris
647 5566 763 5624 Domini
818 5565 922 5622 Christ.
