<?xml version="1.0" encoding="UTF-8"?>
<!DOCTYPE html PUBLIC "-//W3C//DTD XHTML 1.0 Transitional//EN"
    "http://www.w3.org/TR/xhtml1/DTD/xhtml1-transitional.dtd">
<html xmlns="http://www.w3.org/1999/xhtml" xml:lang="en" lang="en">
 <head>
  <title>
</title>
<meta http-equiv="Content-Type" content="text/html;charset=utf-8" />
  <meta name='ocr-system' content='tesseract 3.04.00' />
  <meta name='ocr-capabilities' content='ocr_page ocr_carea ocr_par ocr_line ocrx_word'/>
</head>
<body>
  <div class='ocr_page' id='page_1' title='image "./patrologiaecurs04unkngoog_0175.png"; bbox 0 0 3930 6098; ppageno 0'>
   <div class='ocr_carea' id='block_1_1' title="bbox 171 204 1925 275">
    <p class='ocr_par' dir='ltr' id='par_1_1' title="bbox 171 204 1925 275">
     <span class='ocr_line' id='line_1_1' title="bbox 171 204 1925 275; baseline -0.009 0"><span class='ocrx_word' id='word_1_1' title='bbox 171 217 223 275; x_wconf 72' lang='lat'>299</span> <span class='ocrx_word' id='word_1_2' title='bbox 742 207 927 266; x_wconf 82' lang='lat' dir='ltr'>RATRAMNI</span> <span class='ocrx_word' id='word_1_3' title='bbox 945 205 1177 266; x_wconf 72' lang='lat' dir='ltr'>euhemerus</span> <span class='ocrx_word' id='word_1_4' title='bbox 1195 204 1349 263; x_wconf 74' lang='lat' dir='ltr'>houlcurt</span> <span class='ocrx_word' id='word_1_5' title='bbox 1871 205 1925 260; x_wconf 71' lang='lat'>300</span> 
     </span>
    </p>
   </div>
   <div class='ocr_carea' id='block_1_2' title="bbox 150 339 1948 2623">
    <p class='ocr_par' dir='ltr' id='par_1_2' title="bbox 167 339 1948 2095">
     <span class='ocr_line' id='line_1_2' title="bbox 172 339 1948 420; baseline -0.009 -11"><span class='ocrx_word' id='word_1_6' title='bbox 172 357 274 420; x_wconf 91' lang='lat' dir='ltr'>morat,</span> <span class='ocrx_word' id='word_1_7' title='bbox 290 351 364 407; x_wconf 86' lang='lat' dir='ltr'>dona</span> <span class='ocrx_word' id='word_1_8' title='bbox 384 347 473 404; x_wconf 87' lang='lat' dir='ltr'>sancti</span> <span class='ocrx_word' id='word_1_9' title='bbox 488 346 610 420; x_wconf 88' lang='lat' dir='ltr'>Spiritus</span> <span class='ocrx_word' id='word_1_10' title='bbox 628 363 689 400; x_wconf 86' lang='lat' dir='ltr'>esse</span> <span class='ocrx_word' id='word_1_11' title='bbox 705 362 790 400; x_wconf 90' lang='lat' dir='ltr'>nemo</span> <span class='ocrx_word' id='word_1_12' title='bbox 803 346 933 400; x_wconf 79' lang='lat' dir='ltr'>fidelium</span> <span class='ocrx_word' id='word_1_13' title='bbox 949 360 1013 399; x_wconf 91' lang='lat' dir='ltr'>am·</span> <span class='ocrx_word' id='word_1_14' title='bbox 1032 348 1178 411; x_wconf 89' lang='lat' dir='ltr'>Asancto,</span> <span class='ocrx_word' id='word_1_15' title='bbox 1214 358 1313 397; x_wconf 88' lang='lat' dir='ltr'>verum</span> <span class='ocrx_word' id='word_1_16' title='bbox 1343 341 1377 396; x_wconf 91' lang='lat' dir='ltr'>de</span> <span class='ocrx_word' id='word_1_17' title='bbox 1411 341 1496 395; x_wconf 91' lang='lat' dir='ltr'>rebus</span> <span class='ocrx_word' id='word_1_18' title='bbox 1537 339 1735 395; x_wconf 72' lang='lat' dir='ltr'><strong>materialibus</strong></span> <span class='ocrx_word' id='word_1_19' title='bbox 1767 341 1948 412; x_wconf 39' lang='lat' dir='ltr'>sumpsisse«</span> 
     </span>
     <span class='ocr_line' id='line_1_3' title="bbox 170 429 1924 514; baseline -0.009 -16"><span class='ocrx_word' id='word_1_20' title='bbox 170 443 252 514; x_wconf 85' lang='lat' dir='ltr'>bigit.</span> <span class='ocrx_word' id='word_1_21' title='bbox 272 440 399 497; x_wconf 88' lang='lat' dir='ltr'>luterens</span> <span class='ocrx_word' id='word_1_22' title='bbox 419 443 517 492; x_wconf 72' lang='lat' dir='ltr'>aretem</span> <span class='ocrx_word' id='word_1_23' title='bbox 540 436 571 490; x_wconf 90' lang='lat' dir='ltr'>in</span> <span class='ocrx_word' id='word_1_24' title='bbox 596 435 780 490; x_wconf 79' lang='lat' dir='ltr'>conclusione</span> <span class='ocrx_word' id='word_1_25' title='bbox 802 435 863 488; x_wconf 69' lang='lat' dir='ltr'>tuaac</span> <span class='ocrx_word' id='word_1_26' title='bbox 879 433 1018 505; x_wconf 89' lang='lat' dir='ltr'>Spiritum</span> <span class='ocrx_word' id='word_1_27' title='bbox 1073 432 1281 487; x_wconf 88' lang='lat' dir='ltr'>similitudinen</span> <span class='ocrx_word' id='word_1_28' title='bbox 1310 430 1371 500; x_wconf 89' lang='lat' dir='ltr'>ejus</span> <span class='ocrx_word' id='word_1_29' title='bbox 1402 430 1454 496; x_wconf 86' lang='lat' dir='ltr'>rei,</span> <span class='ocrx_word' id='word_1_30' title='bbox 1489 445 1553 500; x_wconf 82' lang='lat' dir='ltr'>qnae</span> <span class='ocrx_word' id='word_1_31' title='bbox 1585 445 1643 483; x_wconf 93' lang='lat' dir='ltr'>non</span> <span class='ocrx_word' id='word_1_32' title='bbox 1681 433 1724 484; x_wconf 90' lang='lat' dir='ltr'>cst</span> <span class='ocrx_word' id='word_1_33' title='bbox 1754 429 1924 495; x_wconf 86' lang='lat' dir='ltr'>materiatis,</span> 
     </span>
     <span class='ocr_line' id='line_1_4' title="bbox 171 518 1922 598; baseline -0.006 -14"><span class='ocrx_word' id='word_1_34' title='bbox 171 537 300 584; x_wconf 82' lang='lat' dir='ltr'>sanctum</span> <span class='ocrx_word' id='word_1_35' title='bbox 325 544 418 598; x_wconf 89' lang='lat' dir='ltr'>posse,</span> <span class='ocrx_word' id='word_1_36' title='bbox 441 526 577 596; x_wconf 88' lang='lat' dir='ltr'>quoniam</span> <span class='ocrx_word' id='word_1_37' title='bbox 600 524 634 579; x_wconf 90' lang='lat' dir='ltr'>de</span> <span class='ocrx_word' id='word_1_38' title='bbox 655 525 736 577; x_wconf 91' lang='lat' dir='ltr'>uuita</span> <span class='ocrx_word' id='word_1_39' title='bbox 764 524 940 595; x_wconf 81' lang='lat' dir='ltr'><strong>plenitudine</strong></span> <span class='ocrx_word' id='word_1_40' title='bbox 966 527 1019 586; x_wconf 90' lang='lat' dir='ltr'>est,</span> <span class='ocrx_word' id='word_1_41' title='bbox 1072 521 1115 574; x_wconf 88' lang='lat' dir='ltr'>ret</span> <span class='ocrx_word' id='word_1_42' title='bbox 1136 521 1197 575; x_wconf 93' lang='lat' dir='ltr'>loco</span> <span class='ocrx_word' id='word_1_43' title='bbox 1219 518 1383 585; x_wconf 83' lang='lat' dir='ltr'>divisibilis;</span> <span class='ocrx_word' id='word_1_44' title='bbox 1404 524 1432 573; x_wconf 89' lang='lat' dir='ltr'>et</span> <span class='ocrx_word' id='word_1_45' title='bbox 1450 534 1509 572; x_wconf 79' lang='lat' dir='ltr'>nun</span> <span class='ocrx_word' id='word_1_46' title='bbox 1527 534 1559 572; x_wconf 91' lang='lat' dir='ltr'>ex</span> <span class='ocrx_word' id='word_1_47' title='bbox 1579 523 1647 583; x_wconf 91' lang='lat' dir='ltr'>toto,</span> <span class='ocrx_word' id='word_1_48' title='bbox 1668 519 1718 572; x_wconf 90' lang='lat' dir='ltr'>sed</span> <span class='ocrx_word' id='word_1_49' title='bbox 1738 535 1790 588; x_wconf 91' lang='lat' dir='ltr'>pro</span> <span class='ocrx_word' id='word_1_50' title='bbox 1816 523 1922 589; x_wconf 86' lang='lat' dir='ltr'>parte:</span> 
     </span>
     <span class='ocr_line' id='line_1_5' title="bbox 171 607 1925 689; baseline -0.007 -17"><span class='ocrx_word' id='word_1_51' title='bbox 171 619 297 689; x_wconf 87' lang='lat' dir='ltr'>protecto</span> <span class='ocrx_word' id='word_1_52' title='bbox 311 616 462 670; x_wconf 87' lang='lat' dir='ltr'>confitetur</span> <span class='ocrx_word' id='word_1_53' title='bbox 482 613 558 684; x_wconf 91' lang='lat' dir='ltr'>quod</span> <span class='ocrx_word' id='word_1_54' title='bbox 581 613 615 666; x_wconf 92' lang='lat' dir='ltr'>de</span> <span class='ocrx_word' id='word_1_55' title='bbox 633 613 715 665; x_wconf 88' lang='lat' dir='ltr'>Patre</span> <span class='ocrx_word' id='word_1_56' title='bbox 739 612 866 681; x_wconf 89' lang='lat' dir='ltr'>Filioque</span> <span class='ocrx_word' id='word_1_57' title='bbox 881 610 1016 681; x_wconf 77' lang='lat' dir='ltr'>procedit.</span> <span class='ocrx_word' id='word_1_58' title='bbox 1072 626 1131 663; x_wconf 90' lang='lat' dir='ltr'>uon</span> <span class='ocrx_word' id='word_1_59' title='bbox 1155 609 1234 664; x_wconf 89' lang='lat' dir='ltr'>enim</span> <span class='ocrx_word' id='word_1_60' title='bbox 1258 612 1386 663; x_wconf 86' lang='lat' dir='ltr'>creatura</span> <span class='ocrx_word' id='word_1_61' title='bbox 1412 611 1506 678; x_wconf 89' lang='lat' dir='ltr'>potest</span> <span class='ocrx_word' id='word_1_62' title='bbox 1529 622 1562 661; x_wconf 83' lang='lat' dir='ltr'>ex</span> <span class='ocrx_word' id='word_1_63' title='bbox 1588 607 1668 660; x_wconf 89' lang='lat' dir='ltr'>omni</span> <span class='ocrx_word' id='word_1_64' title='bbox 1690 613 1771 677; x_wconf 85' lang='lat' dir='ltr'>parte</span> <span class='ocrx_word' id='word_1_65' title='bbox 1794 607 1925 661; x_wconf 81' lang='lat' dir='ltr'>Creatori</span> 
     </span>
     <span class='ocr_line' id='line_1_6' title="bbox 171 695 1925 775; baseline -0.007 -14"><span class='ocrx_word' id='word_1_66' title='bbox 171 707 255 760; x_wconf 86' lang='lat' dir='ltr'>linita</span> <span class='ocrx_word' id='word_1_67' title='bbox 280 719 406 775; x_wconf 86' lang='lat' dir='ltr'>namque</span> <span class='ocrx_word' id='word_1_68' title='bbox 438 702 587 772; x_wconf 85' lang='lat' dir='ltr'>plenitudo</span> <span class='ocrx_word' id='word_1_69' title='bbox 611 699 770 753; x_wconf 86' lang='lat' dir='ltr'>divinitatis</span> <span class='ocrx_word' id='word_1_70' title='bbox 797 699 887 753; x_wconf 87' lang='lat' dir='ltr'>Patris</span> <span class='ocrx_word' id='word_1_71' title='bbox 916 704 959 752; x_wconf 88' lang='lat' dir='ltr'>est</span> <span class='ocrx_word' id='word_1_72' title='bbox 990 701 1019 751; x_wconf 89' lang='lat' dir='ltr'>et</span> <span class='ocrx_word' id='word_1_73' title='bbox 1072 697 1230 751; x_wconf 85' lang='lat' dir='ltr'>consimilis</span> <span class='ocrx_word' id='word_1_74' title='bbox 1263 696 1397 760; x_wconf 85' lang='lat' dir='ltr'>inveniri,</span> <span class='ocrx_word' id='word_1_75' title='bbox 1429 712 1486 766; x_wconf 90' lang='lat' dir='ltr'>qua</span> <span class='ocrx_word' id='word_1_76' title='bbox 1519 696 1553 750; x_wconf 90' lang='lat' dir='ltr'>de</span> <span class='ocrx_word' id='word_1_77' title='bbox 1582 711 1611 747; x_wconf 91' lang='lat' dir='ltr'>re</span> <span class='ocrx_word' id='word_1_78' title='bbox 1642 711 1758 749; x_wconf 88' lang='lat' dir='ltr'>sensum</span> <span class='ocrx_word' id='word_1_79' title='bbox 1784 695 1925 749; x_wconf 80' lang='lat' dir='ltr'>debemus</span> 
     </span>
     <span class='ocr_line' id='line_1_7' title="bbox 170 785 1924 861; baseline -0.005 -13"><span class='ocrx_word' id='word_1_80' title='bbox 170 795 339 849; x_wconf 76' lang='lat' dir='ltr'>Filiituam</span> <span class='ocrx_word' id='word_1_81' title='bbox 365 808 430 846; x_wconf 92' lang='lat' dir='ltr'>cum</span> <span class='ocrx_word' id='word_1_82' title='bbox 452 791 486 844; x_wconf 90' lang='lat' dir='ltr'>sit</span> <span class='ocrx_word' id='word_1_83' title='bbox 504 788 739 861; x_wconf 86' lang='lat' dir='ltr'>plenadiviuitas</span> <span class='ocrx_word' id='word_1_84' title='bbox 765 787 864 853; x_wconf 86' lang='lat' dir='ltr'>Patris,</span> <span class='ocrx_word' id='word_1_85' title='bbox 890 787 1019 857; x_wconf 89' lang='lat' dir='ltr'>etplena</span> <span class='ocrx_word' id='word_1_86' title='bbox 1074 788 1170 857; x_wconf 91' lang='lat' dir='ltr'>polius</span> <span class='ocrx_word' id='word_1_87' title='bbox 1200 786 1397 856; x_wconf 81' lang='lat' dir='ltr'>intelligentiae</span> <span class='ocrx_word' id='word_1_88' title='bbox 1431 785 1620 855; x_wconf 87' lang='lat' dir='ltr'>perpendere.</span> <span class='ocrx_word' id='word_1_89' title='bbox 1647 785 1718 838; x_wconf 83' lang='lat' dir='ltr'>Dicit</span> <span class='ocrx_word' id='word_1_90' title='bbox 1745 785 1833 850; x_wconf 87' lang='lat' dir='ltr'>enim,</span> <span class='ocrx_word' id='word_1_91' title='bbox 1864 802 1924 839; x_wconf 91' lang='lat' dir='ltr'>uon</span> 
     </span>
     <span class='ocr_line' id='line_1_8' title="bbox 169 873 1924 950; baseline -0.005 -14"><span class='ocrx_word' id='word_1_92' title='bbox 169 883 300 942; x_wconf 81' lang='lat' dir='ltr'>diuinitas</span> <span class='ocrx_word' id='word_1_93' title='bbox 322 880 396 944; x_wconf 86' lang='lat' dir='ltr'>Filii,</span> <span class='ocrx_word' id='word_1_94' title='bbox 418 879 485 950; x_wconf 89' lang='lat' dir='ltr'>quia</span> <span class='ocrx_word' id='word_1_95' title='bbox 515 879 649 949; x_wconf 79' lang='lat' dir='ltr'>perfecta,</span> <span class='ocrx_word' id='word_1_96' title='bbox 674 877 742 948; x_wconf 89' lang='lat' dir='ltr'>quia</span> <span class='ocrx_word' id='word_1_97' title='bbox 767 893 825 930; x_wconf 92' lang='lat' dir='ltr'>non</span> <span class='ocrx_word' id='word_1_98' title='bbox 846 877 942 930; x_wconf 89' lang='lat' dir='ltr'>valens</span> <span class='ocrx_word' id='word_1_99' title='bbox 968 892 1018 928; x_wconf 92' lang='lat' dir='ltr'>au·</span> <span class='ocrx_word' id='word_1_100' title='bbox 1075 876 1143 945; x_wconf 91' lang='lat' dir='ltr'>quia</span> <span class='ocrx_word' id='word_1_101' title='bbox 1171 875 1294 945; x_wconf 80' lang='lat' dir='ltr'>Spiritus</span> <span class='ocrx_word' id='word_1_102' title='bbox 1316 880 1430 928; x_wconf 84' lang='lat' dir='ltr'>sauctus</span> <span class='ocrx_word' id='word_1_103' title='bbox 1458 876 1493 928; x_wconf 91' lang='lat' dir='ltr'>de</span> <span class='ocrx_word' id='word_1_104' title='bbox 1521 875 1603 927; x_wconf 87' lang='lat' dir='ltr'>Patre</span> <span class='ocrx_word' id='word_1_105' title='bbox 1633 874 1761 944; x_wconf 90' lang='lat' dir='ltr'>Filioque</span> <span class='ocrx_word' id='word_1_106' title='bbox 1789 873 1924 944; x_wconf 81' lang='lat' dir='ltr'>procedit</span> 
     </span>
     <span class='ocr_line' id='line_1_9' title="bbox 169 961 1925 1042; baseline -0.006 -17"><span class='ocrx_word' id='word_1_107' title='bbox 169 971 245 1042; x_wconf 77' lang='lat' dir='ltr'>geri3</span> <span class='ocrx_word' id='word_1_108' title='bbox 260 971 298 1023; x_wconf 89' lang='lat' dir='ltr'>ita</span> <span class='ocrx_word' id='word_1_109' title='bbox 321 974 416 1022; x_wconf 88' lang='lat' dir='ltr'>tamen</span> <span class='ocrx_word' id='word_1_110' title='bbox 431 967 523 1031; x_wconf 87' lang='lat' dir='ltr'>uuita,</span> <span class='ocrx_word' id='word_1_111' title='bbox 540 973 572 1020; x_wconf 92' lang='lat' dir='ltr'>ut</span> <span class='ocrx_word' id='word_1_112' title='bbox 592 982 650 1020; x_wconf 92' lang='lat' dir='ltr'>uon</span> <span class='ocrx_word' id='word_1_113' title='bbox 673 967 736 1019; x_wconf 67' lang='lat' dir='ltr'>dira».</span> <span class='ocrx_word' id='word_1_114' title='bbox 752 964 954 1036; x_wconf 76' lang='lat' dir='ltr'>plenitudines,</span> <span class='ocrx_word' id='word_1_115' title='bbox 970 964 1019 1017; x_wconf 89' lang='lat' dir='ltr'>sed</span> <span class='ocrx_word' id='word_1_116' title='bbox 1073 968 1209 1034; x_wconf 86' lang='lat' dir='ltr'>tauquam</span> <span class='ocrx_word' id='word_1_117' title='bbox 1225 963 1259 1017; x_wconf 91' lang='lat' dir='ltr'>de</span> <span class='ocrx_word' id='word_1_118' title='bbox 1275 962 1387 1016; x_wconf 90' lang='lat' dir='ltr'>duobus</span> <span class='ocrx_word' id='word_1_119' title='bbox 1402 962 1488 1033; x_wconf 84' lang='lat' dir='ltr'>liguis</span> <span class='ocrx_word' id='word_1_120' title='bbox 1510 978 1584 1016; x_wconf 81' lang='lat' dir='ltr'>riuus</span> <span class='ocrx_word' id='word_1_121' title='bbox 1597 961 1673 1031; x_wconf 89' lang='lat' dir='ltr'>iguis</span> <span class='ocrx_word' id='word_1_122' title='bbox 1688 968 1717 1015; x_wconf 90' lang='lat' dir='ltr'>et</span> <span class='ocrx_word' id='word_1_123' title='bbox 1742 962 1925 1032; x_wconf 89' lang='lat' dir='ltr'>inseparabi-</span> 
     </span>
     <span class='ocr_line' id='line_1_10' title="bbox 169 1049 1922 1128; baseline -0.006 -16"><span class='ocrx_word' id='word_1_124' title='bbox 169 1076 227 1113; x_wconf 86' lang='lat' dir='ltr'>una</span> <span class='ocrx_word' id='word_1_125' title='bbox 258 1058 428 1128; x_wconf 89' lang='lat' dir='ltr'>plenitude;</span> <span class='ocrx_word' id='word_1_126' title='bbox 458 1056 531 1109; x_wconf 91' lang='lat' dir='ltr'>sicut</span> <span class='ocrx_word' id='word_1_127' title='bbox 560 1071 612 1108; x_wconf 90' lang='lat' dir='ltr'>nec</span> <span class='ocrx_word' id='word_1_128' title='bbox 640 1054 704 1108; x_wconf 80' lang='lat' dir='ltr'>dua</span> <span class='ocrx_word' id='word_1_129' title='bbox 733 1054 863 1122; x_wconf 87' lang='lat' dir='ltr'>deitates,</span> <span class='ocrx_word' id='word_1_130' title='bbox 892 1053 938 1107; x_wconf 90' lang='lat' dir='ltr'>sed</span> <span class='ocrx_word' id='word_1_131' title='bbox 962 1068 1019 1106; x_wconf 90' lang='lat' dir='ltr'>uua</span> <span class='ocrx_word' id='word_1_132' title='bbox 1072 1053 1116 1119; x_wconf 90' lang='lat' dir='ltr'>tis,</span> <span class='ocrx_word' id='word_1_133' title='bbox 1143 1052 1281 1122; x_wconf 85' lang='lat' dir='ltr'>Spiritum</span> <span class='ocrx_word' id='word_1_134' title='bbox 1308 1056 1437 1105; x_wconf 86' lang='lat' dir='ltr'>sanctum</span> <span class='ocrx_word' id='word_1_135' title='bbox 1465 1050 1571 1104; x_wconf 86' lang='lat' dir='ltr'>idcirco</span> <span class='ocrx_word' id='word_1_136' title='bbox 1595 1049 1786 1119; x_wconf 77' lang='lat' dir='ltr'>separabilem</span> <span class='ocrx_word' id='word_1_137' title='bbox 1813 1051 1922 1117; x_wconf 85' lang='lat' dir='ltr'>videri;</span> 
     </span>
     <span class='ocr_line' id='line_1_11' title="bbox 169 1139 1923 1211; baseline -0.005 -10"><span class='ocrx_word' id='word_1_138' title='bbox 169 1147 259 1202; x_wconf 85' lang='lat' dir='ltr'>deitas</span> <span class='ocrx_word' id='word_1_139' title='bbox 273 1151 301 1199; x_wconf 90' lang='lat' dir='ltr'>et</span> <span class='ocrx_word' id='word_1_140' title='bbox 325 1145 445 1209; x_wconf 90' lang='lat' dir='ltr'>dicatur,</span> <span class='ocrx_word' id='word_1_141' title='bbox 462 1143 624 1209; x_wconf 87' lang='lat' dir='ltr'>etexistat;</span> <span class='ocrx_word' id='word_1_142' title='bbox 647 1142 723 1197; x_wconf 89' lang='lat' dir='ltr'>etde</span> <span class='ocrx_word' id='word_1_143' title='bbox 745 1142 798 1196; x_wconf 92' lang='lat' dir='ltr'>hac</span> <span class='ocrx_word' id='word_1_144' title='bbox 822 1144 903 1195; x_wconf 87' lang='lat' dir='ltr'>uuita</span> <span class='ocrx_word' id='word_1_145' title='bbox 925 1142 1018 1211; x_wconf 88' lang='lat' dir='ltr'>pleni·</span> <span class='ocrx_word' id='word_1_146' title='bbox 1073 1141 1114 1193; x_wconf 86' lang='lat' dir='ltr'>vel</span> <span class='ocrx_word' id='word_1_147' title='bbox 1132 1145 1269 1211; x_wconf 89' lang='lat' dir='ltr'>tanquam</span> <span class='ocrx_word' id='word_1_148' title='bbox 1290 1140 1362 1194; x_wconf 88' lang='lat' dir='ltr'>duos</span> <span class='ocrx_word' id='word_1_149' title='bbox 1381 1139 1508 1208; x_wconf 85' lang='lat' dir='ltr'>spiritus,</span> <span class='ocrx_word' id='word_1_150' title='bbox 1532 1155 1621 1191; x_wconf 90' lang='lat' dir='ltr'>uuum</span> <span class='ocrx_word' id='word_1_151' title='bbox 1642 1139 1734 1192; x_wconf 87' lang='lat' dir='ltr'>Patris</span> <span class='ocrx_word' id='word_1_152' title='bbox 1752 1146 1779 1192; x_wconf 90' lang='lat' dir='ltr'>et</span> <span class='ocrx_word' id='word_1_153' title='bbox 1799 1140 1923 1193; x_wconf 81' lang='lat' dir='ltr'>alterum</span> 
     </span>
     <span class='ocr_line' id='line_1_12' title="bbox 169 1228 1922 1301; baseline -0.003 -15"><span class='ocrx_word' id='word_1_154' title='bbox 169 1235 268 1288; x_wconf 89' lang='lat' dir='ltr'>tudine</span> <span class='ocrx_word' id='word_1_155' title='bbox 284 1233 374 1287; x_wconf 86' lang='lat' dir='ltr'>Patris</span> <span class='ocrx_word' id='word_1_156' title='bbox 390 1237 418 1285; x_wconf 90' lang='lat' dir='ltr'>et</span> <span class='ocrx_word' id='word_1_157' title='bbox 434 1231 498 1285; x_wconf 82' lang='lat' dir='ltr'>Filii</span> <span class='ocrx_word' id='word_1_158' title='bbox 518 1229 658 1301; x_wconf 86' lang='lat' dir='ltr'>procedit,</span> <span class='ocrx_word' id='word_1_159' title='bbox 675 1233 778 1298; x_wconf 88' lang='lat' dir='ltr'>plenus</span> <span class='ocrx_word' id='word_1_160' title='bbox 801 1236 828 1283; x_wconf 90' lang='lat' dir='ltr'>et</span> <span class='ocrx_word' id='word_1_161' title='bbox 841 1229 902 1299; x_wconf 88' lang='lat' dir='ltr'>ipse</span> <span class='ocrx_word' id='word_1_162' title='bbox 927 1228 1019 1282; x_wconf 89' lang='lat' dir='ltr'>cousi·</span> <span class='ocrx_word' id='word_1_163' title='bbox 1073 1228 1147 1294; x_wconf 82' lang='lat' dir='ltr'>Filii,</span> <span class='ocrx_word' id='word_1_164' title='bbox 1162 1229 1208 1282; x_wconf 89' lang='lat' dir='ltr'>sed</span> <span class='ocrx_word' id='word_1_165' title='bbox 1219 1245 1308 1283; x_wconf 79' lang='lat' dir='ltr'>nurum</span> <span class='ocrx_word' id='word_1_166' title='bbox 1322 1228 1513 1298; x_wconf 87' lang='lat' dir='ltr'>eumdemque</span> <span class='ocrx_word' id='word_1_167' title='bbox 1525 1228 1664 1297; x_wconf 90' lang='lat' dir='ltr'>Spiritum</span> <span class='ocrx_word' id='word_1_168' title='bbox 1677 1232 1815 1290; x_wconf 85' lang='lat' dir='ltr'>sanctum,</span> <span class='ocrx_word' id='word_1_169' title='bbox 1831 1244 1922 1281; x_wconf 88' lang='lat' dir='ltr'>unam</span> 
     </span>
     <span class='ocr_line' id='line_1_13' title="bbox 169 1315 1924 1392; baseline -0.005 -16"><span class='ocrx_word' id='word_1_170' title='bbox 169 1330 247 1378; x_wconf 90' lang='lat' dir='ltr'>stens</span> <span class='ocrx_word' id='word_1_171' title='bbox 262 1325 344 1384; x_wconf 84' lang='lat' dir='ltr'>Deus,</span> <span class='ocrx_word' id='word_1_172' title='bbox 361 1320 497 1392; x_wconf 90' lang='lat' dir='ltr'>quianon</span> <span class='ocrx_word' id='word_1_173' title='bbox 514 1320 609 1373; x_wconf 77' lang='lat' dir='ltr'>ualens</span> <span class='ocrx_word' id='word_1_174' title='bbox 623 1319 771 1389; x_wconf 87' lang='lat' dir='ltr'>augmenti</span> <span class='ocrx_word' id='word_1_175' title='bbox 788 1318 913 1388; x_wconf 87' lang='lat' dir='ltr'>recipere</span> <span class='ocrx_word' id='word_1_176' title='bbox 929 1334 1017 1388; x_wconf 89' lang='lat' dir='ltr'>quan·</span> <span class='ocrx_word' id='word_1_177' title='bbox 1072 1316 1263 1388; x_wconf 89' lang='lat' dir='ltr'>eamdemque</span> <span class='ocrx_word' id='word_1_178' title='bbox 1278 1317 1392 1371; x_wconf 86' lang='lat' dir='ltr'>deitatis</span> <span class='ocrx_word' id='word_1_179' title='bbox 1408 1317 1541 1370; x_wconf 82' lang='lat' dir='ltr'>virtutem</span> <span class='ocrx_word' id='word_1_180' title='bbox 1558 1317 1723 1383; x_wconf 90' lang='lat' dir='ltr'>habentem,</span> <span class='ocrx_word' id='word_1_181' title='bbox 1734 1332 1820 1386; x_wconf 91' lang='lat' dir='ltr'>quam</span> <span class='ocrx_word' id='word_1_182' title='bbox 1836 1315 1924 1369; x_wconf 86' lang='lat' dir='ltr'>habet</span> 
     </span>
     <span class='ocr_line' id='line_1_14' title="bbox 170 1403 1925 1479; baseline -0.005 -15"><span class='ocrx_word' id='word_1_183' title='bbox 170 1411 291 1464; x_wconf 88' lang='lat' dir='ltr'>litatem.</span> <span class='ocrx_word' id='word_1_184' title='bbox 320 1409 349 1463; x_wconf 91' lang='lat' dir='ltr'>Si</span> <span class='ocrx_word' id='word_1_185' title='bbox 378 1409 455 1461; x_wconf 92' lang='lat' dir='ltr'>enim</span> <span class='ocrx_word' id='word_1_186' title='bbox 478 1409 560 1479; x_wconf 80' lang='lat' dir='ltr'>juxte</span> <span class='ocrx_word' id='word_1_187' title='bbox 584 1423 687 1461; x_wconf 84' lang='lat' dir='ltr'>noram</span> <span class='ocrx_word' id='word_1_188' title='bbox 717 1408 848 1461; x_wconf 76' lang='lat' dir='ltr'>haeresim</span> <span class='ocrx_word' id='word_1_189' title='bbox 874 1406 908 1460; x_wconf 92' lang='lat' dir='ltr'>dc</span> <span class='ocrx_word' id='word_1_190' title='bbox 935 1407 1018 1460; x_wconf 88' lang='lat' dir='ltr'>Patre</span> <span class='ocrx_word' id='word_1_191' title='bbox 1073 1405 1155 1458; x_wconf 85' lang='lat' dir='ltr'>Pater</span> <span class='ocrx_word' id='word_1_192' title='bbox 1168 1410 1195 1460; x_wconf 92' lang='lat' dir='ltr'>et</span> <span class='ocrx_word' id='word_1_193' title='bbox 1210 1405 1308 1472; x_wconf 89' lang='lat' dir='ltr'>Filius,</span> <span class='ocrx_word' id='word_1_194' title='bbox 1332 1421 1348 1458; x_wconf 87' lang='lat' dir='ltr'>a</span> <span class='ocrx_word' id='word_1_195' title='bbox 1371 1405 1629 1476; x_wconf 87' lang='lat' dir='ltr'>quibusprocedit.</span> <span class='ocrx_word' id='word_1_196' title='bbox 1655 1404 1780 1458; x_wconf 89' lang='lat' dir='ltr'>Nechoc</span> <span class='ocrx_word' id='word_1_197' title='bbox 1805 1403 1851 1457; x_wconf 80' lang='lat' dir='ltr'>rel</span> <span class='ocrx_word' id='word_1_198' title='bbox 1874 1403 1925 1456; x_wconf 93' lang='lat' dir='ltr'>im-</span> 
     </span>
     <span class='ocr_line' id='line_1_15' title="bbox 169 1492 1924 1566; baseline -0.005 -15"><span class='ocrx_word' id='word_1_199' title='bbox 169 1503 281 1551; x_wconf 88' lang='lat' dir='ltr'>tautum</span> <span class='ocrx_word' id='word_1_200' title='bbox 305 1496 433 1566; x_wconf 90' lang='lat' dir='ltr'>procedit</span> <span class='ocrx_word' id='word_1_201' title='bbox 457 1495 590 1565; x_wconf 84' lang='lat' dir='ltr'>Spiritus,</span> <span class='ocrx_word' id='word_1_202' title='bbox 607 1511 666 1547; x_wconf 90' lang='lat' dir='ltr'>nou</span> <span class='ocrx_word' id='word_1_203' title='bbox 685 1496 720 1548; x_wconf 89' lang='lat' dir='ltr'>de</span> <span class='ocrx_word' id='word_1_204' title='bbox 736 1495 815 1548; x_wconf 88' lang='lat' dir='ltr'>uuita</span> <span class='ocrx_word' id='word_1_205' title='bbox 838 1494 1018 1564; x_wconf 86' lang='lat' dir='ltr'>plenitudiue</span> <span class='ocrx_word' id='word_1_206' title='bbox 1071 1494 1219 1563; x_wconf 89' lang='lat' dir='ltr'>possibile,</span> <span class='ocrx_word' id='word_1_207' title='bbox 1244 1495 1287 1548; x_wconf 84' lang='lat' dir='ltr'>rel</span> <span class='ocrx_word' id='word_1_208' title='bbox 1308 1493 1474 1547; x_wconf 86' lang='lat' dir='ltr'>incredibile</span> <span class='ocrx_word' id='word_1_209' title='bbox 1500 1493 1601 1553; x_wconf 82' lang='lat' dir='ltr'>rideri.</span> <span class='ocrx_word' id='word_1_210' title='bbox 1629 1493 1765 1563; x_wconf 91' lang='lat' dir='ltr'>quoniam</span> <span class='ocrx_word' id='word_1_211' title='bbox 1785 1492 1814 1544; x_wconf 94' lang='lat' dir='ltr'>in</span> <span class='ocrx_word' id='word_1_212' title='bbox 1834 1492 1924 1546; x_wconf 83' lang='lat' dir='ltr'>rebus</span> 
     </span>
     <span class='ocr_line' id='line_1_16' title="bbox 170 1580 1924 1656; baseline -0.003 -17"><span class='ocrx_word' id='word_1_213' title='bbox 170 1586 307 1656; x_wconf 85' lang='lat' dir='ltr'>procedit,</span> <span class='ocrx_word' id='word_1_214' title='bbox 333 1584 469 1655; x_wconf 90' lang='lat' dir='ltr'>quoniam</span> <span class='ocrx_word' id='word_1_215' title='bbox 499 1599 556 1636; x_wconf 91' lang='lat' dir='ltr'>uon</span> <span class='ocrx_word' id='word_1_216' title='bbox 581 1588 624 1637; x_wconf 89' lang='lat' dir='ltr'>est</span> <span class='ocrx_word' id='word_1_217' title='bbox 650 1582 709 1636; x_wconf 92' lang='lat' dir='ltr'>illic</span> <span class='ocrx_word' id='word_1_218' title='bbox 729 1583 919 1636; x_wconf 89' lang='lat' dir='ltr'>communitas</span> <span class='ocrx_word' id='word_1_219' title='bbox 943 1582 1016 1648; x_wconf 81' lang='lat' dir='ltr'>Filii,</span> <span class='ocrx_word' id='word_1_220' title='bbox 1073 1581 1269 1635; x_wconf 84' lang='lat' dir='ltr'>materialibus</span> <span class='ocrx_word' id='word_1_221' title='bbox 1298 1581 1461 1635; x_wconf 82' lang='lat' dir='ltr'>inveniatur</span> <span class='ocrx_word' id='word_1_222' title='bbox 1492 1580 1600 1652; x_wconf 90' lang='lat' dir='ltr'>aliquid</span> <span class='ocrx_word' id='word_1_223' title='bbox 1635 1580 1670 1634; x_wconf 91' lang='lat' dir='ltr'>de</span> <span class='ocrx_word' id='word_1_224' title='bbox 1706 1580 1817 1634; x_wconf 90' lang='lat' dir='ltr'>duobus</span> <span class='ocrx_word' id='word_1_225' title='bbox 1844 1580 1924 1633; x_wconf 85' lang='lat' dir='ltr'>nasci</span> 
     </span>
     <span class='ocr_line' id='line_1_17' title="bbox 170 1642 1921 1744; baseline -0.003 -18"><span class='ocrx_word' id='word_1_226' title='bbox 170 1673 354 1744; x_wconf 81' lang='lat' dir='ltr'>singularitas</span> <span class='ocrx_word' id='word_1_227' title='bbox 374 1672 423 1725; x_wconf 93' lang='lat' dir='ltr'>ubi</span> <span class='ocrx_word' id='word_1_228' title='bbox 452 1677 493 1725; x_wconf 87' lang='lat' dir='ltr'>est</span> <span class='ocrx_word' id='word_1_229' title='bbox 516 1671 616 1725; x_wconf 86' lang='lat' dir='ltr'>Patris.</span> <span class='ocrx_word' id='word_1_230' title='bbox 647 1671 695 1725; x_wconf 84' lang='lat' dir='ltr'>Est</span> <span class='ocrx_word' id='word_1_231' title='bbox 717 1676 813 1726; x_wconf 88' lang='lat' dir='ltr'>autem</span> <span class='ocrx_word' id='word_1_232' title='bbox 837 1671 891 1725; x_wconf 89' lang='lat' dir='ltr'>huc</span> <span class='ocrx_word' id='word_1_233' title='bbox 913 1671 1015 1725; x_wconf 85' lang='lat' dir='ltr'>falsum</span> <span class='ocrx_word' id='word_1_234' title='bbox 1036 1642 1150 1740; x_wconf 86' lang='lat' dir='ltr'>Bquod</span> <span class='ocrx_word' id='word_1_235' title='bbox 1165 1669 1347 1741; x_wconf 89' lang='lat' dir='ltr'>singulariter</span> <span class='ocrx_word' id='word_1_236' title='bbox 1362 1669 1506 1730; x_wconf 85' lang='lat' dir='ltr'>subsistat,</span> <span class='ocrx_word' id='word_1_237' title='bbox 1524 1686 1574 1723; x_wconf 90' lang='lat' dir='ltr'>uec</span> <span class='ocrx_word' id='word_1_238' title='bbox 1595 1669 1761 1723; x_wconf 87' lang='lat' dir='ltr'>dualitatem</span> <span class='ocrx_word' id='word_1_239' title='bbox 1789 1669 1921 1737; x_wconf 89' lang='lat' dir='ltr'>recipiat.</span> 
     </span>
     <span class='ocr_line' id='line_1_18' title="bbox 169 1757 1924 1832; baseline -0.003 -17"><span class='ocrx_word' id='word_1_240' title='bbox 169 1768 256 1832; x_wconf 89' lang='lat' dir='ltr'>atque</span> <span class='ocrx_word' id='word_1_241' title='bbox 289 1761 430 1815; x_wconf 72' lang='lat' dir='ltr'>haereticae</span> <span class='ocrx_word' id='word_1_242' title='bbox 458 1759 607 1829; x_wconf 85' lang='lat' dir='ltr'>pravitatis</span> <span class='ocrx_word' id='word_1_243' title='bbox 635 1761 765 1830; x_wconf 88' lang='lat' dir='ltr'>plenum.</span> <span class='ocrx_word' id='word_1_244' title='bbox 792 1759 908 1814; x_wconf 88' lang='lat' dir='ltr'>Dicatur</span> <span class='ocrx_word' id='word_1_245' title='bbox 930 1760 1019 1830; x_wconf 84' lang='lat' dir='ltr'>igilur</span> <span class='ocrx_word' id='word_1_246' title='bbox 1072 1760 1142 1813; x_wconf 90' lang='lat' dir='ltr'>ltcm</span> <span class='ocrx_word' id='word_1_247' title='bbox 1162 1758 1307 1813; x_wconf 90' lang='lat' dir='ltr'>ineodem</span> <span class='ocrx_word' id='word_1_248' title='bbox 1328 1758 1400 1813; x_wconf 89' lang='lat' dir='ltr'>libro</span> <span class='ocrx_word' id='word_1_249' title='bbox 1418 1774 1424 1811; x_wconf 95' lang='lat'>:</span> <span class='ocrx_word' id='word_1_250' title='bbox 1443 1759 1558 1811; x_wconf 83' lang='lat' dir='ltr'>«Pater</span> <span class='ocrx_word' id='word_1_251' title='bbox 1583 1758 1611 1811; x_wconf 92' lang='lat' dir='ltr'>iu</span> <span class='ocrx_word' id='word_1_252' title='bbox 1634 1758 1715 1822; x_wconf 92' lang='lat' dir='ltr'>Filio,</span> <span class='ocrx_word' id='word_1_253' title='bbox 1740 1763 1768 1810; x_wconf 88' lang='lat' dir='ltr'>et</span> <span class='ocrx_word' id='word_1_254' title='bbox 1788 1757 1876 1811; x_wconf 89' lang='lat' dir='ltr'>Filius</span> <span class='ocrx_word' id='word_1_255' title='bbox 1892 1757 1924 1810; x_wconf 93' lang='lat' dir='ltr'>in</span> 
     </span>
     <span class='ocr_line' id='line_1_19' title="bbox 167 1844 1925 1919; baseline -0.002 -17"><span class='ocrx_word' id='word_1_256' title='bbox 167 1849 247 1919; x_wconf 86' lang='lat' dir='ltr'>juxta</span> <span class='ocrx_word' id='word_1_257' title='bbox 266 1849 341 1902; x_wconf 91' lang='lat' dir='ltr'>beati</span> <span class='ocrx_word' id='word_1_258' title='bbox 361 1848 510 1901; x_wconf 80' lang='lat' dir='ltr'>Athanasii</span> <span class='ocrx_word' id='word_1_259' title='bbox 534 1847 716 1910; x_wconf 89' lang='lat' dir='ltr'>senteutiam,</span> <span class='ocrx_word' id='word_1_260' title='bbox 738 1849 773 1903; x_wconf 90' lang='lat' dir='ltr'>de</span> <span class='ocrx_word' id='word_1_261' title='bbox 795 1849 1017 1918; x_wconf 89' lang='lat' dir='ltr'>nnitapleuitu-</span> <span class='ocrx_word' id='word_1_262' title='bbox 1072 1849 1175 1914; x_wconf 84' lang='lat' dir='ltr'>Patre3</span> <span class='ocrx_word' id='word_1_263' title='bbox 1205 1847 1327 1918; x_wconf 88' lang='lat' dir='ltr'>Spiritus</span> <span class='ocrx_word' id='word_1_264' title='bbox 1366 1852 1460 1901; x_wconf 91' lang='lat' dir='ltr'>autem</span> <span class='ocrx_word' id='word_1_265' title='bbox 1482 1852 1595 1900; x_wconf 89' lang='lat' dir='ltr'>sanctus</span> <span class='ocrx_word' id='word_1_266' title='bbox 1624 1844 1787 1916; x_wconf 81' lang='lat' dir='ltr'>conjunctio</span> <span class='ocrx_word' id='word_1_267' title='bbox 1816 1845 1925 1900; x_wconf 73' lang='lat' dir='ltr'>divinae</span> 
     </span>
     <span class='ocr_line' id='line_1_20' title="bbox 170 1933 1924 2007; baseline -0.002 -17"><span class='ocrx_word' id='word_1_268' title='bbox 170 1937 236 1990; x_wconf 88' lang='lat' dir='ltr'>diue</span> <span class='ocrx_word' id='word_1_269' title='bbox 261 1937 413 2006; x_wconf 87' lang='lat' dir='ltr'>procedere</span> <span class='ocrx_word' id='word_1_270' title='bbox 438 1935 561 2005; x_wconf 87' lang='lat' dir='ltr'>Spiritus</span> <span class='ocrx_word' id='word_1_271' title='bbox 581 1939 704 2001; x_wconf 90' lang='lat' dir='ltr'>sanctus,</span> <span class='ocrx_word' id='word_1_272' title='bbox 725 1936 860 2007; x_wconf 90' lang='lat' dir='ltr'>quoniam</span> <span class='ocrx_word' id='word_1_273' title='bbox 889 1936 1019 1990; x_wconf 89' lang='lat' dir='ltr'>consistit</span> <span class='ocrx_word' id='word_1_274' title='bbox 1071 1936 1194 1997; x_wconf 81' lang='lat' dir='ltr'>uirtutis,</span> <span class='ocrx_word' id='word_1_275' title='bbox 1215 1940 1242 1989; x_wconf 91' lang='lat' dir='ltr'>et</span> <span class='ocrx_word' id='word_1_276' title='bbox 1267 1935 1360 1989; x_wconf 89' lang='lat' dir='ltr'>unitas</span> <span class='ocrx_word' id='word_1_277' title='bbox 1375 1936 1530 1990; x_wconf 87' lang='lat' dir='ltr'>Trinitatis.</span> <span class='ocrx_word' id='word_1_278' title='bbox 1550 1956 1563 1984; x_wconf 89' lang='lat'>»</span> <span class='ocrx_word' id='word_1_279' title='bbox 1587 1935 1652 1988; x_wconf 72' lang='lat' dir='ltr'>llaec</span> <span class='ocrx_word' id='word_1_280' title='bbox 1672 1935 1769 1988; x_wconf 87' lang='lat' dir='ltr'>dicens</span> <span class='ocrx_word' id='word_1_281' title='bbox 1793 1933 1924 1987; x_wconf 83' lang='lat' dir='ltr'>ostendit</span> 
     </span>
     <span class='ocr_line' id='line_1_21' title="bbox 170 2022 1921 2095; baseline -0.002 -18"><span class='ocrx_word' id='word_1_282' title='bbox 170 2024 205 2077; x_wconf 92' lang='lat' dir='ltr'>de</span> <span class='ocrx_word' id='word_1_283' title='bbox 222 2041 285 2076; x_wconf 85' lang='lat' dir='ltr'>vera</span> <span class='ocrx_word' id='word_1_284' title='bbox 299 2024 403 2077; x_wconf 90' lang='lat' dir='ltr'>deitate</span> <span class='ocrx_word' id='word_1_285' title='bbox 421 2029 479 2076; x_wconf 90' lang='lat' dir='ltr'>tam</span> <span class='ocrx_word' id='word_1_286' title='bbox 495 2023 585 2077; x_wconf 82' lang='lat' dir='ltr'>Patris</span> <span class='ocrx_word' id='word_1_287' title='bbox 601 2040 688 2094; x_wconf 90' lang='lat' dir='ltr'>quam</span> <span class='ocrx_word' id='word_1_288' title='bbox 701 2024 763 2077; x_wconf 92' lang='lat' dir='ltr'>Filii</span> <span class='ocrx_word' id='word_1_289' title='bbox 778 2040 861 2078; x_wconf 86' lang='lat' dir='ltr'>verus</span> <span class='ocrx_word' id='word_1_290' title='bbox 878 2026 962 2078; x_wconf 87' lang='lat' dir='ltr'>Deus.</span> <span class='ocrx_word' id='word_1_291' title='bbox 1071 2023 1207 2095; x_wconf 88' lang='lat' dir='ltr'>Spiritum</span> <span class='ocrx_word' id='word_1_292' title='bbox 1234 2029 1363 2077; x_wconf 89' lang='lat' dir='ltr'>sanetum</span> <span class='ocrx_word' id='word_1_293' title='bbox 1392 2023 1561 2077; x_wconf 86' lang='lat' dir='ltr'>charitatem</span> <span class='ocrx_word' id='word_1_294' title='bbox 1578 2039 1638 2076; x_wconf 89' lang='lat' dir='ltr'>esse</span> <span class='ocrx_word' id='word_1_295' title='bbox 1667 2022 1757 2077; x_wconf 89' lang='lat' dir='ltr'>Patris</span> <span class='ocrx_word' id='word_1_296' title='bbox 1787 2026 1814 2075; x_wconf 88' lang='lat' dir='ltr'>ct</span> <span class='ocrx_word' id='word_1_297' title='bbox 1842 2022 1921 2088; x_wconf 81' lang='lat' dir='ltr'>Filii,</span> 
     </span>
    </p>

    <p class='ocr_par' dir='ltr' id='par_1_3' title="bbox 150 2110 1925 2623">
     <span class='ocr_line' id='line_1_22' title="bbox 208 2110 1923 2182; baseline -0.001 -18"><span class='ocrx_word' id='word_1_298' title='bbox 208 2113 276 2164; x_wconf 86' lang='lat' dir='ltr'>item</span> <span class='ocrx_word' id='word_1_299' title='bbox 296 2111 393 2164; x_wconf 87' lang='lat' dir='ltr'>iutra:</span> <span class='ocrx_word' id='word_1_300' title='bbox 420 2129 435 2162; x_wconf 86' lang='lat' dir='ltr'>u</span> <span class='ocrx_word' id='word_1_301' title='bbox 468 2113 540 2181; x_wconf 85' lang='lat' dir='ltr'>Ergo</span> <span class='ocrx_word' id='word_1_302' title='bbox 566 2112 634 2182; x_wconf 91' lang='lat' dir='ltr'>quia</span> <span class='ocrx_word' id='word_1_303' title='bbox 662 2112 754 2167; x_wconf 82' lang='lat' dir='ltr'>dixit:</span> <span class='ocrx_word' id='word_1_304' title='bbox 790 2113 875 2167; x_wconf 82' lang='lat' dir='ltr'>Verbo</span> <span class='ocrx_word' id='word_1_305' title='bbox 906 2113 1018 2166; x_wconf 82' lang='lat' dir='ltr'>Domini</span> <span class='ocrx_word' id='word_1_306' title='bbox 1071 2111 1257 2182; x_wconf 88' lang='lat' dir='ltr'>nequeenim</span> <span class='ocrx_word' id='word_1_307' title='bbox 1274 2110 1477 2181; x_wconf 85' lang='lat' dir='ltr'>aliudestquo</span> <span class='ocrx_word' id='word_1_308' title='bbox 1494 2111 1640 2181; x_wconf 88' lang='lat' dir='ltr'>potentius</span> <span class='ocrx_word' id='word_1_309' title='bbox 1661 2110 1923 2164; x_wconf 82' lang='lat' dir='ltr'>etcoureuientius</span> 
     </span>
     <span class='ocr_line' id='line_1_23' title="bbox 169 2199 1922 2270; baseline 0 -18"><span class='ocrx_word' id='word_1_310' title='bbox 169 2200 228 2253; x_wconf 77' lang='lat' dir='ltr'>cuti</span> <span class='ocrx_word' id='word_1_311' title='bbox 253 2201 359 2259; x_wconf 75' lang='lat' dir='ltr'>rirmoti</span> <span class='ocrx_word' id='word_1_312' title='bbox 380 2205 452 2267; x_wconf 78' lang='lat' dir='ltr'>aurat,</span> <span class='ocrx_word' id='word_1_313' title='bbox 470 2205 495 2253; x_wconf 80' lang='lat' dir='ltr'>ct</span> <span class='ocrx_word' id='word_1_314' title='bbox 522 2201 630 2269; x_wconf 77' lang='lat' dir='ltr'>Spiritu</span> <span class='ocrx_word' id='word_1_315' title='bbox 653 2203 709 2255; x_wconf 85' lang='lat' dir='ltr'>oris</span> <span class='ocrx_word' id='word_1_316' title='bbox 738 2201 797 2270; x_wconf 78' lang='lat' dir='ltr'>ejus</span> <span class='ocrx_word' id='word_1_317' title='bbox 822 2203 907 2255; x_wconf 86' lang='lat' dir='ltr'>omnis</span> <span class='ocrx_word' id='word_1_318' title='bbox 928 2203 1017 2256; x_wconf 87' lang='lat' dir='ltr'>uirtus</span> <span class='ocrx_word' id='word_1_319' title='bbox 1070 2200 1166 2254; x_wconf 90' lang='lat' dir='ltr'>unitas</span> <span class='ocrx_word' id='word_1_320' title='bbox 1193 2205 1296 2253; x_wconf 86' lang='lat' dir='ltr'>sanctae</span> <span class='ocrx_word' id='word_1_321' title='bbox 1306 2199 1451 2253; x_wconf 85' lang='lat' dir='ltr'>Trinitatis</span> <span class='ocrx_word' id='word_1_322' title='bbox 1467 2199 1641 2269; x_wconf 88' lang='lat' dir='ltr'>perficiatur.</span> <span class='ocrx_word' id='word_1_323' title='bbox 1668 2201 1730 2253; x_wconf 89' lang='lat' dir='ltr'>Non</span> <span class='ocrx_word' id='word_1_324' title='bbox 1756 2205 1854 2253; x_wconf 89' lang='lat' dir='ltr'>tamen</span> <span class='ocrx_word' id='word_1_325' title='bbox 1880 2200 1922 2252; x_wconf 90' lang='lat' dir='ltr'>sic</span> 
     </span>
     <span class='ocr_line' id='line_1_24' title="bbox 150 2286 1922 2359; baseline -0.001 -18"><span class='ocrx_word' id='word_1_326' title='bbox 150 2303 259 2351; x_wconf 49' lang='lat' dir='ltr'>¹eorum</span> <span class='ocrx_word' id='word_1_327' title='bbox 280 2289 365 2356; x_wconf 81' lang='lat' dir='ltr'>(Psoi.</span> <span class='ocrx_word' id='word_1_328' title='bbox 386 2305 472 2350; x_wconf 74' lang='lat' dir='ltr'>axau,</span> <span class='ocrx_word' id='word_1_329' title='bbox 498 2290 534 2358; x_wconf 84' lang='grc'>6),</span> <span class='ocrx_word' id='word_1_330' title='bbox 560 2305 700 2359; x_wconf 81' lang='lat' dir='ltr'>cognosce</span> <span class='ocrx_word' id='word_1_331' title='bbox 719 2290 774 2343; x_wconf 92' lang='lat' dir='ltr'>hoc</span> <span class='ocrx_word' id='word_1_332' title='bbox 803 2289 926 2343; x_wconf 90' lang='lat' dir='ltr'>Verbum</span> <span class='ocrx_word' id='word_1_333' title='bbox 946 2289 1015 2344; x_wconf 91' lang='lat' dir='ltr'>sub·</span> <span class='ocrx_word' id='word_1_334' title='bbox 1070 2287 1268 2358; x_wconf 88' lang='lat' dir='ltr'>accipiendum</span> <span class='ocrx_word' id='word_1_335' title='bbox 1292 2288 1337 2341; x_wconf 91' lang='lat' dir='ltr'>hic</span> <span class='ocrx_word' id='word_1_336' title='bbox 1360 2288 1537 2354; x_wconf 90' lang='lat' dir='ltr'>charitatem,</span> <span class='ocrx_word' id='word_1_337' title='bbox 1564 2304 1627 2358; x_wconf 81' lang='lat' dir='ltr'>quae</span> <span class='ocrx_word' id='word_1_338' title='bbox 1650 2293 1693 2341; x_wconf 87' lang='lat' dir='ltr'>cst</span> <span class='ocrx_word' id='word_1_339' title='bbox 1711 2286 1833 2356; x_wconf 87' lang='lat' dir='ltr'>Spiritus</span> <span class='ocrx_word' id='word_1_340' title='bbox 1854 2303 1922 2340; x_wconf 89' lang='lat' dir='ltr'>san-</span> 
     </span>
     <span class='ocr_line' id='line_1_25' title="bbox 170 2374 1925 2449; baseline 0.001 -22"><span class='ocrx_word' id='word_1_341' title='bbox 170 2375 324 2428; x_wconf 87' lang='lat' dir='ltr'>stantivum</span> <span class='ocrx_word' id='word_1_342' title='bbox 341 2391 397 2428; x_wconf 90' lang='lat' dir='ltr'>uon</span> <span class='ocrx_word' id='word_1_343' title='bbox 412 2376 526 2430; x_wconf 83' lang='lat' dir='ltr'>aliunde</span> <span class='ocrx_word' id='word_1_344' title='bbox 541 2393 628 2447; x_wconf 91' lang='lat' dir='ltr'>quam</span> <span class='ocrx_word' id='word_1_345' title='bbox 644 2377 679 2431; x_wconf 93' lang='lat' dir='ltr'>de</span> <span class='ocrx_word' id='word_1_346' title='bbox 696 2379 778 2432; x_wconf 88' lang='lat' dir='ltr'>Patre</span> <span class='ocrx_word' id='word_1_347' title='bbox 800 2377 948 2449; x_wconf 91' lang='lat' dir='ltr'>proprium</span> <span class='ocrx_word' id='word_1_348' title='bbox 964 2394 1016 2432; x_wconf 90' lang='lat' dir='ltr'>ua·</span> <span class='ocrx_word' id='word_1_349' title='bbox 1070 2381 1141 2442; x_wconf 88' lang='lat' dir='ltr'>ctus,</span> <span class='ocrx_word' id='word_1_350' title='bbox 1159 2381 1190 2430; x_wconf 89' lang='lat' dir='ltr'>ut</span> <span class='ocrx_word' id='word_1_351' title='bbox 1207 2376 1242 2429; x_wconf 88' lang='lat' dir='ltr'>sit</span> <span class='ocrx_word' id='word_1_352' title='bbox 1256 2377 1387 2446; x_wconf 83' lang='lat' dir='ltr'>qualitas,</span> <span class='ocrx_word' id='word_1_353' title='bbox 1405 2382 1433 2430; x_wconf 91' lang='lat' dir='ltr'>et</span> <span class='ocrx_word' id='word_1_354' title='bbox 1458 2392 1514 2430; x_wconf 89' lang='lat' dir='ltr'>non</span> <span class='ocrx_word' id='word_1_355' title='bbox 1529 2376 1700 2441; x_wconf 79' lang='lat' dir='ltr'>substantia,</span> <span class='ocrx_word' id='word_1_356' title='bbox 1717 2392 1781 2429; x_wconf 87' lang='lat' dir='ltr'>curn</span> <span class='ocrx_word' id='word_1_357' title='bbox 1803 2391 1863 2428; x_wconf 85' lang='lat' dir='ltr'>una</span> <span class='ocrx_word' id='word_1_358' title='bbox 1884 2374 1925 2429; x_wconf 92' lang='lat' dir='ltr'>sit</span> 
     </span>
     <span class='ocr_line' id='line_1_26' title="bbox 170 2463 1920 2536; baseline 0.001 -21"><span class='ocrx_word' id='word_1_359' title='bbox 170 2467 231 2516; x_wconf 91' lang='lat' dir='ltr'>tum</span> <span class='ocrx_word' id='word_1_360' title='bbox 251 2463 417 2528; x_wconf 77' lang='lat' dir='ltr'>tuisse3sed</span> <span class='ocrx_word' id='word_1_361' title='bbox 434 2469 463 2517; x_wconf 88' lang='lat' dir='ltr'>et</span> <span class='ocrx_word' id='word_1_362' title='bbox 487 2463 626 2533; x_wconf 87' lang='lat' dir='ltr'>Spiritum</span> <span class='ocrx_word' id='word_1_363' title='bbox 643 2463 701 2518; x_wconf 89' lang='lat' dir='ltr'>oris</span> <span class='ocrx_word' id='word_1_364' title='bbox 717 2466 779 2535; x_wconf 74' lang='lat' dir='ltr'>eJus</span> <span class='ocrx_word' id='word_1_365' title='bbox 801 2481 865 2519; x_wconf 91' lang='lat' dir='ltr'>cum</span> <span class='ocrx_word' id='word_1_366' title='bbox 879 2465 1016 2536; x_wconf 90' lang='lat' dir='ltr'>Spiritum</span> <span class='ocrx_word' id='word_1_367' title='bbox 1069 2480 1193 2535; x_wconf 91' lang='lat' dir='ltr'>persona</span> <span class='ocrx_word' id='word_1_368' title='bbox 1224 2469 1327 2517; x_wconf 84' lang='lat' dir='ltr'>sauctae</span> <span class='ocrx_word' id='word_1_369' title='bbox 1358 2464 1514 2518; x_wconf 82' lang='lat' dir='ltr'>Trinitatis.</span> <span class='ocrx_word' id='word_1_370' title='bbox 1549 2463 1786 2533; x_wconf 78' lang='lat' dir='ltr'>conjunctionem</span> <span class='ocrx_word' id='word_1_371' title='bbox 1819 2469 1920 2517; x_wconf 88' lang='lat' dir='ltr'>autem</span> 
     </span>
     <span class='ocr_line' id='line_1_27' title="bbox 170 2550 1923 2623; baseline 0.001 -20"><span class='ocrx_word' id='word_1_372' title='bbox 170 2551 250 2615; x_wconf 83' lang='lat' dir='ltr'>dixit,</span> <span class='ocrx_word' id='word_1_373' title='bbox 267 2552 317 2621; x_wconf 89' lang='lat' dir='ltr'>qui</span> <span class='ocrx_word' id='word_1_374' title='bbox 332 2550 367 2604; x_wconf 89' lang='lat' dir='ltr'>de</span> <span class='ocrx_word' id='word_1_375' title='bbox 380 2551 442 2621; x_wconf 85' lang='lat' dir='ltr'>ipsa</span> <span class='ocrx_word' id='word_1_376' title='bbox 458 2553 540 2605; x_wconf 85' lang='lat' dir='ltr'>unita</span> <span class='ocrx_word' id='word_1_377' title='bbox 557 2552 876 2622; x_wconf 81' lang='lat' dir='ltr'>substantiaprocessit.</span> <span class='ocrx_word' id='word_1_378' title='bbox 890 2575 904 2602; x_wconf 80' lang='lat' dir='ltr'>u</span> <span class='ocrx_word' id='word_1_379' title='bbox 919 2553 1017 2607; x_wconf 87' lang='lat' dir='ltr'>Ariani</span> <span class='ocrx_word' id='word_1_380' title='bbox 1070 2553 1195 2623; x_wconf 89' lang='lat' dir='ltr'>appellat</span> <span class='ocrx_word' id='word_1_381' title='bbox 1216 2552 1354 2622; x_wconf 89' lang='lat' dir='ltr'>Spiritum</span> <span class='ocrx_word' id='word_1_382' title='bbox 1380 2559 1521 2617; x_wconf 90' lang='lat' dir='ltr'>sanctum,</span> <span class='ocrx_word' id='word_1_383' title='bbox 1544 2556 1587 2606; x_wconf 88' lang='lat' dir='ltr'>vel</span> <span class='ocrx_word' id='word_1_384' title='bbox 1614 2552 1756 2606; x_wconf 89' lang='lat' dir='ltr'>unitatem</span> <span class='ocrx_word' id='word_1_385' title='bbox 1776 2553 1869 2606; x_wconf 85' lang='lat' dir='ltr'>Patris</span> <span class='ocrx_word' id='word_1_386' title='bbox 1891 2558 1923 2605; x_wconf 90' lang='lat' dir='ltr'>et</span> 
     </span>
    </p>
   </div>
   <div class='ocr_carea' id='block_1_3' title="bbox 169 2640 1924 2995">
    <p class='ocr_par' dir='ltr' id='par_1_4' title="bbox 169 2640 1924 2995">
     <span class='ocr_line' id='line_1_28' title="bbox 170 2640 1919 2712; baseline 0.001 -20"><span class='ocrx_word' id='word_1_387' title='bbox 170 2641 316 2710; x_wconf 76' lang='lat' dir='ltr'>negabant</span> <span class='ocrx_word' id='word_1_388' title='bbox 331 2647 389 2694; x_wconf 89' lang='lat' dir='ltr'>tam</span> <span class='ocrx_word' id='word_1_389' title='bbox 404 2640 506 2694; x_wconf 87' lang='lat' dir='ltr'>Filium</span> <span class='ocrx_word' id='word_1_390' title='bbox 523 2656 609 2710; x_wconf 89' lang='lat' dir='ltr'>quam</span> <span class='ocrx_word' id='word_1_391' title='bbox 626 2640 762 2710; x_wconf 91' lang='lat' dir='ltr'>Spiritum</span> <span class='ocrx_word' id='word_1_392' title='bbox 780 2648 909 2695; x_wconf 88' lang='lat' dir='ltr'>sanctum</span> <span class='ocrx_word' id='word_1_393' title='bbox 926 2641 1017 2696; x_wconf 85' lang='lat' dir='ltr'>Patris</span> <span class='ocrx_word' id='word_1_394' title='bbox 1071 2641 1144 2706; x_wconf 92' lang='lat' dir='ltr'>Filii,</span> <span class='ocrx_word' id='word_1_395' title='bbox 1162 2641 1300 2712; x_wconf 86' lang='lat' dir='ltr'>quoniam</span> <span class='ocrx_word' id='word_1_396' title='bbox 1315 2641 1350 2695; x_wconf 90' lang='lat' dir='ltr'>de</span> <span class='ocrx_word' id='word_1_397' title='bbox 1366 2645 1487 2712; x_wconf 88' lang='lat' dir='ltr'>utroque</span> <span class='ocrx_word' id='word_1_398' title='bbox 1502 2641 1659 2712; x_wconf 90' lang='lat' dir='ltr'>procedens</span> <span class='ocrx_word' id='word_1_399' title='bbox 1677 2647 1833 2712; x_wconf 77' lang='lat' dir='ltr'>artuumque</span> <span class='ocrx_word' id='word_1_400' title='bbox 1847 2657 1919 2694; x_wconf 93' lang='lat' dir='ltr'>con-</span> 
     </span>
     <span class='ocr_line' id='line_1_29' title="bbox 169 2728 1923 2800; baseline 0.002 -19"><span class='ocrx_word' id='word_1_401' title='bbox 169 2744 230 2781; x_wconf 87' lang='lat' dir='ltr'>esso</span> <span class='ocrx_word' id='word_1_402' title='bbox 241 2728 509 2789; x_wconf 88' lang='lat' dir='ltr'>consubstantiales,</span> <span class='ocrx_word' id='word_1_403' title='bbox 523 2733 550 2781; x_wconf 93' lang='lat' dir='ltr'>et</span> <span class='ocrx_word' id='word_1_404' title='bbox 566 2729 631 2782; x_wconf 87' lang='lat' dir='ltr'>ideo</span> <span class='ocrx_word' id='word_1_405' title='bbox 647 2744 698 2798; x_wconf 90' lang='lat' dir='ltr'>per</span> <span class='ocrx_word' id='word_1_406' title='bbox 713 2729 801 2782; x_wconf 91' lang='lat' dir='ltr'>totius</span> <span class='ocrx_word' id='word_1_407' title='bbox 815 2728 1017 2800; x_wconf 85' lang='lat' dir='ltr'>disputationis</span> <span class='ocrx_word' id='word_1_408' title='bbox 1068 2730 1176 2800; x_wconf 84' lang='lat' dir='ltr'>jungit,</span> <span class='ocrx_word' id='word_1_409' title='bbox 1193 2745 1311 2783; x_wconf 89' lang='lat' dir='ltr'>manens</span> <span class='ocrx_word' id='word_1_410' title='bbox 1328 2730 1389 2800; x_wconf 92' lang='lat' dir='ltr'>ipse</span> <span class='ocrx_word' id='word_1_411' title='bbox 1409 2747 1466 2783; x_wconf 92' lang='lat' dir='ltr'>nou</span> <span class='ocrx_word' id='word_1_412' title='bbox 1487 2730 1607 2796; x_wconf 82' lang='lat' dir='ltr'>divisus,</span> <span class='ocrx_word' id='word_1_413' title='bbox 1631 2745 1690 2783; x_wconf 89' lang='lat' dir='ltr'>non</span> <span class='ocrx_word' id='word_1_414' title='bbox 1711 2735 1870 2800; x_wconf 84' lang='lat' dir='ltr'>separatus,</span> <span class='ocrx_word' id='word_1_415' title='bbox 1891 2733 1923 2784; x_wconf 86' lang='lat' dir='ltr'>et</span> 
     </span>
     <span class='ocr_line' id='line_1_30' title="bbox 169 2815 1924 2889; baseline 0.001 -19"><span class='ocrx_word' id='word_1_416' title='bbox 169 2821 277 2870; x_wconf 85' lang='lat' dir='ltr'>textum</span> <span class='ocrx_word' id='word_1_417' title='bbox 303 2823 475 2887; x_wconf 74' lang='lat' dir='ltr'>presentem</span> <span class='ocrx_word' id='word_1_418' title='bbox 500 2820 559 2870; x_wconf 87' lang='lat' dir='ltr'>tam</span> <span class='ocrx_word' id='word_1_419' title='bbox 584 2815 647 2870; x_wconf 88' lang='lat' dir='ltr'>Filii</span> <span class='ocrx_word' id='word_1_420' title='bbox 673 2832 760 2887; x_wconf 85' lang='lat' dir='ltr'>quam</span> <span class='ocrx_word' id='word_1_421' title='bbox 782 2818 871 2870; x_wconf 86' lang='lat' dir='ltr'>sancti</span> <span class='ocrx_word' id='word_1_422' title='bbox 895 2818 1016 2889; x_wconf 87' lang='lat' dir='ltr'>Spiritus</span> <span class='ocrx_word' id='word_1_423' title='bbox 1070 2819 1332 2886; x_wconf 86' lang='lat' dir='ltr'>consubstantialis,</span> <span class='ocrx_word' id='word_1_424' title='bbox 1359 2818 1496 2889; x_wconf 91' lang='lat' dir='ltr'>quoniam</span> <span class='ocrx_word' id='word_1_425' title='bbox 1531 2825 1635 2873; x_wconf 76' lang='lat' dir='ltr'>sanctu·</span> <span class='ocrx_word' id='word_1_426' title='bbox 1667 2818 1812 2873; x_wconf 88' lang='lat' dir='ltr'>Trinitatis</span> <span class='ocrx_word' id='word_1_427' title='bbox 1847 2835 1924 2872; x_wconf 81' lang='lat' dir='ltr'>uirus</span> 
     </span>
     <span class='ocr_line' id='line_1_31' title="bbox 170 2903 1181 2995; baseline 0.003 -38"><span class='ocrx_word' id='word_1_428' title='bbox 170 2903 442 2959; x_wconf 87' lang='lat' dir='ltr'>consubstantialem</span> <span class='ocrx_word' id='word_1_429' title='bbox 468 2904 604 2957; x_wconf 88' lang='lat' dir='ltr'>deitatem</span> <span class='ocrx_word' id='word_1_430' title='bbox 632 2904 708 2958; x_wconf 85' lang='lat' dir='ltr'>Patri</span> <span class='ocrx_word' id='word_1_431' title='bbox 736 2905 884 2959; x_wconf 91' lang='lat' dir='ltr'>contendit</span> <span class='ocrx_word' id='word_1_432' title='bbox 908 2922 1015 2976; x_wconf 91' lang='lat' dir='ltr'>appro·</span> <span class='ocrx_word' id='word_1_433' title='bbox 1035 2907 1181 2995; x_wconf 69' lang='lat' dir='ltr'>Cesistit.</span> 
     </span>
    </p>
   </div>
   <div class='ocr_carea' id='block_1_4' title="bbox 168 2993 1924 3329">
    <p class='ocr_par' dir='ltr' id='par_1_5' title="bbox 168 2993 1924 3329">
     <span class='ocr_line' id='line_1_32' title="bbox 170 2993 1924 3066; baseline 0.002 -20"><span class='ocrx_word' id='word_1_434' title='bbox 170 2994 237 3047; x_wconf 88' lang='lat' dir='ltr'>bare</span> <span class='ocrx_word' id='word_1_435' title='bbox 257 3008 263 3046; x_wconf 93' lang='lat'><strong>:</strong></span> <span class='ocrx_word' id='word_1_436' title='bbox 280 2993 525 3063; x_wconf 89' lang='lat' dir='ltr'>quemadmodum</span> <span class='ocrx_word' id='word_1_437' title='bbox 550 2995 611 3047; x_wconf 91' lang='lat' dir='ltr'>toco</span> <span class='ocrx_word' id='word_1_438' title='bbox 626 2994 771 3063; x_wconf 82' lang='lat' dir='ltr'>praesenti,</span> <span class='ocrx_word' id='word_1_439' title='bbox 792 2994 883 3048; x_wconf 86' lang='lat' dir='ltr'>Verbo</span> <span class='ocrx_word' id='word_1_440' title='bbox 902 2995 1016 3048; x_wconf 93' lang='lat' dir='ltr'>Domini</span> <span class='ocrx_word' id='word_1_441' title='bbox 1106 2996 1177 3049; x_wconf 91' lang='lat' dir='ltr'>item</span> <span class='ocrx_word' id='word_1_442' title='bbox 1199 2995 1228 3048; x_wconf 93' lang='lat' dir='ltr'>in</span> <span class='ocrx_word' id='word_1_443' title='bbox 1252 2995 1348 3049; x_wconf 88' lang='lat' dir='ltr'>libello</span> <span class='ocrx_word' id='word_1_444' title='bbox 1374 2994 1453 3049; x_wconf 88' lang='lat' dir='ltr'>Fidei</span> <span class='ocrx_word' id='word_1_445' title='bbox 1476 2995 1536 3066; x_wconf 87' lang='lat' dir='ltr'>(lib.</span> <span class='ocrx_word' id='word_1_446' title='bbox 1562 3012 1580 3049; x_wconf 92' lang='lat' dir='ltr'>u</span> <span class='ocrx_word' id='word_1_447' title='bbox 1608 2995 1641 3048; x_wconf 86' lang='lat' dir='ltr'>de</span> <span class='ocrx_word' id='word_1_448' title='bbox 1665 2995 1730 3064; x_wconf 73' lang='lat' dir='ltr'>fidei</span> <span class='ocrx_word' id='word_1_449' title='bbox 1752 2997 1862 3049; x_wconf 82' lang='lat' dir='ltr'>unitate</span> <span class='ocrx_word' id='word_1_450' title='bbox 1883 2996 1924 3049; x_wconf 88' lang='lat' dir='ltr'>od</span> 
     </span>
     <span class='ocr_line' id='line_1_33' title="bbox 169 3080 1922 3153; baseline -0.001 -17"><span class='ocrx_word' id='word_1_451' title='bbox 169 3082 254 3136; x_wconf 75' lang='lat' dir='ltr'>coelos</span> <span class='ocrx_word' id='word_1_452' title='bbox 287 3081 415 3134; x_wconf 87' lang='lat' dir='ltr'>tirmatos</span> <span class='ocrx_word' id='word_1_453' title='bbox 441 3080 549 3148; x_wconf 87' lang='lat' dir='ltr'>diceus,</span> <span class='ocrx_word' id='word_1_454' title='bbox 581 3082 645 3135; x_wconf 91' lang='lat' dir='ltr'>Filii</span> <span class='ocrx_word' id='word_1_455' title='bbox 678 3081 877 3151; x_wconf 79' lang='lat' dir='ltr'>diuinitatem;</span> <span class='ocrx_word' id='word_1_456' title='bbox 907 3083 1016 3153; x_wconf 89' lang='lat' dir='ltr'>Spiritu</span> <span class='ocrx_word' id='word_1_457' title='bbox 1073 3082 1257 3153; x_wconf 77' lang='lat' dir='ltr'>Theophilum)</span> <span class='ocrx_word' id='word_1_458' title='bbox 1281 3082 1320 3135; x_wconf 91' lang='lat' dir='ltr'>sic</span> <span class='ocrx_word' id='word_1_459' title='bbox 1343 3082 1405 3135; x_wconf 91' lang='lat' dir='ltr'>ait:</span> <span class='ocrx_word' id='word_1_460' title='bbox 1435 3083 1550 3135; x_wconf 80' lang='lat' dir='ltr'>«Pater</span> <span class='ocrx_word' id='word_1_461' title='bbox 1571 3098 1655 3135; x_wconf 86' lang='lat' dir='ltr'>verus</span> <span class='ocrx_word' id='word_1_462' title='bbox 1688 3080 1788 3151; x_wconf 88' lang='lat' dir='ltr'>genuit</span> <span class='ocrx_word' id='word_1_463' title='bbox 1816 3080 1922 3134; x_wconf 88' lang='lat' dir='ltr'>Filium</span> 
     </span>
     <span class='ocr_line' id='line_1_34' title="bbox 169 3167 1921 3240; baseline 0.002 -21"><span class='ocrx_word' id='word_1_464' title='bbox 169 3184 235 3221; x_wconf 89' lang='lat' dir='ltr'>vero</span> <span class='ocrx_word' id='word_1_465' title='bbox 250 3167 308 3220; x_wconf 89' lang='lat' dir='ltr'>oris</span> <span class='ocrx_word' id='word_1_466' title='bbox 324 3168 385 3238; x_wconf 86' lang='lat' dir='ltr'>ejus</span> <span class='ocrx_word' id='word_1_467' title='bbox 401 3184 517 3221; x_wconf 85' lang='lat' dir='ltr'>omnem</span> <span class='ocrx_word' id='word_1_468' title='bbox 538 3167 672 3223; x_wconf 84' lang='lat' dir='ltr'>virtutem</span> <span class='ocrx_word' id='word_1_469' title='bbox 687 3185 797 3234; x_wconf 89' lang='lat' dir='ltr'>eorum,</span> <span class='ocrx_word' id='word_1_470' title='bbox 816 3169 938 3240; x_wconf 87' lang='lat' dir='ltr'>Spiritus</span> <span class='ocrx_word' id='word_1_471' title='bbox 950 3187 1015 3224; x_wconf 91' lang='lat' dir='ltr'>san·</span> <span class='ocrx_word' id='word_1_472' title='bbox 1070 3184 1180 3237; x_wconf 87' lang='lat' dir='ltr'>verum,</span> <span class='ocrx_word' id='word_1_473' title='bbox 1209 3171 1299 3224; x_wconf 89' lang='lat' dir='ltr'>Deum</span> <span class='ocrx_word' id='word_1_474' title='bbox 1316 3170 1350 3224; x_wconf 89' lang='lat' dir='ltr'>dc</span> <span class='ocrx_word' id='word_1_475' title='bbox 1367 3170 1435 3236; x_wconf 90' lang='lat' dir='ltr'>Deo,</span> <span class='ocrx_word' id='word_1_476' title='bbox 1459 3170 1557 3224; x_wconf 91' lang='lat' dir='ltr'>lumen</span> <span class='ocrx_word' id='word_1_477' title='bbox 1581 3168 1751 3234; x_wconf 92' lang='lat' dir='ltr'>delumine,</span> <span class='ocrx_word' id='word_1_478' title='bbox 1773 3168 1864 3222; x_wconf 83' lang='lat' dir='ltr'>vitam</span> <span class='ocrx_word' id='word_1_479' title='bbox 1885 3184 1921 3222; x_wconf 86' lang='lat' dir='ltr'>ex</span> 
     </span>
     <span class='ocr_line' id='line_1_35' title="bbox 168 3256 1918 3329; baseline 0 -19"><span class='ocrx_word' id='word_1_480' title='bbox 168 3256 205 3310; x_wconf 91' lang='lat' dir='ltr'>cti</span> <span class='ocrx_word' id='word_1_481' title='bbox 221 3256 547 3309; x_wconf 86' lang='lat' dir='ltr'>consubstantialitatem</span> <span class='ocrx_word' id='word_1_482' title='bbox 567 3257 718 3326; x_wconf 77' lang='lat' dir='ltr'>siguificat.</span> <span class='ocrx_word' id='word_1_483' title='bbox 738 3259 774 3311; x_wconf 90' lang='lat' dir='ltr'>De</span> <span class='ocrx_word' id='word_1_484' title='bbox 800 3274 856 3328; x_wconf 92' lang='lat' dir='ltr'>quo</span> <span class='ocrx_word' id='word_1_485' title='bbox 870 3257 1017 3329; x_wconf 86' lang='lat' dir='ltr'>subjungit</span> <span class='ocrx_word' id='word_1_486' title='bbox 1067 3257 1133 3320; x_wconf 84' lang='lat' dir='ltr'>vita,</span> <span class='ocrx_word' id='word_1_487' title='bbox 1152 3258 1311 3327; x_wconf 81' lang='lat' dir='ltr'>perfectum</span> <span class='ocrx_word' id='word_1_488' title='bbox 1328 3257 1363 3312; x_wconf 91' lang='lat' dir='ltr'>de</span> <span class='ocrx_word' id='word_1_489' title='bbox 1379 3257 1515 3328; x_wconf 88' lang='lat' dir='ltr'>perfecto,</span> <span class='ocrx_word' id='word_1_490' title='bbox 1536 3263 1630 3311; x_wconf 89' lang='lat' dir='ltr'>totum</span> <span class='ocrx_word' id='word_1_491' title='bbox 1644 3273 1661 3311; x_wconf 88' lang='lat' dir='ltr'>a</span> <span class='ocrx_word' id='word_1_492' title='bbox 1676 3262 1746 3325; x_wconf 88' lang='lat' dir='ltr'>toto,</span> <span class='ocrx_word' id='word_1_493' title='bbox 1764 3257 1918 3326; x_wconf 81' lang='lat' dir='ltr'>pleneme</span> 
     </span>
    </p>
   </div>
   <div class='ocr_carea' id='block_1_5' title="bbox 168 3343 1015 3768">
    <p class='ocr_par' dir='ltr' id='par_1_6' title="bbox 168 3343 1015 3768">
     <span class='ocr_line' id='line_1_36' title="bbox 168 3343 1015 3415; baseline 0.004 -18"><span class='ocrx_word' id='word_1_494' title='bbox 168 3344 268 3410; x_wconf 86' lang='lat' dir='ltr'>etiam,</span> <span class='ocrx_word' id='word_1_495' title='bbox 286 3343 359 3413; x_wconf 91' lang='lat' dir='ltr'>quod</span> <span class='ocrx_word' id='word_1_496' title='bbox 384 3344 418 3396; x_wconf 92' lang='lat' dir='ltr'>de</span> <span class='ocrx_word' id='word_1_497' title='bbox 435 3344 496 3414; x_wconf 88' lang='lat' dir='ltr'>ipsa</span> <span class='ocrx_word' id='word_1_498' title='bbox 516 3345 597 3397; x_wconf 89' lang='lat' dir='ltr'>unita</span> <span class='ocrx_word' id='word_1_499' title='bbox 617 3345 775 3398; x_wconf 88' lang='lat' dir='ltr'>substantia</span> <span class='ocrx_word' id='word_1_500' title='bbox 795 3345 941 3415; x_wconf 89' lang='lat' dir='ltr'>processit.</span> <span class='ocrx_word' id='word_1_501' title='bbox 967 3347 1015 3400; x_wconf 92' lang='lat' dir='ltr'>ln-</span> 
     </span>
     <span class='ocr_line' id='line_1_37' title="bbox 168 3429 1015 3504; baseline 0.005 -20"><span class='ocrx_word' id='word_1_502' title='bbox 168 3431 287 3484; x_wconf 87' lang='lat' dir='ltr'>siuuans</span> <span class='ocrx_word' id='word_1_503' title='bbox 309 3429 437 3500; x_wconf 84' lang='lat' dir='ltr'>profecto</span> <span class='ocrx_word' id='word_1_504' title='bbox 459 3431 534 3501; x_wconf 91' lang='lat' dir='ltr'>quod</span> <span class='ocrx_word' id='word_1_505' title='bbox 559 3432 593 3484; x_wconf 88' lang='lat' dir='ltr'>de</span> <span class='ocrx_word' id='word_1_506' title='bbox 617 3432 698 3484; x_wconf 83' lang='lat' dir='ltr'>Patre</span> <span class='ocrx_word' id='word_1_507' title='bbox 721 3432 849 3501; x_wconf 91' lang='lat' dir='ltr'>Filioque</span> <span class='ocrx_word' id='word_1_508' title='bbox 869 3434 1015 3504; x_wconf 90' lang='lat' dir='ltr'>procedat,</span> 
     </span>
     <span class='ocr_line' id='line_1_38' title="bbox 170 3517 1013 3589; baseline 0.005 -18"><span class='ocrx_word' id='word_1_509' title='bbox 170 3533 292 3589; x_wconf 90' lang='lat' dir='ltr'>quorum</span> <span class='ocrx_word' id='word_1_510' title='bbox 314 3523 355 3571; x_wconf 89' lang='lat' dir='ltr'>est</span> <span class='ocrx_word' id='word_1_511' title='bbox 366 3518 447 3570; x_wconf 80' lang='lat' dir='ltr'>truita</span> <span class='ocrx_word' id='word_1_512' title='bbox 462 3517 631 3571; x_wconf 88' lang='lat' dir='ltr'>substantia.</span> <span class='ocrx_word' id='word_1_513' title='bbox 647 3518 717 3571; x_wconf 81' lang='lat' dir='ltr'>ilinc</span> <span class='ocrx_word' id='word_1_514' title='bbox 731 3527 937 3589; x_wconf 88' lang='lat' dir='ltr'>consequenter</span> <span class='ocrx_word' id='word_1_515' title='bbox 952 3521 992 3574; x_wconf 90' lang='lat' dir='ltr'>ait</span> <span class='ocrx_word' id='word_1_516' title='bbox 1007 3539 1013 3575; x_wconf 94' lang='lat'><strong>:</strong></span> 
     </span>
     <span class='ocr_line' id='line_1_39' title="bbox 170 3604 1015 3679; baseline 0.011 -25"><span class='ocrx_word' id='word_1_517' title='bbox 170 3623 185 3654; x_wconf 79' lang='lat' dir='ltr'>a</span> <span class='ocrx_word' id='word_1_518' title='bbox 201 3604 246 3658; x_wconf 91' lang='lat' dir='ltr'>Sic</span> <span class='ocrx_word' id='word_1_519' title='bbox 260 3609 354 3658; x_wconf 89' lang='lat' dir='ltr'>autem</span> <span class='ocrx_word' id='word_1_520' title='bbox 371 3605 534 3658; x_wconf 79' lang='lat' dir='ltr'>invenimus</span> <span class='ocrx_word' id='word_1_521' title='bbox 549 3621 608 3658; x_wconf 92' lang='lat' dir='ltr'>non</span> <span class='ocrx_word' id='word_1_522' title='bbox 623 3621 656 3659; x_wconf 80' lang='lat' dir='ltr'>er</span> <span class='ocrx_word' id='word_1_523' title='bbox 670 3605 725 3658; x_wconf 91' lang='lat' dir='ltr'>alia</span> <span class='ocrx_word' id='word_1_524' title='bbox 745 3612 848 3660; x_wconf 88' lang='lat' dir='ltr'>natura</span> <span class='ocrx_word' id='word_1_525' title='bbox 868 3623 954 3679; x_wconf 87' lang='lat' dir='ltr'>quarn</span> <span class='ocrx_word' id='word_1_526' title='bbox 980 3609 1015 3664; x_wconf 89' lang='lat' dir='ltr'>de</span> 
     </span>
     <span class='ocr_line' id='line_1_40' title="bbox 168 3692 1013 3768; baseline 0.006 -21"><span class='ocrx_word' id='word_1_527' title='bbox 168 3692 239 3763; x_wconf 75' lang='lat' dir='ltr'>ipsa.</span> <span class='ocrx_word' id='word_1_528' title='bbox 256 3714 269 3741; x_wconf 79' lang='lat' dir='ltr'>u</span> <span class='ocrx_word' id='word_1_529' title='bbox 286 3693 461 3747; x_wconf 87' lang='lat' dir='ltr'>Subauditur</span> <span class='ocrx_word' id='word_1_530' title='bbox 475 3709 535 3748; x_wconf 87' lang='lat' dir='ltr'>esse</span> <span class='ocrx_word' id='word_1_531' title='bbox 552 3693 690 3764; x_wconf 89' lang='lat' dir='ltr'>Spiritum</span> <span class='ocrx_word' id='word_1_532' title='bbox 716 3700 855 3750; x_wconf 90' lang='lat' dir='ltr'>sanctum.</span> <span class='ocrx_word' id='word_1_533' title='bbox 879 3697 1013 3768; x_wconf 91' lang='lat' dir='ltr'>Dtasphe-</span> 
     </span>
    </p>
   </div>
   <div class='ocr_carea' id='block_1_6' title="bbox 72 3781 1013 3853">
    <p class='ocr_par' dir='ltr' id='par_1_7' title="bbox 72 3781 1013 3853">
     <span class='ocr_line' id='line_1_41' title="bbox 72 3781 1013 3853; baseline 0.003 -15"><span class='ocrx_word' id='word_1_534' title='bbox 72 3829 77 3838; x_wconf 95' lang='lat'>.</span> <span class='ocrx_word' id='word_1_535' title='bbox 168 3783 285 3836; x_wconf 81' lang='lat' dir='ltr'>ruebant</span> <span class='ocrx_word' id='word_1_536' title='bbox 296 3781 395 3836; x_wconf 89' lang='lat' dir='ltr'>Ariani</span> <span class='ocrx_word' id='word_1_537' title='bbox 409 3782 548 3853; x_wconf 86' lang='lat' dir='ltr'>Spiritum</span> <span class='ocrx_word' id='word_1_538' title='bbox 568 3789 698 3836; x_wconf 89' lang='lat' dir='ltr'>sanetum</span> <span class='ocrx_word' id='word_1_539' title='bbox 713 3799 748 3838; x_wconf 86' lang='lat' dir='ltr'>ex</span> <span class='ocrx_word' id='word_1_540' title='bbox 764 3783 819 3837; x_wconf 91' lang='lat' dir='ltr'>alia</span> <span class='ocrx_word' id='word_1_541' title='bbox 834 3789 938 3839; x_wconf 88' lang='lat' dir='ltr'>natura</span> <span class='ocrx_word' id='word_1_542' title='bbox 952 3785 1013 3841; x_wconf 89' lang='lat' dir='ltr'>tore</span> 
     </span>
    </p>
   </div>
   <div class='ocr_carea' id='block_1_7' title="bbox 167 3871 1012 4206">
    <p class='ocr_par' dir='ltr' id='par_1_8' title="bbox 167 3871 1012 4206">
     <span class='ocr_line' id='line_1_42' title="bbox 168 3871 1012 3942; baseline 0.006 -19"><span class='ocrx_word' id='word_1_543' title='bbox 168 3886 254 3942; x_wconf 90' lang='lat' dir='ltr'>quam</span> <span class='ocrx_word' id='word_1_544' title='bbox 279 3872 315 3924; x_wconf 85' lang='lat' dir='ltr'>sit</span> <span class='ocrx_word' id='word_1_545' title='bbox 331 3872 413 3925; x_wconf 82' lang='lat' dir='ltr'>l’ater</span> <span class='ocrx_word' id='word_1_546' title='bbox 430 3887 436 3925; x_wconf 92' lang='lat'><strong>:</strong></span> <span class='ocrx_word' id='word_1_547' title='bbox 452 3888 517 3925; x_wconf 92' lang='lat' dir='ltr'>uam</span> <span class='ocrx_word' id='word_1_548' title='bbox 530 3871 739 3926; x_wconf 87' lang='lat' dir='ltr'>contendebant</span> <span class='ocrx_word' id='word_1_549' title='bbox 765 3888 831 3926; x_wconf 91' lang='lat' dir='ltr'>eum</span> <span class='ocrx_word' id='word_1_550' title='bbox 857 3889 917 3927; x_wconf 87' lang='lat' dir='ltr'>esse</span> <span class='ocrx_word' id='word_1_551' title='bbox 933 3890 1012 3928; x_wconf 90' lang='lat' dir='ltr'>crea·</span> 
     </span>
     <span class='ocr_line' id='line_1_43' title="bbox 167 3959 1012 4029; baseline 0.004 -16"><span class='ocrx_word' id='word_1_552' title='bbox 167 3965 272 4013; x_wconf 83' lang='lat' dir='ltr'>turam.</span> <span class='ocrx_word' id='word_1_553' title='bbox 288 3959 364 4023; x_wconf 79' lang='lat' dir='ltr'>Quos</span> <span class='ocrx_word' id='word_1_554' title='bbox 381 3960 535 4029; x_wconf 84' lang='lat' dir='ltr'>explodens</span> <span class='ocrx_word' id='word_1_555' title='bbox 550 3959 650 4013; x_wconf 86' lang='lat' dir='ltr'>beatus</span> <span class='ocrx_word' id='word_1_556' title='bbox 666 3960 845 4027; x_wconf 86' lang='lat' dir='ltr'>Athanasius,</span> <span class='ocrx_word' id='word_1_557' title='bbox 864 3960 932 4015; x_wconf 93' lang='lat' dir='ltr'>dicit</span> <span class='ocrx_word' id='word_1_558' title='bbox 946 3977 1012 4016; x_wconf 90' lang='lat' dir='ltr'>eum</span> 
     </span>
     <span class='ocr_line' id='line_1_44' title="bbox 167 4047 1011 4118; baseline 0.002 -18"><span class='ocrx_word' id='word_1_559' title='bbox 167 4063 223 4101; x_wconf 90' lang='lat' dir='ltr'>nou</span> <span class='ocrx_word' id='word_1_560' title='bbox 245 4063 278 4100; x_wconf 81' lang='lat' dir='ltr'>ex</span> <span class='ocrx_word' id='word_1_561' title='bbox 298 4047 353 4101; x_wconf 90' lang='lat' dir='ltr'>alia</span> <span class='ocrx_word' id='word_1_562' title='bbox 378 4052 479 4100; x_wconf 82' lang='lat' dir='ltr'>natrrra</span> <span class='ocrx_word' id='word_1_563' title='bbox 505 4063 566 4101; x_wconf 89' lang='lat' dir='ltr'>esse</span> <span class='ocrx_word' id='word_1_564' title='bbox 591 4062 677 4118; x_wconf 90' lang='lat' dir='ltr'>quam</span> <span class='ocrx_word' id='word_1_565' title='bbox 704 4047 796 4112; x_wconf 85' lang='lat' dir='ltr'>Pater,</span> <span class='ocrx_word' id='word_1_566' title='bbox 821 4052 850 4101; x_wconf 89' lang='lat' dir='ltr'>et</span> <span class='ocrx_word' id='word_1_567' title='bbox 875 4048 910 4102; x_wconf 90' lang='lat' dir='ltr'>de</span> <span class='ocrx_word' id='word_1_568' title='bbox 932 4051 1011 4103; x_wconf 86' lang='lat' dir='ltr'>uuita</span> 
     </span>
     <span class='ocr_line' id='line_1_45' title="bbox 167 4133 1012 4206; baseline 0.006 -20"><span class='ocrx_word' id='word_1_569' title='bbox 167 4134 324 4186; x_wconf 87' lang='lat' dir='ltr'>substantia</span> <span class='ocrx_word' id='word_1_570' title='bbox 346 4134 436 4186; x_wconf 84' lang='lat' dir='ltr'>Patris</span> <span class='ocrx_word' id='word_1_571' title='bbox 458 4133 578 4203; x_wconf 85' lang='lat' dir='ltr'>Titiique</span> <span class='ocrx_word' id='word_1_572' title='bbox 600 4134 779 4204; x_wconf 89' lang='lat' dir='ltr'>processisse.</span> <span class='ocrx_word' id='word_1_573' title='bbox 806 4138 845 4188; x_wconf 92' lang='lat' dir='ltr'>Ac</span> <span class='ocrx_word' id='word_1_574' title='bbox 881 4151 933 4206; x_wconf 89' lang='lat' dir='ltr'>per</span> <span class='ocrx_word' id='word_1_575' title='bbox 959 4138 1012 4191; x_wconf 92' lang='lat' dir='ltr'>hoc</span> 
     </span>
    </p>
   </div>
   <div class='ocr_carea' id='block_1_8' title="bbox 1065 3346 1921 4211">
    <p class='ocr_par' dir='ltr' id='par_1_9' title="bbox 1065 3346 1921 4211">
     <span class='ocr_line' id='line_1_46' title="bbox 1068 3346 1914 3415; baseline 0.001 -17"><span class='ocrx_word' id='word_1_576' title='bbox 1068 3346 1174 3415; x_wconf 85' lang='lat' dir='ltr'>pleu03</span> <span class='ocrx_word' id='word_1_577' title='bbox 1197 3361 1255 3398; x_wconf 92' lang='lat' dir='ltr'>non</span> <span class='ocrx_word' id='word_1_578' title='bbox 1279 3351 1417 3411; x_wconf 89' lang='lat' dir='ltr'>creatum,</span> <span class='ocrx_word' id='word_1_579' title='bbox 1441 3347 1489 3400; x_wconf 89' lang='lat' dir='ltr'>sed</span> <span class='ocrx_word' id='word_1_580' title='bbox 1505 3347 1648 3415; x_wconf 87' lang='lat' dir='ltr'>genitum.</span> <span class='ocrx_word' id='word_1_581' title='bbox 1673 3361 1731 3399; x_wconf 91' lang='lat' dir='ltr'>non</span> <span class='ocrx_word' id='word_1_582' title='bbox 1755 3362 1788 3399; x_wconf 85' lang='lat' dir='ltr'>ex</span> <span class='ocrx_word' id='word_1_583' title='bbox 1809 3346 1914 3411; x_wconf 90' lang='lat' dir='ltr'>nihilo,</span> 
     </span>
     <span class='ocr_line' id='line_1_47' title="bbox 1070 3433 1920 3505; baseline 0.002 -19"><span class='ocrx_word' id='word_1_584' title='bbox 1070 3433 1119 3486; x_wconf 83' lang='lat' dir='ltr'>sed</span> <span class='ocrx_word' id='word_1_585' title='bbox 1139 3449 1154 3485; x_wconf 91' lang='lat' dir='ltr'>a</span> <span class='ocrx_word' id='word_1_586' title='bbox 1175 3435 1266 3494; x_wconf 83' lang='lat' dir='ltr'>Patre,</span> <span class='ocrx_word' id='word_1_587' title='bbox 1284 3434 1369 3488; x_wconf 78' lang='lat' dir='ltr'>tinius</span> <span class='ocrx_word' id='word_1_588' title='bbox 1391 3434 1557 3489; x_wconf 81' lang='lat' dir='ltr'>substantia</span> <span class='ocrx_word' id='word_1_589' title='bbox 1578 3451 1642 3488; x_wconf 91' lang='lat' dir='ltr'>cum</span> <span class='ocrx_word' id='word_1_590' title='bbox 1658 3436 1739 3488; x_wconf 87' lang='lat' dir='ltr'>Patre</span> <span class='ocrx_word' id='word_1_591' title='bbox 1755 3450 1761 3488; x_wconf 94' lang='lat'><strong>:</strong></span> <span class='ocrx_word' id='word_1_592' title='bbox 1779 3438 1807 3488; x_wconf 89' lang='lat' dir='ltr'>et</span> <span class='ocrx_word' id='word_1_593' title='bbox 1828 3433 1920 3505; x_wconf 88' lang='lat' dir='ltr'>Spiri-</span> 
     </span>
     <span class='ocr_line' id='line_1_48' title="bbox 1069 3522 1921 3594; baseline 0.002 -20"><span class='ocrx_word' id='word_1_594' title='bbox 1069 3524 1129 3574; x_wconf 88' lang='lat' dir='ltr'>tum</span> <span class='ocrx_word' id='word_1_595' title='bbox 1150 3527 1280 3576; x_wconf 88' lang='lat' dir='ltr'>sanctum</span> <span class='ocrx_word' id='word_1_596' title='bbox 1301 3540 1401 3578; x_wconf 86' lang='lat' dir='ltr'>verum</span> <span class='ocrx_word' id='word_1_597' title='bbox 1423 3525 1523 3589; x_wconf 91' lang='lat' dir='ltr'>Deum,</span> <span class='ocrx_word' id='word_1_598' title='bbox 1546 3539 1605 3577; x_wconf 91' lang='lat' dir='ltr'>nou</span> <span class='ocrx_word' id='word_1_599' title='bbox 1627 3522 1801 3593; x_wconf 89' lang='lat' dir='ltr'>ingenitum,</span> <span class='ocrx_word' id='word_1_600' title='bbox 1824 3539 1921 3594; x_wconf 89' lang='lat' dir='ltr'>neque</span> 
     </span>
     <span class='ocr_line' id='line_1_49' title="bbox 1068 3609 1921 3679; baseline 0.005 -17"><span class='ocrx_word' id='word_1_601' title='bbox 1068 3609 1208 3679; x_wconf 87' lang='lat' dir='ltr'>genitum,</span> <span class='ocrx_word' id='word_1_602' title='bbox 1233 3627 1291 3665; x_wconf 92' lang='lat' dir='ltr'>uon</span> <span class='ocrx_word' id='word_1_603' title='bbox 1318 3616 1456 3678; x_wconf 88' lang='lat' dir='ltr'>creatum,</span> <span class='ocrx_word' id='word_1_604' title='bbox 1481 3627 1534 3665; x_wconf 91' lang='lat' dir='ltr'>nee</span> <span class='ocrx_word' id='word_1_605' title='bbox 1557 3612 1675 3671; x_wconf 86' lang='lat' dir='ltr'>tactum,</span> <span class='ocrx_word' id='word_1_606' title='bbox 1697 3611 1746 3666; x_wconf 88' lang='lat' dir='ltr'>sed</span> <span class='ocrx_word' id='word_1_607' title='bbox 1773 3611 1867 3664; x_wconf 87' lang='lat' dir='ltr'>Patris</span> <span class='ocrx_word' id='word_1_608' title='bbox 1890 3617 1921 3666; x_wconf 92' lang='lat' dir='ltr'>et</span> 
     </span>
     <span class='ocr_line' id='line_1_50' title="bbox 1070 3697 1921 3771; baseline 0.004 -20"><span class='ocrx_word' id='word_1_609' title='bbox 1070 3697 1144 3765; x_wconf 93' lang='lat' dir='ltr'>Filii,</span> <span class='ocrx_word' id='word_1_610' title='bbox 1172 3715 1285 3771; x_wconf 90' lang='lat' dir='ltr'>semper</span> <span class='ocrx_word' id='word_1_611' title='bbox 1305 3699 1335 3753; x_wconf 92' lang='lat' dir='ltr'>iu</span> <span class='ocrx_word' id='word_1_612' title='bbox 1365 3702 1446 3754; x_wconf 84' lang='lat' dir='ltr'>Patre</span> <span class='ocrx_word' id='word_1_613' title='bbox 1462 3703 1489 3753; x_wconf 90' lang='lat' dir='ltr'>et</span> <span class='ocrx_word' id='word_1_614' title='bbox 1513 3699 1625 3753; x_wconf 79' lang='lat' dir='ltr'>Filio.»</span> <span class='ocrx_word' id='word_1_615' title='bbox 1651 3700 1682 3754; x_wconf 83' lang='lat' dir='ltr'>Et</span> <span class='ocrx_word' id='word_1_616' title='bbox 1705 3700 1752 3754; x_wconf 91' lang='lat' dir='ltr'>bic</span> <span class='ocrx_word' id='word_1_617' title='bbox 1778 3699 1921 3770; x_wconf 88' lang='lat' dir='ltr'>Spiritum</span> 
     </span>
     <span class='ocr_line' id='line_1_51' title="bbox 1068 3788 1918 3859; baseline 0.005 -20"><span class='ocrx_word' id='word_1_618' title='bbox 1068 3791 1198 3842; x_wconf 88' lang='lat' dir='ltr'>sanctum</span> <span class='ocrx_word' id='word_1_619' title='bbox 1213 3804 1266 3842; x_wconf 91' lang='lat' dir='ltr'>nec</span> <span class='ocrx_word' id='word_1_620' title='bbox 1285 3788 1414 3859; x_wconf 89' lang='lat' dir='ltr'>genitum</span> <span class='ocrx_word' id='word_1_621' title='bbox 1434 3789 1502 3843; x_wconf 88' lang='lat' dir='ltr'>dicit</span> <span class='ocrx_word' id='word_1_622' title='bbox 1523 3804 1593 3856; x_wconf 88' lang='lat' dir='ltr'>esse,</span> <span class='ocrx_word' id='word_1_623' title='bbox 1616 3805 1669 3843; x_wconf 92' lang='lat' dir='ltr'>nec</span> <span class='ocrx_word' id='word_1_624' title='bbox 1687 3788 1862 3859; x_wconf 85' lang='lat' dir='ltr'>ingenitum,</span> <span class='ocrx_word' id='word_1_625' title='bbox 1882 3806 1918 3843; x_wconf 93' lang='lat' dir='ltr'>eo</span> 
     </span>
     <span class='ocr_line' id='line_1_52' title="bbox 1067 3876 1921 3948; baseline 0.005 -19"><span class='ocrx_word' id='word_1_626' title='bbox 1067 3876 1144 3946; x_wconf 91' lang='lat' dir='ltr'>quod</span> <span class='ocrx_word' id='word_1_627' title='bbox 1168 3877 1255 3930; x_wconf 90' lang='lat' dir='ltr'>Filius</span> <span class='ocrx_word' id='word_1_628' title='bbox 1275 3878 1312 3932; x_wconf 91' lang='lat' dir='ltr'>sit</span> <span class='ocrx_word' id='word_1_629' title='bbox 1331 3877 1456 3948; x_wconf 86' lang='lat' dir='ltr'>genitus,</span> <span class='ocrx_word' id='word_1_630' title='bbox 1481 3877 1553 3930; x_wconf 92' lang='lat' dir='ltr'>sicut</span> <span class='ocrx_word' id='word_1_631' title='bbox 1574 3877 1705 3947; x_wconf 86' lang='lat' dir='ltr'>superius</span> <span class='ocrx_word' id='word_1_632' title='bbox 1726 3877 1808 3945; x_wconf 85' lang='lat' dir='ltr'>dixit,</span> <span class='ocrx_word' id='word_1_633' title='bbox 1833 3879 1921 3933; x_wconf 86' lang='lat' dir='ltr'>Pater</span> 
     </span>
     <span class='ocr_line' id='line_1_53' title="bbox 1067 3965 1917 4037; baseline 0.004 -19"><span class='ocrx_word' id='word_1_634' title='bbox 1067 3969 1163 4018; x_wconf 86' lang='lat' dir='ltr'>autem</span> <span class='ocrx_word' id='word_1_635' title='bbox 1180 3965 1338 4035; x_wconf 91' lang='lat' dir='ltr'>ingenitus,</span> <span class='ocrx_word' id='word_1_636' title='bbox 1358 3982 1409 4020; x_wconf 92' lang='lat' dir='ltr'>nec</span> <span class='ocrx_word' id='word_1_637' title='bbox 1429 3971 1526 4020; x_wconf 89' lang='lat' dir='ltr'>tamen</span> <span class='ocrx_word' id='word_1_638' title='bbox 1544 3971 1697 4037; x_wconf 87' lang='lat' dir='ltr'>propterea</span> <span class='ocrx_word' id='word_1_639' title='bbox 1716 3966 1760 4019; x_wconf 86' lang='lat' dir='ltr'>rel</span> <span class='ocrx_word' id='word_1_640' title='bbox 1774 3972 1917 4033; x_wconf 89' lang='lat' dir='ltr'>creatum,</span> 
     </span>
     <span class='ocr_line' id='line_1_54' title="bbox 1065 4051 1918 4126; baseline 0.005 -21"><span class='ocrx_word' id='word_1_641' title='bbox 1065 4053 1108 4106; x_wconf 81' lang='lat' dir='ltr'>rel</span> <span class='ocrx_word' id='word_1_642' title='bbox 1126 4051 1240 4121; x_wconf 87' lang='lat' dir='ltr'>iactum,</span> <span class='ocrx_word' id='word_1_643' title='bbox 1257 4069 1320 4107; x_wconf 90' lang='lat' dir='ltr'>cum</span> <span class='ocrx_word' id='word_1_644' title='bbox 1337 4054 1373 4108; x_wconf 90' lang='lat' dir='ltr'>sit</span> <span class='ocrx_word' id='word_1_645' title='bbox 1399 4054 1489 4108; x_wconf 83' lang='lat' dir='ltr'>Patris</span> <span class='ocrx_word' id='word_1_646' title='bbox 1509 4059 1538 4108; x_wconf 88' lang='lat' dir='ltr'>et</span> <span class='ocrx_word' id='word_1_647' title='bbox 1557 4054 1619 4109; x_wconf 93' lang='lat' dir='ltr'>Filii</span> <span class='ocrx_word' id='word_1_648' title='bbox 1642 4053 1775 4125; x_wconf 87' lang='lat' dir='ltr'>Spiritus,</span> <span class='ocrx_word' id='word_1_649' title='bbox 1798 4070 1918 4126; x_wconf 89' lang='lat' dir='ltr'>semper</span> 
     </span>
     <span class='ocr_line' id='line_1_55' title="bbox 1067 4140 1919 4211; baseline 0.007 -19"><span class='ocrx_word' id='word_1_650' title='bbox 1067 4140 1097 4192; x_wconf 91' lang='lat' dir='ltr'>iu</span> <span class='ocrx_word' id='word_1_651' title='bbox 1123 4141 1204 4193; x_wconf 89' lang='lat' dir='ltr'>Patre</span> <span class='ocrx_word' id='word_1_652' title='bbox 1226 4148 1254 4195; x_wconf 88' lang='lat' dir='ltr'>et</span> <span class='ocrx_word' id='word_1_653' title='bbox 1278 4142 1349 4195; x_wconf 90' lang='lat' dir='ltr'>Filio</span> <span class='ocrx_word' id='word_1_654' title='bbox 1373 4157 1554 4211; x_wconf 90' lang='lat' dir='ltr'>permanens.</span> <span class='ocrx_word' id='word_1_655' title='bbox 1582 4142 1681 4197; x_wconf 90' lang='lat' dir='ltr'>Dicens</span> <span class='ocrx_word' id='word_1_656' title='bbox 1704 4148 1800 4197; x_wconf 88' lang='lat' dir='ltr'>autem</span> <span class='ocrx_word' id='word_1_657' title='bbox 1826 4144 1919 4198; x_wconf 87' lang='lat' dir='ltr'>Patris</span> 
     </span>
    </p>
   </div>
   <div class='ocr_carea' id='block_1_9' title="bbox 167 4221 1918 4303">
    <p class='ocr_par' dir='ltr' id='par_1_10' title="bbox 167 4221 1918 4303">
     <span class='ocr_line' id='line_1_56' title="bbox 167 4221 1918 4303; baseline 0.008 -30"><span class='ocrx_word' id='word_1_658' title='bbox 167 4226 287 4273; x_wconf 81' lang='lat' dir='ltr'>testatur</span> <span class='ocrx_word' id='word_1_659' title='bbox 301 4221 410 4273; x_wconf 89' lang='lat' dir='ltr'>unitam</span> <span class='ocrx_word' id='word_1_660' title='bbox 429 4236 489 4273; x_wconf 86' lang='lat' dir='ltr'>csse</span> <span class='ocrx_word' id='word_1_661' title='bbox 513 4221 606 4274; x_wconf 85' lang='lat' dir='ltr'>Patris</span> <span class='ocrx_word' id='word_1_662' title='bbox 630 4226 658 4275; x_wconf 87' lang='lat' dir='ltr'>et</span> <span class='ocrx_word' id='word_1_663' title='bbox 681 4222 744 4275; x_wconf 91' lang='lat' dir='ltr'>Filii</span> <span class='ocrx_word' id='word_1_664' title='bbox 766 4227 794 4275; x_wconf 91' lang='lat' dir='ltr'>et</span> <span class='ocrx_word' id='word_1_665' title='bbox 809 4221 929 4293; x_wconf 87' lang='lat' dir='ltr'>Spiritus</span> <span class='ocrx_word' id='word_1_666' title='bbox 947 4241 1013 4279; x_wconf 91' lang='lat' dir='ltr'>san·</span> <span class='ocrx_word' id='word_1_667' title='bbox 1034 4227 1190 4298; x_wconf 84' lang='lat' dir='ltr'>DFiliique</span> <span class='ocrx_word' id='word_1_668' title='bbox 1206 4243 1266 4282; x_wconf 88' lang='lat' dir='ltr'>esse</span> <span class='ocrx_word' id='word_1_669' title='bbox 1285 4228 1434 4298; x_wconf 91' lang='lat' dir='ltr'>Spiritum,</span> <span class='ocrx_word' id='word_1_670' title='bbox 1455 4246 1512 4284; x_wconf 91' lang='lat' dir='ltr'>non</span> <span class='ocrx_word' id='word_1_671' title='bbox 1538 4236 1634 4284; x_wconf 87' lang='lat' dir='ltr'>tamen</span> <span class='ocrx_word' id='word_1_672' title='bbox 1654 4235 1793 4298; x_wconf 88' lang='lat' dir='ltr'>creatum,</span> <span class='ocrx_word' id='word_1_673' title='bbox 1822 4248 1918 4303; x_wconf 89' lang='lat' dir='ltr'>neque</span> 
     </span>
    </p>
   </div>
   <div class='ocr_carea' id='block_1_10' title="bbox 161 4307 1012 5084">
    <p class='ocr_par' dir='ltr' id='par_1_11' title="bbox 166 4307 1012 4467">
     <span class='ocr_line' id='line_1_57' title="bbox 166 4307 1012 4377; baseline 0.009 -18"><span class='ocrx_word' id='word_1_674' title='bbox 166 4309 201 4360; x_wconf 93' lang='lat' dir='ltr'>cti</span> <span class='ocrx_word' id='word_1_675' title='bbox 216 4307 413 4374; x_wconf 89' lang='lat' dir='ltr'>substantiam,</span> <span class='ocrx_word' id='word_1_676' title='bbox 426 4323 512 4377; x_wconf 90' lang='lat' dir='ltr'>quam</span> <span class='ocrx_word' id='word_1_677' title='bbox 527 4308 615 4363; x_wconf 79' lang='lat' dir='ltr'>Graeci</span> <span class='ocrx_word' id='word_1_678' title='bbox 631 4308 731 4362; x_wconf 90' lang='lat' dir='ltr'>dicunt</span> <span class='ocrx_word' id='word_1_679' title='bbox 745 4308 836 4361; x_wconf 77' lang='lat' dir='ltr'>oio-tm</span> <span class='ocrx_word' id='word_1_680' title='bbox 858 4316 886 4364; x_wconf 87' lang='lat' dir='ltr'>et</span> <span class='ocrx_word' id='word_1_681' title='bbox 902 4313 1012 4367; x_wconf 89' lang='lat' dir='ltr'>unitam</span> 
     </span>
     <span class='ocr_line' id='line_1_58' title="bbox 166 4395 815 4467; baseline 0.006 -19"><span class='ocrx_word' id='word_1_682' title='bbox 166 4396 354 4465; x_wconf 87' lang='lat' dir='ltr'>ejusdemque</span> <span class='ocrx_word' id='word_1_683' title='bbox 369 4411 430 4448; x_wconf 87' lang='lat' dir='ltr'>esse</span> <span class='ocrx_word' id='word_1_684' title='bbox 446 4395 592 4450; x_wconf 85' lang='lat' dir='ltr'>Trinitatis</span> <span class='ocrx_word' id='word_1_685' title='bbox 607 4397 815 4467; x_wconf 88' lang='lat' dir='ltr'>operationem.</span> 
     </span>
    </p>

    <p class='ocr_par' dir='ltr' id='par_1_12' title="bbox 161 4483 1012 5084">
     <span class='ocr_line' id='line_1_59' title="bbox 200 4483 1012 4558; baseline 0.009 -21"><span class='ocrx_word' id='word_1_686' title='bbox 200 4492 213 4516; x_wconf 82' lang='lat'>⁸</span> <span class='ocrx_word' id='word_1_687' title='bbox 229 4484 259 4537; x_wconf 94' lang='lat' dir='ltr'>lu</span> <span class='ocrx_word' id='word_1_688' title='bbox 276 4483 349 4537; x_wconf 91' lang='lat' dir='ltr'>libro</span> <span class='ocrx_word' id='word_1_689' title='bbox 366 4488 464 4537; x_wconf 84' lang='lat' dir='ltr'>octavo</span> <span class='ocrx_word' id='word_1_690' title='bbox 484 4501 491 4538; x_wconf 78' lang='grc' dir='ltr'><strong>ι</strong></span> <span class='ocrx_word' id='word_1_691' title='bbox 509 4503 523 4535; x_wconf 82' lang='lat' dir='ltr'>u</span> <span class='ocrx_word' id='word_1_692' title='bbox 540 4484 689 4549; x_wconf 85' lang='lat' dir='ltr'>Quomodo</span> <span class='ocrx_word' id='word_1_693' title='bbox 703 4502 770 4557; x_wconf 86' lang='lat' dir='ltr'>ergo</span> <span class='ocrx_word' id='word_1_694' title='bbox 784 4488 840 4541; x_wconf 92' lang='lat' dir='ltr'>duo</span> <span class='ocrx_word' id='word_1_695' title='bbox 856 4487 935 4558; x_wconf 87' lang='lat' dir='ltr'>ligna</span> <span class='ocrx_word' id='word_1_696' title='bbox 946 4505 1012 4544; x_wconf 91' lang='lat' dir='ltr'>con·</span> 
     </span>
     <span class='ocr_line' id='line_1_60' title="bbox 162 4570 1010 4648; baseline 0.008 -25"><span class='ocrx_word' id='word_1_697' title='bbox 162 4570 262 4641; x_wconf 84' lang='lat' dir='ltr'>juncta</span> <span class='ocrx_word' id='word_1_698' title='bbox 277 4571 364 4625; x_wconf 88' lang='lat' dir='ltr'>missa</span> <span class='ocrx_word' id='word_1_699' title='bbox 378 4572 407 4624; x_wconf 90' lang='lat' dir='ltr'>in</span> <span class='ocrx_word' id='word_1_700' title='bbox 423 4572 569 4626; x_wconf 83' lang='lat' dir='ltr'>fornacem</span> <span class='ocrx_word' id='word_1_701' title='bbox 592 4572 678 4643; x_wconf 89' lang='lat' dir='ltr'>iguis,</span> <span class='ocrx_word' id='word_1_702' title='bbox 703 4580 731 4628; x_wconf 86' lang='lat' dir='ltr'>et</span> <span class='ocrx_word' id='word_1_703' title='bbox 750 4574 784 4628; x_wconf 87' lang='lat' dir='ltr'>de</span> <span class='ocrx_word' id='word_1_704' title='bbox 799 4574 909 4629; x_wconf 86' lang='lat' dir='ltr'>duobus</span> <span class='ocrx_word' id='word_1_705' title='bbox 926 4575 1010 4648; x_wconf 88' lang='lat' dir='ltr'>liguis</span> 
     </span>
     <span class='ocr_line' id='line_1_61' title="bbox 164 4657 1010 4728; baseline 0.014 -22"><span class='ocrx_word' id='word_1_706' title='bbox 164 4657 294 4728; x_wconf 85' lang='lat' dir='ltr'>procedit</span> <span class='ocrx_word' id='word_1_707' title='bbox 315 4658 431 4712; x_wconf 88' lang='lat' dir='ltr'>tlamma</span> <span class='ocrx_word' id='word_1_708' title='bbox 445 4658 655 4728; x_wconf 89' lang='lat' dir='ltr'>inseparabilis,</span> <span class='ocrx_word' id='word_1_709' title='bbox 677 4661 717 4714; x_wconf 90' lang='lat' dir='ltr'>sic</span> <span class='ocrx_word' id='word_1_710' title='bbox 738 4661 773 4715; x_wconf 91' lang='lat' dir='ltr'>dc</span> <span class='ocrx_word' id='word_1_711' title='bbox 797 4662 879 4716; x_wconf 87' lang='lat' dir='ltr'>Patre</span> <span class='ocrx_word' id='word_1_712' title='bbox 903 4668 932 4716; x_wconf 88' lang='lat' dir='ltr'>et</span> <span class='ocrx_word' id='word_1_713' title='bbox 948 4664 1010 4718; x_wconf 88' lang='lat' dir='ltr'>Filii</span> 
     </span>
     <span class='ocr_line' id='line_1_62' title="bbox 163 4745 1009 4819; baseline 0.012 -23"><span class='ocrx_word' id='word_1_714' title='bbox 163 4745 269 4799; x_wconf 81' lang='lat' dir='ltr'>uirtute</span> <span class='ocrx_word' id='word_1_715' title='bbox 297 4746 427 4815; x_wconf 86' lang='lat' dir='ltr'>procedit</span> <span class='ocrx_word' id='word_1_716' title='bbox 452 4746 575 4817; x_wconf 88' lang='lat' dir='ltr'>Spiritus</span> <span class='ocrx_word' id='word_1_717' title='bbox 601 4753 725 4813; x_wconf 87' lang='lat' dir='ltr'>sanctus,</span> <span class='ocrx_word' id='word_1_718' title='bbox 753 4749 846 4819; x_wconf 92' lang='lat' dir='ltr'>ipsam</span> <span class='ocrx_word' id='word_1_719' title='bbox 873 4749 1009 4806; x_wconf 88' lang='lat' dir='ltr'>virtutem</span> 
     </span>
     <span class='ocr_line' id='line_1_63' title="bbox 163 4834 1010 4906; baseline 0.007 -19"><span class='ocrx_word' id='word_1_720' title='bbox 163 4834 276 4887; x_wconf 86' lang='lat' dir='ltr'>deitatis</span> <span class='ocrx_word' id='word_1_721' title='bbox 309 4834 458 4888; x_wconf 75' lang='lat' dir='ltr'>babens·</span> <span class='ocrx_word' id='word_1_722' title='bbox 491 4835 580 4888; x_wconf 87' lang='lat' dir='ltr'>Nemo</span> <span class='ocrx_word' id='word_1_723' title='bbox 611 4841 693 4906; x_wconf 89' lang='lat' dir='ltr'>putet</span> <span class='ocrx_word' id='word_1_724' title='bbox 719 4837 807 4890; x_wconf 86' lang='lat' dir='ltr'>Deum</span> <span class='ocrx_word' id='word_1_725' title='bbox 838 4839 949 4892; x_wconf 89' lang='lat' dir='ltr'>Patrem</span> <span class='ocrx_word' id='word_1_726' title='bbox 981 4848 1010 4894; x_wconf 89' lang='lat' dir='ltr'>et</span> 
     </span>
     <span class='ocr_line' id='line_1_64' title="bbox 163 4923 1008 4993; baseline 0.005 -16"><span class='ocrx_word' id='word_1_727' title='bbox 163 4924 254 4977; x_wconf 86' lang='lat' dir='ltr'>Deum</span> <span class='ocrx_word' id='word_1_728' title='bbox 269 4923 372 4976; x_wconf 86' lang='lat' dir='ltr'>Filium</span> <span class='ocrx_word' id='word_1_729' title='bbox 387 4929 525 4993; x_wconf 88' lang='lat' dir='ltr'>tanquam</span> <span class='ocrx_word' id='word_1_730' title='bbox 543 4923 599 4977; x_wconf 90' lang='lat' dir='ltr'>duo</span> <span class='ocrx_word' id='word_1_731' title='bbox 614 4924 692 4993; x_wconf 89' lang='lat' dir='ltr'>tigna</span> <span class='ocrx_word' id='word_1_732' title='bbox 709 4925 793 4978; x_wconf 91' lang='lat' dir='ltr'>unius</span> <span class='ocrx_word' id='word_1_733' title='bbox 808 4927 932 4980; x_wconf 84' lang='lat' dir='ltr'>tlammae</span> <span class='ocrx_word' id='word_1_734' title='bbox 957 4944 1008 4982; x_wconf 87' lang='lat' dir='ltr'>vo-</span> 
     </span>
     <span class='ocr_line' id='line_1_65' title="bbox 161 5011 1009 5084; baseline 0.005 -18"><span class='ocrx_word' id='word_1_735' title='bbox 161 5011 249 5066; x_wconf 89' lang='lat' dir='ltr'>luisse</span> <span class='ocrx_word' id='word_1_736' title='bbox 266 5011 361 5065; x_wconf 89' lang='lat' dir='ltr'>dicere</span> <span class='ocrx_word' id='word_1_737' title='bbox 384 5011 502 5065; x_wconf 88' lang='lat' dir='ltr'>beatum</span> <span class='ocrx_word' id='word_1_738' title='bbox 518 5011 707 5066; x_wconf 77' lang='lat' dir='ltr'>Athanasium</span> <span class='ocrx_word' id='word_1_739' title='bbox 723 5013 866 5081; x_wconf 86' lang='lat' dir='ltr'>subjectos</span> <span class='ocrx_word' id='word_1_740' title='bbox 887 5013 1009 5084; x_wconf 87' lang='lat' dir='ltr'>Spiritui</span> 
     </span>
    </p>
   </div>
   <div class='ocr_carea' id='block_1_11' title="bbox 160 5133 1009 5557">
    <p class='ocr_par' dir='ltr' id='par_1_13' title="bbox 160 5133 1009 5557">
     <span class='ocr_line' id='line_1_66' title="bbox 197 5133 1008 5197; baseline 0.007 -10"><span class='ocrx_word' id='word_1_741' title='bbox 197 5143 210 5167; x_wconf 82' lang='lat'>⁸</span> <span class='ocrx_word' id='word_1_742' title='bbox 225 5135 256 5188; x_wconf 88' lang='lat' dir='ltr'>lu</span> <span class='ocrx_word' id='word_1_743' title='bbox 272 5134 341 5187; x_wconf 78' lang='lat' dir='ltr'>titre</span> <span class='ocrx_word' id='word_1_744' title='bbox 367 5138 470 5188; x_wconf 85' lang='lat' dir='ltr'>octoro.</span> <span class='ocrx_word' id='word_1_745' title='bbox 492 5133 522 5189; x_wconf 88' lang='lat' dir='ltr'>Si</span> <span class='ocrx_word' id='word_1_746' title='bbox 543 5135 620 5189; x_wconf 87' lang='lat' dir='ltr'>edita</span> <span class='ocrx_word' id='word_1_747' title='bbox 645 5134 787 5197; x_wconf 88' lang='lat' dir='ltr'>consutas,</span> <span class='ocrx_word' id='word_1_748' title='bbox 817 5137 878 5191; x_wconf 78' lang='lat' dir='ltr'>haec</span> <span class='ocrx_word' id='word_1_749' title='bbox 899 5153 958 5192; x_wconf 91' lang='lat' dir='ltr'>non</span> <span class='ocrx_word' id='word_1_750' title='bbox 978 5139 1008 5193; x_wconf 92' lang='lat' dir='ltr'>in</span> 
     </span>
     <span class='ocr_line' id='line_1_67' title="bbox 162 5204 1007 5275; baseline 0.007 -17"><span class='ocrx_word' id='word_1_751' title='bbox 162 5204 235 5258; x_wconf 89' lang='lat' dir='ltr'>libro</span> <span class='ocrx_word' id='word_1_752' title='bbox 260 5213 358 5257; x_wconf 85' lang='lat' dir='ltr'>octavo</span> <span class='ocrx_word' id='word_1_753' title='bbox 383 5208 519 5258; x_wconf 83' lang='lat' dir='ltr'>tractatus</span> <span class='ocrx_word' id='word_1_754' title='bbox 538 5206 572 5258; x_wconf 90' lang='lat' dir='ltr'>de</span> <span class='ocrx_word' id='word_1_755' title='bbox 593 5207 716 5275; x_wconf 87' lang='lat' dir='ltr'>propriis</span> <span class='ocrx_word' id='word_1_756' title='bbox 737 5208 878 5271; x_wconf 85' lang='lat' dir='ltr'>Persouis,</span> <span class='ocrx_word' id='word_1_757' title='bbox 902 5210 950 5263; x_wconf 85' lang='lat' dir='ltr'>sed</span> <span class='ocrx_word' id='word_1_758' title='bbox 978 5211 1007 5263; x_wconf 91' lang='lat' dir='ltr'>iu</span> 
     </span>
     <span class='ocr_line' id='line_1_68' title="bbox 161 5275 1009 5347; baseline 0.008 -20"><span class='ocrx_word' id='word_1_759' title='bbox 161 5277 271 5328; x_wconf 89' lang='lat' dir='ltr'>decimo</span> <span class='ocrx_word' id='word_1_760' title='bbox 284 5276 319 5328; x_wconf 89' lang='lat' dir='ltr'>de</span> <span class='ocrx_word' id='word_1_761' title='bbox 338 5275 406 5328; x_wconf 90' lang='lat' dir='ltr'>tidei</span> <span class='ocrx_word' id='word_1_762' title='bbox 426 5275 539 5328; x_wconf 88' lang='lat' dir='ltr'>Unitate</span> <span class='ocrx_word' id='word_1_763' title='bbox 554 5278 688 5345; x_wconf 88' lang='lat' dir='ltr'>reperies.</span> <span class='ocrx_word' id='word_1_764' title='bbox 704 5277 848 5347; x_wconf 82' lang='lat' dir='ltr'>Adigitur</span> <span class='ocrx_word' id='word_1_765' title='bbox 860 5281 1009 5334; x_wconf 89' lang='lat' dir='ltr'>Athanasii</span> 
     </span>
     <span class='ocr_line' id='line_1_69' title="bbox 160 5343 1007 5421; baseline 0.009 -25"><span class='ocrx_word' id='word_1_766' title='bbox 160 5343 254 5397; x_wconf 86' lang='lat' dir='ltr'>locoru</span> <span class='ocrx_word' id='word_1_767' title='bbox 267 5363 283 5397; x_wconf 88' lang='lat' dir='ltr'>a</span> <span class='ocrx_word' id='word_1_768' title='bbox 296 5346 450 5399; x_wconf 85' lang='lat' dir='ltr'>Ratramno</span> <span class='ocrx_word' id='word_1_769' title='bbox 467 5347 540 5399; x_wconf 92' lang='lat' dir='ltr'>male</span> <span class='ocrx_word' id='word_1_770' title='bbox 559 5346 716 5400; x_wconf 90' lang='lat' dir='ltr'>indicatum</span> <span class='ocrx_word' id='word_1_771' title='bbox 730 5348 878 5404; x_wconf 80' lang='lat' dir='ltr'>dicemus?</span> <span class='ocrx_word' id='word_1_772' title='bbox 896 5351 1007 5421; x_wconf 89' lang='lat' dir='ltr'>Nequa-</span> 
     </span>
     <span class='ocr_line' id='line_1_70' title="bbox 160 5416 1007 5494; baseline 0.007 -28"><span class='ocrx_word' id='word_1_773' title='bbox 160 5429 247 5494; x_wconf 83' lang='lat' dir='ltr'>quam</span> <span class='ocrx_word' id='word_1_774' title='bbox 259 5434 267 5480; x_wconf 91' lang='lat'>;</span> <span class='ocrx_word' id='word_1_775' title='bbox 281 5430 347 5468; x_wconf 90' lang='lat' dir='ltr'>uam</span> <span class='ocrx_word' id='word_1_776' title='bbox 362 5420 390 5470; x_wconf 90' lang='lat' dir='ltr'>et</span> <span class='ocrx_word' id='word_1_777' title='bbox 405 5418 516 5482; x_wconf 77' lang='lat' dir='ltr'>AEncas,</span> <span class='ocrx_word' id='word_1_778' title='bbox 533 5416 699 5470; x_wconf 88' lang='lat' dir='ltr'>Parisiensis</span> <span class='ocrx_word' id='word_1_779' title='bbox 712 5419 871 5488; x_wconf 84' lang='lat' dir='ltr'>episcopus,</span> <span class='ocrx_word' id='word_1_780' title='bbox 886 5436 948 5490; x_wconf 87' lang='lat' dir='ltr'>cap.</span> <span class='ocrx_word' id='word_1_781' title='bbox 976 5423 1007 5474; x_wconf 79' lang='grc'>15</span> 
     </span>
     <span class='ocr_line' id='line_1_71' title="bbox 161 5484 1008 5557; baseline 0.009 -21"><span class='ocrx_word' id='word_1_782' title='bbox 161 5484 227 5537; x_wconf 84' lang='lat' dir='ltr'>libri</span> <span class='ocrx_word' id='word_1_783' title='bbox 250 5485 385 5540; x_wconf 80' lang='lat' dir='ltr'>adversus</span> <span class='ocrx_word' id='word_1_784' title='bbox 406 5488 517 5541; x_wconf 77' lang='lat' dir='ltr'>Grecos</span> <span class='ocrx_word' id='word_1_785' title='bbox 541 5486 626 5557; x_wconf 86' lang='lat' dir='ltr'>iutra,</span> <span class='ocrx_word' id='word_1_786' title='bbox 642 5503 657 5541; x_wconf 90' lang='grc' dir='ltr'><strong>ε</strong></span> <span class='ocrx_word' id='word_1_787' title='bbox 673 5488 746 5542; x_wconf 88' lang='lat' dir='ltr'>libro</span> <span class='ocrx_word' id='word_1_788' title='bbox 768 5499 866 5543; x_wconf 81' lang='lat' dir='ltr'>octauo</span> <span class='ocrx_word' id='word_1_789' title='bbox 888 5490 922 5544; x_wconf 91' lang='lat' dir='ltr'>de</span> <span class='ocrx_word' id='word_1_790' title='bbox 941 5493 1008 5546; x_wconf 89' lang='lat' dir='ltr'>tidei</span> 
     </span>
    </p>
   </div>
   <div class='ocr_carea' id='block_1_12' title="bbox 1063 4315 1920 5095">
    <p class='ocr_par' dir='ltr' id='par_1_14' title="bbox 1063 4315 1920 5095">
     <span class='ocr_line' id='line_1_72' title="bbox 1066 4315 1919 4391; baseline 0.008 -23"><span class='ocrx_word' id='word_1_791' title='bbox 1066 4315 1183 4382; x_wconf 87' lang='lat' dir='ltr'>tactum,</span> <span class='ocrx_word' id='word_1_792' title='bbox 1201 4318 1327 4372; x_wconf 89' lang='lat' dir='ltr'>ostendit</span> <span class='ocrx_word' id='word_1_793' title='bbox 1346 4317 1381 4372; x_wconf 92' lang='lat' dir='ltr'>ab</span> <span class='ocrx_word' id='word_1_794' title='bbox 1399 4324 1519 4390; x_wconf 90' lang='lat' dir='ltr'>utroque</span> <span class='ocrx_word' id='word_1_795' title='bbox 1541 4319 1755 4390; x_wconf 89' lang='lat' dir='ltr'>procedentem,</span> <span class='ocrx_word' id='word_1_796' title='bbox 1776 4323 1828 4391; x_wconf 89' lang='lat' dir='ltr'>qui</span> <span class='ocrx_word' id='word_1_797' title='bbox 1850 4327 1919 4375; x_wconf 90' lang='lat' dir='ltr'>tan-</span> 
     </span>
     <span class='ocr_line' id='line_1_73' title="bbox 1065 4406 1918 4474; baseline 0.008 -17"><span class='ocrx_word' id='word_1_798' title='bbox 1065 4419 1153 4474; x_wconf 89' lang='lat' dir='ltr'>quam</span> <span class='ocrx_word' id='word_1_799' title='bbox 1167 4406 1417 4460; x_wconf 86' lang='lat' dir='ltr'>consubstantialis</span> <span class='ocrx_word' id='word_1_800' title='bbox 1433 4412 1462 4460; x_wconf 91' lang='lat' dir='ltr'>et</span> <span class='ocrx_word' id='word_1_801' title='bbox 1475 4413 1634 4461; x_wconf 75' lang='lat' dir='ltr'>coaeternus</span> <span class='ocrx_word' id='word_1_802' title='bbox 1647 4408 1675 4461; x_wconf 94' lang='lat' dir='ltr'>in</span> <span class='ocrx_word' id='word_1_803' title='bbox 1692 4408 1774 4462; x_wconf 87' lang='lat' dir='ltr'>Patre</span> <span class='ocrx_word' id='word_1_804' title='bbox 1790 4408 1831 4464; x_wconf 88' lang='lat' dir='ltr'>sit</span> <span class='ocrx_word' id='word_1_805' title='bbox 1843 4426 1918 4464; x_wconf 86' lang='lat' dir='ltr'>sem·</span> 
     </span>
     <span class='ocr_line' id='line_1_74' title="bbox 1065 4493 1915 4565; baseline 0.008 -20"><span class='ocrx_word' id='word_1_806' title='bbox 1065 4506 1117 4562; x_wconf 88' lang='lat' dir='ltr'>per</span> <span class='ocrx_word' id='word_1_807' title='bbox 1136 4493 1207 4547; x_wconf 89' lang='lat' dir='ltr'>etin</span> <span class='ocrx_word' id='word_1_808' title='bbox 1222 4494 1302 4560; x_wconf 90' lang='lat' dir='ltr'>Filio,</span> <span class='ocrx_word' id='word_1_809' title='bbox 1319 4510 1376 4565; x_wconf 91' lang='lat' dir='ltr'>quo</span> <span class='ocrx_word' id='word_1_810' title='bbox 1392 4500 1497 4549; x_wconf 75' lang='lat' dir='ltr'>sauctae</span> <span class='ocrx_word' id='word_1_811' title='bbox 1510 4496 1656 4550; x_wconf 90' lang='lat' dir='ltr'>Trinitatis</span> <span class='ocrx_word' id='word_1_812' title='bbox 1670 4496 1767 4550; x_wconf 89' lang='lat' dir='ltr'>unitos</span> <span class='ocrx_word' id='word_1_813' title='bbox 1782 4512 1838 4551; x_wconf 89' lang='lat' dir='ltr'>nec</span> <span class='ocrx_word' id='word_1_814' title='bbox 1852 4499 1915 4552; x_wconf 91' lang='lat' dir='ltr'>loco</span> 
     </span>
     <span class='ocr_line' id='line_1_75' title="bbox 1064 4583 1918 4653; baseline 0.007 -18"><span class='ocrx_word' id='word_1_815' title='bbox 1064 4596 1118 4635; x_wconf 89' lang='lat' dir='ltr'>nec</span> <span class='ocrx_word' id='word_1_816' title='bbox 1131 4585 1262 4652; x_wconf 88' lang='lat' dir='ltr'>tempore</span> <span class='ocrx_word' id='word_1_817' title='bbox 1278 4583 1444 4653; x_wconf 84' lang='lat' dir='ltr'>separabilis</span> <span class='ocrx_word' id='word_1_818' title='bbox 1459 4589 1561 4639; x_wconf 82' lang='lat' dir='ltr'>exstat.</span> <span class='ocrx_word' id='word_1_819' title='bbox 1583 4585 1653 4638; x_wconf 92' lang='lat' dir='ltr'>ltem</span> <span class='ocrx_word' id='word_1_820' title='bbox 1667 4583 1698 4638; x_wconf 93' lang='lat' dir='ltr'>in</span> <span class='ocrx_word' id='word_1_821' title='bbox 1712 4584 1787 4638; x_wconf 89' lang='lat' dir='ltr'>libro</span> <span class='ocrx_word' id='word_1_822' title='bbox 1802 4586 1918 4641; x_wconf 90' lang='lat' dir='ltr'>decimo</span> 
     </span>
     <span class='ocr_line' id='line_1_76' title="bbox 1064 4671 1920 4742; baseline 0.006 -20"><span class='ocrx_word' id='word_1_823' title='bbox 1064 4685 1175 4739; x_wconf 85' lang='lat' dir='ltr'>poueus</span> <span class='ocrx_word' id='word_1_824' title='bbox 1196 4671 1394 4724; x_wconf 87' lang='lat' dir='ltr'>testimonium</span> <span class='ocrx_word' id='word_1_825' title='bbox 1417 4671 1544 4742; x_wconf 91' lang='lat' dir='ltr'>Apostoli</span> <span class='ocrx_word' id='word_1_826' title='bbox 1563 4671 1705 4726; x_wconf 88' lang='lat' dir='ltr'>dicentis:</span> <span class='ocrx_word' id='word_1_827' title='bbox 1724 4692 1737 4719; x_wconf 74' lang='lat' dir='ltr'>a</span> <span class='ocrx_word' id='word_1_828' title='bbox 1758 4671 1826 4737; x_wconf 80' lang='lat' dir='ltr'>Quis</span> <span class='ocrx_word' id='word_1_829' title='bbox 1847 4676 1920 4727; x_wconf 80' lang='lat' dir='ltr'>cuim</span> 
     </span>
     <span class='ocr_line' id='line_1_77' title="bbox 1063 4760 1920 4828; baseline 0.006 -18"><span class='ocrx_word' id='word_1_830' title='bbox 1063 4760 1188 4824; x_wconf 80' lang='lat' dir='ltr'>rapuerit</span> <span class='ocrx_word' id='word_1_831' title='bbox 1202 4773 1308 4812; x_wconf 85' lang='lat' dir='ltr'>sensum</span> <span class='ocrx_word' id='word_1_832' title='bbox 1323 4761 1432 4814; x_wconf 83' lang='lat' dir='ltr'>Domini</span> <span class='ocrx_word' id='word_1_833' title='bbox 1452 4762 1501 4828; x_wconf 85' lang='lat' dir='ltr'>qui</span> <span class='ocrx_word' id='word_1_834' title='bbox 1520 4763 1640 4815; x_wconf 84' lang='lat' dir='ltr'>instruat</span> <span class='ocrx_word' id='word_1_835' title='bbox 1656 4760 1734 4814; x_wconf 80' lang='lat' dir='ltr'>cum?</span> <span class='ocrx_word' id='word_1_836' title='bbox 1750 4761 1805 4815; x_wconf 83' lang='lat' dir='ltr'>Nos</span> <span class='ocrx_word' id='word_1_837' title='bbox 1826 4767 1920 4816; x_wconf 84' lang='lat' dir='ltr'>nutem</span> 
     </span>
     <span class='ocr_line' id='line_1_78' title="bbox 1063 4846 1920 4920; baseline 0.007 -22"><span class='ocrx_word' id='word_1_838' title='bbox 1063 4859 1170 4900; x_wconf 82' lang='lat' dir='ltr'>sensum</span> <span class='ocrx_word' id='word_1_839' title='bbox 1190 4846 1295 4901; x_wconf 82' lang='lat' dir='ltr'>Christi</span> <span class='ocrx_word' id='word_1_840' title='bbox 1311 4847 1438 4901; x_wconf 79' lang='lat' dir='ltr'>bohemus</span> <span class='ocrx_word' id='word_1_841' title='bbox 1461 4849 1489 4913; x_wconf 85' lang='lat'>(1</span> <span class='ocrx_word' id='word_1_842' title='bbox 1506 4850 1570 4902; x_wconf 86' lang='lat' dir='ltr'>Cor.</span> <span class='ocrx_word' id='word_1_843' title='bbox 1598 4865 1628 4915; x_wconf 88' lang='lat' dir='ltr'>u,</span> <span class='ocrx_word' id='word_1_844' title='bbox 1647 4851 1699 4914; x_wconf 81' lang='lat' dir='ltr'>te).</span> <span class='ocrx_word' id='word_1_845' title='bbox 1716 4869 1729 4897; x_wconf 75' lang='lat' dir='ltr'>a</span> <span class='ocrx_word' id='word_1_846' title='bbox 1742 4847 1804 4912; x_wconf 83' lang='lat' dir='ltr'>Quo</span> <span class='ocrx_word' id='word_1_847' title='bbox 1822 4849 1920 4920; x_wconf 90' lang='lat' dir='ltr'>posito</span> 
     </span>
     <span class='ocr_line' id='line_1_79' title="bbox 1063 4933 1918 5003; baseline 0.008 -18"><span class='ocrx_word' id='word_1_848' title='bbox 1063 4933 1240 5003; x_wconf 83' lang='lat' dir='ltr'>subjungit:</span> <span class='ocrx_word' id='word_1_849' title='bbox 1269 4934 1421 4988; x_wconf 79' lang='lat' dir='ltr'>«Sensum</span> <span class='ocrx_word' id='word_1_850' title='bbox 1442 4940 1539 4990; x_wconf 88' lang='lat' dir='ltr'>autem</span> <span class='ocrx_word' id='word_1_851' title='bbox 1564 4936 1629 4990; x_wconf 81' lang='lat' dir='ltr'>lesu</span> <span class='ocrx_word' id='word_1_852' title='bbox 1662 4936 1765 4990; x_wconf 84' lang='lat' dir='ltr'>Christi</span> <span class='ocrx_word' id='word_1_853' title='bbox 1791 4936 1822 4991; x_wconf 92' lang='lat' dir='ltr'>in</span> <span class='ocrx_word' id='word_1_854' title='bbox 1848 4938 1918 4992; x_wconf 88' lang='lat' dir='ltr'>sub-</span> 
     </span>
     <span class='ocr_line' id='line_1_80' title="bbox 1063 5021 1916 5095; baseline 0.007 -21"><span class='ocrx_word' id='word_1_855' title='bbox 1063 5022 1168 5075; x_wconf 88' lang='lat' dir='ltr'>stantia</span> <span class='ocrx_word' id='word_1_856' title='bbox 1196 5021 1315 5093; x_wconf 89' lang='lat' dir='ltr'>propria</span> <span class='ocrx_word' id='word_1_857' title='bbox 1342 5024 1493 5094; x_wconf 88' lang='lat' dir='ltr'>Apostolus</span> <span class='ocrx_word' id='word_1_858' title='bbox 1519 5024 1658 5095; x_wconf 89' lang='lat' dir='ltr'>Spiritum</span> <span class='ocrx_word' id='word_1_859' title='bbox 1692 5030 1825 5079; x_wconf 87' lang='lat' dir='ltr'>sanctum</span> <span class='ocrx_word' id='word_1_860' title='bbox 1851 5041 1916 5081; x_wconf 85' lang='lat' dir='ltr'>esse</span> 
     </span>
    </p>
   </div>
   <div class='ocr_carea' id='block_1_13' title="bbox 1062 5141 1919 5495">
    <p class='ocr_par' dir='ltr' id='par_1_15' title="bbox 1062 5141 1919 5495">
     <span class='ocr_line' id='line_1_81' title="bbox 1064 5141 1919 5209; baseline 0.008 -13"><span class='ocrx_word' id='word_1_861' title='bbox 1064 5141 1177 5196; x_wconf 87' lang='lat' dir='ltr'>Unitate</span> <span class='ocrx_word' id='word_1_862' title='bbox 1198 5143 1297 5197; x_wconf 86' lang='lat' dir='ltr'>eadem</span> <span class='ocrx_word' id='word_1_863' title='bbox 1326 5144 1447 5200; x_wconf 82' lang='lat' dir='ltr'>attexuit</span> <span class='ocrx_word' id='word_1_864' title='bbox 1468 5145 1568 5200; x_wconf 89' lang='lat' dir='ltr'>iisdem</span> <span class='ocrx_word' id='word_1_865' title='bbox 1592 5147 1695 5200; x_wconf 83' lang='lat' dir='ltr'>verbis.</span> <span class='ocrx_word' id='word_1_866' title='bbox 1720 5145 1919 5209; x_wconf 81' lang='lat' dir='ltr'>Quamobrem</span> 
     </span>
     <span class='ocr_line' id='line_1_82' title="bbox 1063 5213 1919 5286; baseline 0.009 -21"><span class='ocrx_word' id='word_1_867' title='bbox 1063 5213 1196 5268; x_wconf 88' lang='lat' dir='ltr'>librarios</span> <span class='ocrx_word' id='word_1_868' title='bbox 1225 5214 1382 5268; x_wconf 82' lang='lat' dir='ltr'>Retramno</span> <span class='ocrx_word' id='word_1_869' title='bbox 1405 5223 1434 5269; x_wconf 91' lang='lat' dir='ltr'>et</span> <span class='ocrx_word' id='word_1_870' title='bbox 1458 5218 1545 5270; x_wconf 69' lang='lat' dir='ltr'>Ainea</span> <span class='ocrx_word' id='word_1_871' title='bbox 1575 5219 1748 5286; x_wconf 87' lang='lat' dir='ltr'>posteriores</span> <span class='ocrx_word' id='word_1_872' title='bbox 1779 5218 1919 5274; x_wconf 84' lang='lat' dir='ltr'>ordinem</span> 
     </span>
     <span class='ocr_line' id='line_1_83' title="bbox 1062 5283 1919 5358; baseline 0.004 -21"><span class='ocrx_word' id='word_1_873' title='bbox 1062 5283 1203 5338; x_wconf 89' lang='lat' dir='ltr'>librorum</span> <span class='ocrx_word' id='word_1_874' title='bbox 1244 5285 1390 5339; x_wconf 88' lang='lat' dir='ltr'>Athanasii</span> <span class='ocrx_word' id='word_1_875' title='bbox 1431 5287 1581 5340; x_wconf 86' lang='lat' dir='ltr'>invertisse</span> <span class='ocrx_word' id='word_1_876' title='bbox 1614 5289 1707 5342; x_wconf 88' lang='lat' dir='ltr'>dicere</span> <span class='ocrx_word' id='word_1_877' title='bbox 1751 5292 1919 5358; x_wconf 79' lang='lat' dir='ltr'>malumus;</span> 
     </span>
     <span class='ocr_line' id='line_1_84' title="bbox 1062 5355 1919 5428; baseline 0.011 -21"><span class='ocrx_word' id='word_1_878' title='bbox 1062 5359 1149 5425; x_wconf 88' lang='lat' dir='ltr'>atque</span> <span class='ocrx_word' id='word_1_879' title='bbox 1171 5355 1239 5409; x_wconf 90' lang='lat' dir='ltr'>iude</span> <span class='ocrx_word' id='word_1_880' title='bbox 1258 5355 1320 5409; x_wconf 87' lang='lat' dir='ltr'>fieri</span> <span class='ocrx_word' id='word_1_881' title='bbox 1340 5363 1373 5409; x_wconf 90' lang='lat' dir='ltr'>ut</span> <span class='ocrx_word' id='word_1_882' title='bbox 1393 5372 1458 5427; x_wconf 83' lang='lat' dir='ltr'>quoe</span> <span class='ocrx_word' id='word_1_883' title='bbox 1483 5358 1519 5412; x_wconf 90' lang='lat' dir='ltr'>ab</span> <span class='ocrx_word' id='word_1_884' title='bbox 1543 5359 1668 5428; x_wconf 86' lang='lat' dir='ltr'>antiquis</span> <span class='ocrx_word' id='word_1_885' title='bbox 1697 5374 1711 5411; x_wconf 94' lang='lat' dir='ltr'>e</span> <span class='ocrx_word' id='word_1_886' title='bbox 1734 5375 1844 5427; x_wconf 80' lang='lat' dir='ltr'>magno</span> <span class='ocrx_word' id='word_1_887' title='bbox 1865 5361 1919 5416; x_wconf 92' lang='lat' dir='ltr'>illo</span> 
     </span>
     <span class='ocr_line' id='line_1_85' title="bbox 1062 5424 1805 5495; baseline 0.009 -17"><span class='ocrx_word' id='word_1_888' title='bbox 1062 5424 1123 5479; x_wconf 87' lang='lat' dir='ltr'>viro</span> <span class='ocrx_word' id='word_1_889' title='bbox 1138 5424 1279 5495; x_wconf 88' lang='lat' dir='ltr'>exscripta</span> <span class='ocrx_word' id='word_1_890' title='bbox 1292 5431 1368 5492; x_wconf 88' lang='lat' dir='ltr'>sunt,</span> <span class='ocrx_word' id='word_1_891' title='bbox 1384 5443 1444 5482; x_wconf 91' lang='lat' dir='ltr'>non</span> <span class='ocrx_word' id='word_1_892' title='bbox 1458 5428 1499 5482; x_wconf 88' lang='lat' dir='ltr'>ita</span> <span class='ocrx_word' id='word_1_893' title='bbox 1509 5428 1592 5484; x_wconf 84' lang='lat' dir='ltr'>tacite</span> <span class='ocrx_word' id='word_1_894' title='bbox 1608 5429 1805 5485; x_wconf 86' lang='lat' dir='ltr'>inveniantur.</span> 
     </span>
    </p>
   </div>
   <div class='ocr_carea' id='block_1_14' title="bbox 0 0 1970 6098">
    <p class='ocr_par' dir='ltr' id='par_1_16' title="bbox 0 0 1970 6098">
     <span class='ocr_line' id='line_1_86' title="bbox 0 0 1970 6098; baseline 0 2"><span class='ocrx_word' id='word_1_895' title='bbox 0 0 1970 6098; x_wconf 95' lang='lat' dir='ltr'> </span> 
     </span>
    </p>
   </div>
  </div>
 </body>
</html>
