3930 6098
100 276 173 329 ll05

101 493 195 564 [Quod
210 496 319 559 autem,
341 492 444 563 inquit,
459 513 473 542 «ι
488 493 592 548 electos
611 509 674 559 uos,
697 498 730 547 ut
744 508 870 547 essemus
886 508 951 547 san·

100 582 142 636 cti
157 587 186 636 et
198 581 375 636 immaculati
398 596 495 636 coram
518 582 581 651 ipso
607 583 694 651 (Epa.
711 598 730 649 1,
742 582 781 647 4),
794 603 808 630 a
829 582 884 636 hoc
899 586 951 648 est,

100 686 201 725 coram
224 672 295 736 Deo,
321 674 386 723 aute
411 670 548 724 fabricam
574 671 674 724 mundi
700 675 820 724 testatus
843 674 894 735 est,
916 671 950 724 ad

101 758 315 830 prescientiam
332 758 383 812 [lei
398 759 531 830 pertinet,
549 760 595 813 eui
610 760 708 814 omnia
723 760 820 814 lutura
831 758 892 829 jam
907 758 920 813 l
936 790 952 799 -

100 854 148 902 cta
162 852 240 914 sunt,
256 851 284 900 et
295 852 450 917 antequam
460 848 541 913 liant,
558 848 689 902 universa
701 854 767 902 suut
780 853 847 902 uota
859 865 866 901 :
880 848 953 902 sicut

101 941 133 990 et
148 936 253 991 Paulus
276 936 336 1006 ipse
363 936 586 1006 praedestinatur
610 937 639 991 in
666 941 747 991 utero
771 937 870 991 matris
893 952 952 991 sue

104 1026 179 1094 (Gal.
197 1024 218 1094 ι)
231 1041 238 1092 ;
251 1028 278 1078 et
291 1025 430 1079 ieremias
445 1024 476 1078 iu
491 1026 574 1080 vulva
590 1027 689 1080 matris
709 1042 768 1080 sae
791 1026 953 1080 sanctifica-

102 1119 163 1182 tur,
175 1112 301 1184 eligitur,
327 1112 489 1181 roboratur,
505 1118 533 1167 et
551 1113 580 1167 in
596 1118 664 1184 typo
688 1113 792 1169 Christi
812 1114 953 1184 propheta

102 1202 237 1273 gentibus
252 1202 377 1256 mittitur
398 1201 462 1272 (ier.
491 1219 507 1265 ι,
536 1202 586 1274 bt]
603 1203 638 1256 Et
661 1209 725 1271 post
746 1202 860 1272 aliqua:
880 1203 953 1272 [Non

103 1290 145 1345 ait
161 1290 277 1358 Paulus,
293 1291 422 1361 iuquit,‹
447 1291 534 1361 elegit
552 1307 605 1345 nos
629 1298 694 1345 ante
716 1291 952 1345 constitutionem

651 274 696 330 ha
716 272 878 330 Tertullus
897 273 1104 331 SCRIPTURAE
1123 273 1309 331 tharasia.

99 402 237 477 consilii]
248 403 572 475 ltamalibiinejusdem
583 403 947 474 Epistolecommentariis:
968 403 1130 475 llprofecto
1142 404 1171 458 in
1187 404 1239 458 hac
1254 404 1455 459 obscurissima
1471 403 1629 475 quastione
1646 404 1682 460 de
1697 405 1853 475 praescian—
1957 400 1960 405 ’

1785 277 1854 332 ttae

1007 493 1048 547 tia
1069 495 1097 548 et
1122 493 1376 563 predestinatione
1398 492 1494 548 divina
1515 494 1584 562 (Deo
1605 493 1749 564 aspirante
1770 498 1856 565 atque

1006 580 1197 650 illuminante)
1215 582 1295 636 nialla
1309 582 1414 637 erroris
1435 582 1526 651 caligo
1541 582 1572 635 in
1596 597 1696 636 corum
1722 581 1856 638 cordibus

1007 669 1199 724 remansisset.
1215 671 1261 724 sit
1285 687 1408 742 namque
1431 671 1567 741 prelatus
1592 671 1691 724 doctor
1707 671 1783 726 inter
1797 687 1853 727 ce·

1007 764 1068 813 tera
1084 758 1112 813 iu
1128 759 1200 814 libro
1211 760 1272 830 jam
1292 759 1387 814 dieto:
1404 758 1493 832 [Qtrod
1509 775 1578 830 ergo
1600 764 1666 815 ante
1690 760 1854 831 gehennam

1008 848 1075 902 mall
1095 854 1227 918 pereunt,
1249 864 1309 902 non
1333 852 1376 902 est
1398 848 1488 902 divini
1511 847 1617 918 operis,
1643 849 1693 902 sed
1712 847 1852 903 humani:

1006 938 1081 1007 quod
1096 941 1192 991 autem
1213 938 1243 991 iu
1258 938 1392 1008 gehenna
1407 937 1526 1007 perituri
1551 942 1627 1004 sunt,
1651 937 1706 991 huc
1720 937 1788 991 iacit
1803 937 1854 994 Dei

1006 1026 1137 1096 equitas,
1154 1026 1200 1080 cui
1220 1027 1298 1080 nulla
1312 1025 1404 1097 placet
1416 1025 1559 1096 peccantis
1574 1023 1733 1098 iniquitas]
1752 1025 1786 1080 Et
1799 1024 1854 1080 ite·

1007 1129 1071 1167 rum
1096 1113 1369 1184 predestinationis,
1395 1113 1499 1184 iuquit,
1530 1113 1648 1167 nominc
1674 1129 1732 1167 uon
1756 1113 1854 1184 aliqua

1007 1203 1163 1257 voluntatis
1186 1204 1321 1258 humane
1343 1203 1474 1257 coactitia
1498 1201 1650 1255 necessitas
1672 1201 1853 1271 exprimitur,

1007 1291 1057 1345 sed
1072 1291 1233 1345 misericors
1258 1297 1286 1344 et
1303 1291 1381 1360 justa
1405 1289 1496 1344 futuri
1518 1289 1615 1360 operis
1633 1288 1728 1343 divina
1748 1289 1853 1361 sempi-

103 1379 217 1445 mundi,
233 1395 299 1433 cum
314 1395 441 1433 essemus
455 1379 546 1433 sancti
561 1384 589 1432 et
600 1378 777 1434 immaculati
796 1401 807 1428 ι
822 1380 875 1433 hoc
890 1384 951 1433 est:
1007 1385 1089 1433 terna
1100 1379 1248 1450 dispositio
1264 1379 1457 1451 predicatur:
1473 1381 1699 1449 «neonemque,
1713 1381 1751 1444 et,
1767 1378 1854 1433 mise·

103 1468 173 1539 quia
188 1468 279 1522 sancti
292 1473 321 1521 at
336 1467 513 1522 immaculati
527 1474 592 1522 anto
602 1485 660 1522 nou
672 1468 790 1534 fuimus,
808 1472 839 1522 ut
853 1474 953 1538 postea
1007 1466 1159 1521 ricordiam
1176 1471 1205 1520 et
1226 1465 1368 1536 judicium
1388 1470 1483 1519 cantat
1497 1466 1622 1519 Ecclesia
1641 1465 1725 1536 (Paul.
1741 1481 1766 1533 c,
1791 1465 1852 1536 l).·

103 1572 233 1611 essemus
254 1556 412 1610 constituit.
438 1557 499 1610 Non
525 1555 602 1610 enim
626 1556 773 1626 eliguntur
793 1557 907 1622 Paulus,
924 1562 953 1610 et
1043 1555 1114 1610 Item
1132 1554 1187 1608 ibi:
1204 1554 1347 1625 [Proinde
1362 1553 1467 1624 iuquit,
1479 1554 1572 1623 potuit
1587 1553 1763 1608 sicutvoluit
1776 1570 1855 1624 pre-

103 1645 156 1717 qui
171 1644 198 1699 ei
210 1645 318 1699 similes
334 1651 412 1710 suut,
427 1644 496 1715 quia
509 1650 592 1699 erant
610 1645 700 1700 saneti
715 1650 743 1699 et
763 1645 950 1712 immaculati,
972 1688 993 1742 B
1007 1643 1151 1698 destinare
1166 1643 1304 1713 quosdam
1316 1643 1351 1697 ad
1366 1642 1498 1714 gloriam,
1515 1641 1654 1711 quosdam
1671 1641 1709 1695 ad
1720 1657 1854 1712 penam:

102 1733 153 1787 sed
170 1733 317 1803 eliguntur
340 1739 368 1787 et
388 1734 641 1803 praedestinantur,
658 1738 691 1789 ut
714 1734 743 1788 in
767 1734 953 1805 consequenti
1008 1732 1057 1787 sed
1073 1748 1144 1803 quos
1159 1731 1374 1802 predestinavit
1389 1730 1425 1785 ad
1447 1731 1568 1801 gloriam
1593 1730 1806 1801 predestinavit
1820 1731 1854 1786 ad

102 1822 163 1875 vita
177 1838 230 1892 per
250 1837 337 1892 opera
360 1827 446 1893 atque
467 1822 586 1877 virtutes
612 1822 703 1877 sancti
726 1826 754 1877 et
777 1822 953 1878 immaculati
976 1863 980 1870 .
1005 1820 1166 1892 justitiam
1183 1824 1361 1890 qnosautem
1381 1818 1594 1888 predestinavit
1617 1818 1653 1872 ad
1667 1835 1782 1889 penam
1798 1835 1855 1873 non

102 1908 196 1981 lianc]
1007 1909 1221 1980 predestinavit
1245 1909 1280 1963 ad
1303 1909 1428 1978 culpam.
1453 1909 1483 1962 ln
1505 1908 1562 1962 illis
1597 1922 1664 1977 ergo
1692 1923 1780 1978 opera
1803 1923 1855 1962 sua

140 1997 238 2052 Sedet
258 1998 358 2052 beatus
380 1998 436 2052 heo
460 1999 495 2052 de
518 1998 668 2069 utriusque
692 1998 953 2069 predestinationis
1007 1997 1165 2069 glorificat;
1181 1997 1210 2051 iu
1225 1997 1287 2050 istis
1301 2001 1398 2050 autem
1423 2013 1510 2067 opera
1525 2012 1581 2050 nou
1603 2012 1654 2049 sua
1669 1995 1851 2050 condemnat.

102 2090 214 2140 eterno
230 2085 304 2156 apud
325 2088 415 2141 Deam
439 2087 569 2148 coasilio,
595 2087 624 2140 in
641 2087 822 2140 sermonibus
842 2088 901 2142 suis
918 2087 952 2142 ad
1007 2088 1066 2142 Hoc
1085 2088 1182 2157 itaque
1206 2085 1420 2156 predestinavit
1443 2087 1526 2152 Deus,
1552 2085 1628 2156 quod
1649 2089 1709 2139 erat
1729 2084 1792 2154 ipse
1810 2085 1853 2139 fa·

100 2174 245 2245 populum
270 2173 309 2227 ita
329 2174 477 2229 evidenter
493 2175 586 2239 docet,
612 2175 730 2229 diceus:
747 2176 790 2246 [lu
808 2176 952 2231 salvandis
1006 2182 1113 2242 cturus,
1124 2176 1257 2246 autquod
1269 2174 1362 2228 iuerat
1376 2175 1551 2246 largiturus;
1568 2173 1639 2227 illud
1651 2188 1718 2227 vero
1732 2173 1853 2228 nullate·

102 2262 183 2318 enim
207 2262 340 2316 omuibus
363 2278 416 2333 per
440 2279 553 2317 crucem
578 2262 684 2319 Christi
707 2265 870 2318 communis
891 2269 953 2320 erat
1008 2281 1061 2319 nus
1076 2263 1299 2335 predestinavit,
1317 2264 1392 2333 quod
1417 2264 1475 2317 sive
1498 2279 1550 2333 per
1571 2261 1704 2333 gratiam,
1729 2262 1788 2317 sive
1801 2278 1853 2332 per

102 2351 236 2405 voluutas
263 2351 354 2404 Patris
372 2356 400 2404 et
424 2352 506 2406 Filii:
533 2367 688 2406 commune
714 2352 877 2420 consilium,
901 2370 952 2408 nec
1003 2354 1146 2424 justitiam
1176 2353 1303 2407 tacturus
1323 2353 1384 2423 ipse
1408 2366 1466 2406 non
1489 2352 1564 2418 fuit]
1595 2354 1664 2406 ltem
1688 2351 1746 2405 ibi:
1771 2351 1854 2422 [llala

103 2440 164 2493 ulla
176 2444 288 2510 poterat
297 2440 406 2494 ratione
418 2439 537 2506 turbari,
550 2439 628 2510 quod
639 2446 705 2494 ante
717 2443 825 2494 eterna
836 2442 950 2508 secula,

102 2532 132 2583 et
152 2527 374 2582 misericorditer
383 2532 444 2582 erat
466 2528 637 2598 dispositum
661 2534 689 2582 et
708 2529 951 2584 iucommutabili-

101 2621 149 2672 ter
162 2616 362 2687 prefinitum]
383 2618 454 2672 item
470 2617 527 2670 alio
549 2617 628 2671 loco:
654 2615 735 2690 [Cum
758 2633 827 2688 ergo
843 2620 951 2686 omnia,

103 2721 170 2776 que
187 2705 216 2760 in
233 2705 354 2760 Domino
372 2705 529 2776 majestatis
540 2706 657 2761 iudaice
673 2706 789 2761 admisit
807 2707 951 2778 impietas,

102 2798 185 2849 tauto
206 2799 272 2848 aute
296 2795 434 2864 predicta
462 2795 529 2861 siut,
557 2799 588 2848 ut
612 2810 670 2849 non
692 2800 751 2849 tam
775 2795 810 2850 de
837 2797 951 2864 futuris,

104 2900 194 2955 quarn
209 2882 244 2937 de
260 2883 413 2953 preteritis
430 2883 613 2954 propheticus
635 2883 671 2938 sit
684 2900 778 2939 sermo
795 2891 951 2955 contextus,

1007 2442 1115 2513 quippe
1128 2442 1258 2496 voluntas
1270 2458 1326 2495 nou
1342 2441 1468 2512 pertinet
1478 2441 1512 2495 ad
1527 2441 1668 2511 optimum
1680 2445 1852 2494 creatorem:

1004 2532 1082 2602 justa
1095 2547 1161 2586 vero
1176 2530 1276 2600 injusti
1297 2530 1402 2600 angeli,
1428 2529 1610 2600 hominisque
1624 2528 1772 2583 damnatio
1789 2544 1853 2598 per·

1008 2622 1082 2675 tinet
1114 2620 1149 2674 ad
1174 2618 1372 2690 equissimum
1402 2618 1591 2688 cognitorem.
1613 2617 1655 2671 ad
1678 2616 1854 2670 voluntatem

1007 2709 1097 2783 igitur
1121 2708 1225 2763 malam
1259 2709 1335 2761 Deras
1356 2706 1503 2761 hominem
1539 2722 1598 2760 non
1631 2704 1852 2776 predestinavit,

1007 2798 1076 2869 quia
1091 2797 1201 2851 homiui
1223 2812 1285 2850 eam
1308 2797 1426 2850 daturus
1440 2795 1501 2866 ipse
1517 2809 1574 2848 non
1589 2794 1664 2864 fait]
1682 2794 1714 2846 Et
1728 2793 1852 2847 iterum:

1008 2888 1118 2957 [Neque
1134 2886 1211 2939 enim
1227 2891 1270 2939 est
1293 2885 1347 2938 alia
1372 2884 1434 2954 ejus
1461 2883 1684 2952 praedestinatio,
1705 2881 1762 2936 nisi
1779 2882 1854 2936 iutu-

104 2972 178 3043 quid
196 2971 273 3026 aliud
297 2971 392 3040 nobis,
417 2988 504 3044 quam
530 2973 770 3043 sempiternarum
794 2972 992 3044 dispositio-'c
1007 2990 1104 3029 rorum
1121 2989 1239 3044 operam
1256 2972 1317 3042 rjus
1332 2976 1439 3026 eterna
1458 2971 1641 3042 preparatio,
1658 2971 1688 3025 in
1703 2986 1761 3042 qua
1774 2970 1854 3024 nulla

104 3075 175 3115 num
191 3060 241 3115 Dei
255 3060 499 3115 incommutabilis
509 3061 579 3115 ordo
595 3066 758 3116 reseratur:
773 3063 849 3132 apud
867 3078 952 3133 quem

105 3147 295 3203 discernenda
322 3149 383 3218 jam
403 3148 542 3218 judicata,
562 3148 658 3202 lutura
687 3149 748 3218 jam
774 3149 846 3204 lacta
874 3155 951 3205 suut.

104 3237 179 3293 Cum
194 3237 272 3291 enim
287 3242 316 3291 et
329 3237 481 3307 qualitates
494 3237 640 3291 actionum
654 3243 828 3302 nostrarum,
841 3242 869 3293 et
886 3238 953 3293 elle·

103 3330 166 3381 ctus
181 3325 312 3380 omnium
335 3326 516 3380 voluntatum
537 3325 656 3379 scientia
672 3325 768 3380 divina
785 3327 952 3396 preveniat,

103 3418 213 3485 quanto
230 3415 322 3483 magis
337 3418 404 3468 nota
419 3420 486 3468 sunt
498 3415 555 3468 lieo
570 3430 658 3484 opera
672 3413 746 3468 sual
762 3417 878 3468 streete
891 3415 952 3485 pla-

102 3503 163 3557 cuit
185 3503 268 3573 quasi
284 3503 358 3557 facta
383 3502 480 3571 recoli,
505 3518 569 3574 que
594 3518 653 3557 nou
678 3507 811 3573 poterant
832 3503 952 3558 omniuo

103 3589 262 3661 confieri]

140 3681 244 3734 Beatus
256 3695 372 3751 qaoque
386 3680 505 3734 antistes
520 3682 548 3734 et
562 3680 706 3750 gloriosus
726 3679 872 3735 confessor
887 3682 951 3736 Ful-

102 3768 230 3840 gentius,
256 3771 291 3823 de
313 3769 367 3824 hac
387 3769 489 3840 judicii
515 3770 545 3823 in
565 3773 718 3839 utramque
742 3773 853 3838 partem
878 3785 953 3839 pre-

103 3856 232 3925 scientia,
248 3861 276 3911 et
291 3857 544 3928 predestinatione
555 3857 705 3929 egregium
716 3856 821 3911 librum
833 3858 932 3912 scribit
944 3874 951 3913 :

104 3944 166 4016 qui,
187 3945 261 3999 sieut
283 3950 312 4000 et
334 3951 438 4001 cetera
462 3946 522 4017 ejus
546 3945 714 4000 admiranda
738 3951 767 4001 et
791 3947 952 4001 veneranda

1007 3079 1092 3118 causa
1107 3062 1175 3116 mall
1198 3063 1341 3116 ullatenus
1364 3060 1471 3131 poterit
1492 3058 1635 3114 inveniri:
1653 3058 1721 3129 quia
1743 3074 1779 3114 ex
1803 3074 1853 3112 vo-

1007 3151 1117 3205 luntate
1133 3150 1181 3205 liei
1198 3165 1346 3220 nunquam
1362 3148 1499 3220 processit
1514 3147 1594 3219 origo
1609 3147 1729 3217 peccati.
1746 3168 1759 3197 a
1775 3146 1854 3202 ldise·

1007 3240 1096 3294 ricors
1108 3241 1186 3294 enim
1199 3239 1335 3295 Dominus
1349 3243 1378 3292 et
1388 3237 1657 3307 justus(Psol.cx1v,
1672 3237 1708 3303 ὅ).
1722 3237 1783 3292 »lla
1794 3252 1851 3307 quo

1007 3329 1063 3383 alia
1078 3329 1140 3382 loco
1160 3328 1298 3399 scriptum
1315 3332 1376 3381 est:
1396 3350 1406 3375 ι
1423 3325 1645 3381 Misericordiam
1660 3330 1689 3379 et
1702 3325 1851 3379 veritatem

1007 3417 1103 3489 diligit
1116 3417 1256 3472 [lominus
1272 3418 1346 3470 Deras
1362 3416 1446 3484 (Psoi.
1461 3429 1568 3482 Lxxxlv,
1582 3414 1634 3483 li).
1647 3434 1660 3463 »
1673 3415 1705 3468 Iu
1719 3411 1853 3467 erunibus

1007 3521 1076 3578 argo
1087 3506 1222 3577 operibus
1230 3505 1292 3575 ejus
1301 3509 1350 3559 aut
1356 3505 1433 3575 justa
1443 3503 1546 3557 veritas
1558 3502 1727 3563 custoditur,
1741 3505 1790 3555 aut
1804 3500 1852 3572 pia

1007 3594 1203 3650 misericordia
1219 3591 1421 3665 prerogator]
1438 3593 1508 3647 ltem
1524 3591 1583 3646 ibi:
1608 3590 1668 3664 [Dei
1682 3590 1760 3645 enim
1775 3605 1853 3660 pre-

1007 3683 1198 3738 destinatione
1218 3688 1267 3737 aut
1291 3686 1470 3753 peccatorum
1493 3685 1655 3751 preparata
1671 3684 1715 3734 est
1738 3677 1787 3749 pia
1805 3692 1853 3732 re-

1006 3769 1116 3834 missio,
1134 3774 1182 3822 aut
1196 3773 1376 3838 peccatorum
1390 3766 1468 3836 justa
1484 3765 1606 3836 punitio.
1623 3766 1776 3835 Nunquam
1798 3763 1852 3835 igi-

1006 3862 1054 3911 tur
1069 3857 1143 3911 [leus
1158 3856 1306 3911 hominem
1322 3854 1424 3908 adhoc
1440 3853 1535 3925 potuit
1548 3852 1763 3923 predestinare,
1776 3850 1853 3922 quod

1005 3943 1067 4015 ipse
1088 3943 1269 4013 disposuerat
1290 3946 1318 3995 et
1340 3945 1485 4011 precepto
1508 3939 1670 4010 prohibere,
1694 3943 1722 3993 et
1740 3937 1852 3992 miseri·

104 4033 221 4104 scripta,
247 4050 360 4104 semper
384 4035 421 4089 ab
454 4034 578 4090 Ecclesia
610 4034 734 4089 fideliter
758 4039 901 4106 receptus,
924 4039 954 4089 et
1006 4031 1104 4087 cordia
1134 4032 1253 4098 diluere,
1283 4036 1312 4084 et
1335 4027 1448 4100 justitia
1477 4027 1602 4098 punire]
1635 4027 1765 4097 itemque
1793 4025 1852 4082 ibi:

103 4121 181 4176 iuter
204 4123 357 4193 scriptores
377 4123 584 4178 ecclesiasticos
602 4122 784 4177 laudabiliter
809 4139 952 4178 auuume·
1006 4120 1094 4192 [Deus
1107 4120 1206 4191 itaque
1219 4119 1316 4174 omnia
1329 4117 1481 4173 hominum
1496 4131 1584 4186 opera
1607 4114 1665 4168 sive
1686 4113 1770 4178 bona,
1795 4114 1854 4168 sive

104 4216 186 4264 ratus
200 4217 253 4265 est.
269 4212 304 4266 Et
317 4227 392 4265 nunc
407 4212 550 4266 nescimus
563 4227 619 4282 qua
636 4211 756 4275 ratione,
772 4212 831 4267 imo
847 4212 953 4267 iulide-
1006 4208 1082 4262 mala
1096 4206 1246 4278 prescivit,
1258 4205 1327 4276 qaia
1339 4220 1405 4260 eum
1417 4204 1504 4258 latere
1517 4202 1588 4256 nihil
1602 4200 1696 4272 potuit
1709 4217 1717 4269 ;
1730 4202 1780 4256 sed
1790 4202 1853 4256 sola

104 4299 186 4354 litate
202 4304 231 4354 ct
245 4300 430 4354 contentione
445 4300 531 4353 simul
549 4315 614 4353 cum
630 4300 713 4353 heato
728 4301 890 4370 bragustino
901 4301 951 4356 ab·
971 4283 1083 4351 Dbona
1099 4294 1322 4368 predestinavit,
1338 4309 1403 4365 que
1419 4308 1448 4347 se
1469 4292 1500 4346 in
1511 4291 1579 4346 tiliis
1593 4289 1693 4361 gratie
1711 4289 1853 4345 iacturum

101 4387 312 4458 jiciturzctah
327 4389 368 4442 eis
384 4389 434 4459 qui
454 4387 587 4443 catholici
606 4387 697 4441 videri
712 4389 821 4455 volunt,
836 4389 907 4443 tales
922 4405 954 4443 ac
1009 4400 1070 4438 esse
1094 4384 1239 4455 prescivit
1249 4403 1257 4451 ;
1287 4382 1363 4438 mala
1392 4397 1459 4436 vero
1486 4380 1595 4442 :futura
1625 4395 1712 4449 opera
1738 4378 1855 4434 illorum

103 4476 179 4532 tanti
195 4477 249 4530 viri
267 4476 317 4531 [lei
338 4476 520 4548 iniquissime
545 4475 684 4547 injuriati,
710 4479 738 4530 et
762 4475 861 4546 spreti,
877 4478 955 4532 velut
1009 4487 1082 4542 quos
1097 4487 1156 4526 uon
1170 4470 1386 4542 predestinavit
1407 4470 1443 4523 ad
1464 4483 1600 4540 reguum,
1626 4467 1674 4522 sed
1696 4467 1731 4523 ad
1756 4467 1855 4522 interi·

105 4564 270 4636 quisquiliae
286 4571 314 4620 et
332 4570 524 4637 purgamenta
540 4564 675 4619 vilissima
691 4565 906 4619 conculcantur.
923 4566 956 4620 Et
1009 4563 1082 4626 lum,
1112 4557 1254 4629 prescivit
1283 4556 1480 4628 potentissima
1513 4555 1627 4622 deitate,
1659 4555 1804 4611 ordinavit
1826 4559 1856 4610 el

105 4652 251 4709 estnimis
266 4652 397 4707 mirabile
422 4653 481 4708 imo
503 4652 639 4707 horribile
664 4652 820 4723 quomodo,
844 4658 877 4706 ut
897 4653 956 4708 sais
1009 4645 1129 4718 provida
1144 4646 1297 4718 bonitate]
1320 4647 1354 4700 Et
1377 4645 1501 4700 iterum:
1529 4642 1684 4717 [prescivit
1703 4644 1779 4699 enim
1803 4659 1854 4696 ra·

106 4742 360 4798 adinventiouibus
391 4747 420 4796 et
440 4742 556 4812 ineptiis
578 4742 720 4808 credatur,
740 4742 865 4812 exigant,
889 4758 956 4796 cum
1009 4737 1134 4790 luntates
1144 4735 1294 4790 hominum
1308 4734 1397 4788 bonas
1413 4738 1441 4788 et
1457 4733 1557 4800 malas,
1568 4731 1782 4804 predestinavit
1798 4747 1853 4786 nou

105 4831 163 4902 ipsi
182 4830 361 4886 beatissimos
384 4833 492 4897 Patres,
525 4835 555 4885 et
588 4829 794 4884 illustrissimos
825 4829 956 4885 doctores
1011 4822 1111 4889 malas,
1128 4822 1264 4878 sedsolas
1282 4823 1382 4877 bonas.
1399 4822 1433 4876 Et
1455 4821 1567 4876 licetin
1583 4822 1645 4891 ejus
1669 4819 1854 4892 predestina-

104 4919 240 4976 Ecclesie
256 4919 428 4990 abiecerint3
444 4935 476 4972 ac
495 4935 547 4990 per
561 4918 616 4973 hoc
630 4919 686 4973 nisi
702 4935 732 4973 se
757 4917 841 4974 citius
864 4919 955 4973 corri-

106 5024 176 5081 gere
202 5008 336 5064 studeant
361 5007 508 5062 verissime
530 5006 656 5062 heretici
668 5007 792 5078 judicari
815 5013 954 5079 possunt:

107 5096 253 5169 quindei,
278 5103 307 5151 et
329 5096 471 5161 charitati,
495 5101 523 5150 et
546 5096 745 5151 sincerissime
769 5097 885 5152 Petrum
905 5095 954 5151 do-

106 5182 209 5237 ctrine
233 5198 293 5236 non
320 5182 555 5249 communicant;
579 5183 628 5238 sed
656 5182 776 5254 insuper
799 5198 865 5237 cum
888 5182 957 5253 ipsis

108 5271 197 5326 etiam
217 5270 372 5341 scripture
389 5275 494 5326 sancte
515 5271 658 5326 celestem
673 5271 874 5326 auctoritatem
887 5286 956 5325 con·

107 5364 252 5415 emanat.
267 5361 338 5415 Nam
354 5359 378 5414 si
396 5358 477 5414 illum
499 5359 699 5414 fidelissimum
725 5357 955 5428 copiosissimum

108 5453 138 5502 et
153 5448 389 5503 florentissimum
405 5447 510 5502 librum
533 5447 609 5502 beati
635 5446 778 5517 Fulgentii
803 5463 869 5501 eum
894 5447 957 5519 pie·

108 5540 168 5591 tata
183 5541 213 5591 et
230 5537 396 5593 obedientia
415 5537 510 5607 legere
535 5541 563 5591 et
584 5535 746 5608 intelligere
772 5534 956 5602 studuissent,

1010 4912 1088 4966 tione
1105 4926 1162 4965 uon
1175 4911 1270 4978 inerit,
1288 4915 1318 4964 nt
1334 4908 1472 4965 malitiam
1493 4909 1633 4964 voluntati
1655 4909 1789 4964 humane
1804 4909 1855 4963 de·

1010 5000 1107 5066 disset,
1124 4999 1179 5053 fuit
1192 5003 1288 5053 tamen
1303 5001 1333 5054 in
1353 4999 1415 5071 ojus
1438 4997 1690 5070 predestinatione
1714 4998 1785 5069 quid
1800 4997 1854 5052 hu-

1011 5104 1105 5142 mane
1121 5087 1275 5142 voluntatis
1289 5088 1405 5143 malitie
1420 5085 1612 5156 reddidisset]

1348 5212 1460 5267 CAPUT
1478 5211 1523 5267 lli.

1171 5319 1301 5390 Sequitur
1313 5317 1346 5372 de
1362 5319 1452 5373 eodem
1466 5318 1586 5388 capitato
1595 5320 1695 5388 ptimo.

1048 5444 1114 5498 llec
1136 5445 1272 5515 prelatus
1296 5443 1466 5499 venerabilis
1489 5442 1586 5498 doctor
1609 5443 1640 5498 in
1660 5441 1744 5510 libro,
1770 5456 1857 5513 quem

1012 5549 1100 5605 supra
1121 5532 1353 5600 memoravimus,
1374 5533 1457 5603 juxta
1479 5532 1632 5604 scripture
1653 5535 1758 5586 sancte
1782 5530 1857 5584 veri-
