3930 6098
105 232 157 285 utu
719 226 830 283 AENEAE]
850 225 1064 284 ramsiuitsls
1085 226 1241 309 uniscunt

106 379 132 431 a,
149 360 185 432 θ).
202 361 315 432 Alioqui
341 360 483 432 quomoda
503 357 662 413 audiendus
688 363 730 412 est
743 358 877 413 Salomon
903 357 945 411 di·
967 363 1185 430 tnequaquam
1202 357 1331 428 genitum
1349 357 1452 412 Filium
1469 356 1849 428 credamusesseSpiritum,

106 453 269 506 cens2bun
280 451 390 506 Domini
404 451 521 519 spiratio
539 453 578 504 est
607 449 754 515 bominum,
782 450 950 518 quiscrutu·
1006 453 1035 501 et
1051 447 1128 518 quod
1145 447 1284 500 Dominus
1300 446 1336 500 sit
1361 447 1479 501 verbum
1496 446 1579 502 Filii:
1602 447 1734 518 genitum
1755 463 1853 500 rcrua

106 546 151 595 tur
165 542 271 594 interna
283 540 404 593 ueratris:
423 538 446 590 si
472 537 581 591 animas
605 537 754 590 hominnm
780 537 878 590 lumen
902 534 951 588 liei
1006 537 1064 590 [leo
1076 536 1196 590 verbnm
1212 536 1338 590 suumin
1352 535 1469 606 propria
1485 535 1541 589 rita
1564 542 1592 589 et
1615 536 1775 590 substantia
1791 551 1852 606 per·

105 644 166 682 esse
181 626 284 690 dicitis,
309 624 363 677 nisi
390 624 527 694 Spiritum
547 633 677 679 sanctum
697 626 796 679 lumen
825 623 951 677 lleiesse
1006 640 1205 678 manenscum
1222 624 1258 678 sit
1281 624 1337 678 rita
1359 625 1446 679 Filius
1460 624 1521 679 Dei.
1539 626 1694 694 Propterea
1713 641 1780 678 reru
1798 640 1851 678 uon

105 714 236 780 credatis,
257 714 367 768 dicente
398 715 510 784 Moyse:
541 714 664 783 Spirauit
698 717 767 768 Deus
799 716 828 767 in
851 714 951 779 furiem
1006 713 1172 783 estgenitus
1188 713 1269 767 abeo
1283 712 1415 783 Spiritus,
1433 713 1501 783 quia
1516 729 1573 766 non
1588 720 1631 767 est
1645 712 1765 766 uerbum
1782 713 1850 781 ejus.

104 803 173 858 Adae
192 804 359 872 spiraculum
380 805 453 857 uita.
474 803 505 857 dt
529 803 616 855 Filias
634 802 702 856 ttei:
722 804 776 874 Epo
800 817 859 856 sam
881 804 949 855 nita.
1006 802 1140 857 Creatum
1155 818 1222 855 vero
1248 802 1343 856 dicere
1367 803 1517 871 Spiritum,
1540 802 1622 856 absit.
1648 802 1852 855 Verumtamen

104 891 340 962 Sedetsapientia
353 891 511 946 Salomonis
527 891 755 945 introducentem
775 891 949 945 Salvatorem
1006 891 1192 962 spirationem
1209 890 1272 945 Filii
1290 891 1338 945 uei
1349 907 1414 945 eum
1425 897 1454 945 et
1468 908 1483 944 a
1498 891 1601 944 sanctis
1611 889 1767 961 Scripturis
1779 889 1851 943 docti

104 979 189 1034 dicit:
208 981 277 1034 Ecce
290 981 512 1048 proferamuobis
535 995 598 1034 mcae
610 981 787 1048 aspirationis
796 980 951 1049 professio·
1006 997 1114 1048 sumus,
1138 981 1289 1033 etlonlcni
1319 980 1446 1050 spiritus,
1472 986 1501 1034 et
1526 979 1618 1033 liliam
1648 980 1698 1033 Dei
1729 978 1850 1032 dicimus

103 1085 163 1124 nem
177 1071 265 1139 (Pron.
281 1085 300 1135 1,
316 1072 376 1139 ⁶23);
392 1069 432 1123 sic
443 1070 521 1122 enim
533 1068 563 1121 in
581 1069 738 1123 Proverbiis
749 1070 952 1138 aitzsapicntiu
1005 1069 1170 1123 audientem
1189 1068 1307 1122 Filium:
1324 1070 1396 1134 Qniu
1421 1069 1473 1123 diro
1500 1084 1616 1137 respuam
1643 1069 1710 1134 lecit
1734 1067 1849 1137 populus

104 1160 132 1214 in
148 1160 586 1227 ccilucunetur,inplateisuero
601 1157 951 1227 fiducialiterapet,portis
1005 1161 1065 1213 iste.
1090 1161 1132 1214 bie
1152 1158 1353 1227 dereliquerunt
1381 1158 1483 1223 sonitem
1513 1171 1590 1226 aquae
1617 1158 1694 1215 uicae,
1722 1161 1749 1209 et
1774 1153 1849 1221 sode-

105 1253 195 1302 uutem
218 1251 369 1316 potentium
401 1251 522 1316 assistet,
548 1249 576 1300 ia
595 1250 681 1301 muris
704 1263 809 1316 quoque
829 1250 951 1302 ciuitatis
1004 1248 1136 1303 runtsibi
1154 1248 1229 1302 lucus
1256 1246 1395 1312 contritos,
1421 1248 1470 1315 qni
1498 1262 1552 1299 reon
1578 1249 1724 1314 potuerunt
1751 1259 1850 1312 uquam

106 1338 269 1406 confidenter
289 1342 359 1404 upct.
391 1338 495 1403 Quintio
529 1344 645 1407 ternpore
669 1338 787 1392 obtinent
805 1337 951 1406 prudentes
1002 1342 1114 1408 portare
1130 1335 1197 1407 (lcr.
1220 1351 1250 1401 ιι,
1277 1335 1332 1403 ts).
1348 1339 1428 1407 bqua
1452 1335 1514 1388 viva
1528 1334 1647 1405 Spiritus
1667 1336 1782 1386 sancius
1798 1337 1848 1394 est,

102 1428 252 1498 justitiam,
286 1431 311 1479 et
348 1441 400 1480 nou
437 1427 609 1482 erubescent:
647 1426 830 1496 imprudentes
862 1431 951 1481 autern
1006 1426 1218 1480 sicutioannes
1238 1424 1345 1490 docuit,
1363 1424 1507 1479 salvatore
1536 1424 1647 1477 dicente
1671 1421 1706 1475 ad
1728 1420 1850 1475 Samari·

106 1516 345 1571 contumeliarum
360 1517 415 1570 sint
434 1516 529 1586 capidi
552 1521 576 1571 et
596 1519 675 1585 impii
696 1516 794 1584 effecti,
818 1516 879 1570 odio
900 1517 947 1569 lau·
1007 1518 1101 1568 tanam
1128 1513 1299 1567 mulierem:
1327 1514 1357 1568 Si
1382 1515 1464 1567 scires
1481 1512 1580 1566 duritem
1609 1513 1710 1577 Dei,ct
1736 1511 1851 1580 puisnt

1803 232 1853 284 rou

107 1604 221 1657 buerunt
236 1617 351 1671 seusam,
369 1609 394 1657 ct
407 1604 518 1658 obriorii
531 1606 602 1670 facti
625 1609 688 1658 sunt
708 1604 949 1674 increpationibus.
1005 1604 1054 1671 pai
1069 1602 1120 1656 tibi
1133 1602 1219 1656 dicit:
1237 1603 1277 1656 Du
1295 1602 1364 1654 mibi
1388 1600 1485 1668 bibere,
1510 1607 1539 1655 tu
1560 1601 1652 1670 utique
1676 1601 1800 1669 petisses,
1827 1602 1852 1651 et

107 1693 178 1747 Ecce
199 1694 339 1761 proferam
368 1692 443 1747 uobis
467 1709 530 1749 mcae
548 1696 726 1762 aspirationis
746 1697 950 1764 professionem,
971 1665 990 1719 Β
1006 1691 1123 1746 dedisset
1139 1690 1192 1746 tibi
1206 1706 1307 1759 uquam
1322 1692 1413 1743 uiuam
1431 1691 1519 1759 (ioan.
1535 1706 1571 1756 rr,
1589 1689 1653 1758 lb),
1675 1693 1701 1743 et
1717 1701 1849 1741 rursum:

107 1779 202 1834 docebo
225 1794 271 1834 uos
296 1795 382 1834 meum
406 1796 552 1835 sermonem
577 1782 671 1850 (Pron.
700 1798 718 1847 1,
740 1781 796 1852 23).
817 1783 850 1836 Et
865 1783 953 1837 isaias
1008 1783 1164 1849 maurique
1183 1780 1281 1834 biberit
1299 1794 1333 1832 cn
1357 1795 1431 1847 aque
1452 1794 1534 1846 qucum
1559 1780 1584 1832 ei
1604 1777 1683 1840 dabo,
1709 1792 1764 1830 non
1780 1777 1852 1829 sitiet

107 1866 230 1937 Spiritus
269 1868 359 1922 sancti
388 1869 608 1939 promissionum
638 1870 806 1940 praedicans,
836 1871 876 1924 sic
894 1871 951 1924 ait:
1007 1873 1037 1924 in
1065 1874 1193 1924 iciunum
1223 1867 1302 1938 (ibid.
1343 1868 1394 1937 13).
1428 1867 1459 1921 Et
1487 1869 1517 1920 in
1544 1867 1637 1920 medio
1667 1865 1767 1935 templi
1793 1863 1851 1917 cla·

107 1959 185 2011 llicit
204 1959 344 2026 vuarinus,
368 1960 417 2026 qui
435 1960 531 2013 coeium
553 1960 619 2025 lecit
640 1963 666 2013 et
688 1961 783 2028 asperii
803 1976 883 2026 eum,·
907 1962 956 2028 qui
1008 1964 1084 2012 mat:
1101 1960 1131 2015 st
1145 1960 1206 2026 puis
1228 1956 1298 2023 sitit,
1319 1959 1412 2011 caniat
1430 1956 1522 2010 adme
1543 1960 1568 2009 ct
1591 1955 1680 2009 bibat:
1697 1956 1747 2023 qui
1769 1953 1852 2006 credit

108 2046 237 2101 solidavit
252 2052 352 2100 terrum
367 2052 393 2101 ct
404 2063 463 2114 puae
476 2049 506 2101 in
517 2063 549 2101 ea
563 2053 625 2102 sunt
636 2063 642 2100 :
655 2050 704 2116 qui
713 2048 763 2102 dut
777 2050 955 2117 spirationem
1007 2051 1037 2102 in
1053 2064 1103 2112 me,
1123 2049 1193 2102 sicut
1221 2046 1295 2100 dicit
1320 2046 1474 2114 Scriptura,
1491 2047 1604 2110 ttumiuu
1629 2044 1662 2097 dc
1685 2050 1779 2097 uentre
1797 2044 1852 2110 ejus

106 2135 207 2203 populo
222 2135 322 2202 quiesi
338 2151 419 2204 super
433 2151 501 2203 cam,
518 2141 543 2189 et
564 2139 693 2206 spiritum
714 2138 881 2193 unicornibus
896 2153 954 2191 eum
1007 2140 1090 2206 duent
1109 2151 1187 2204 uque
1200 2138 1262 2189 uitae
1281 2135 1372 2206 (doun.
1395 2150 1440 2201 va,
1458 2133 1512 2202 37).
1541 2135 1572 2187 Et
1593 2132 1799 2203 interpretatus
1813 2137 1852 2183 est

110 2221 255 2291 (tsnxnn,
279 2225 304 2289 5,
329 2238 379 2277 sec.
399 2224 484 2292 LXX).
512 2223 600 2279 Dicite
620 2226 670 2295 qui
699 2229 741 2279 est
764 2224 955 2297 populusqai
1008 2226 1066 2280 sie:
1085 2229 1138 2280 lloc
1157 2230 1247 2278 autem
1264 2224 1369 2278 dicebat
1396 2223 1429 2276 de
1452 2224 1563 2292 Spiritu
1585 2226 1689 2285 scruto,
1714 2236 1792 2288 piram
1812 2234 1853 2271 ac·

110 2311 219 2381 accepit
247 2311 453 2382 spirationem:
483 2313 616 2383 nunquid
642 2314 740 2369 ethic
766 2315 954 2385 spirationem
1008 2317 1113 2385 cepturi
1127 2319 1203 2367 eruant
1219 2315 1267 2382 qui
1286 2313 1417 2366 credituri
1435 2317 1513 2366 erunt
1528 2313 1557 2364 in
1569 2327 1627 2364 cum
1643 2311 1734 2381 (ioan.
1752 2311 1851 2372 ιιιιι).

109 2399 236 2454 animam
252 2416 313 2454 esse
328 2400 430 2467 dicitis,
446 2408 475 2456 ct
489 2403 593 2456 dabitis
607 2403 669 2457 siue
690 2403 788 2458 anima
813 2405 953 2474 populum
1008 2406 1050 2458 lta
1065 2403 1150 2457 etiam
1168 2407 1196 2456 et
1219 2400 1304 2455 isaias
1334 2400 1489 2455 Dominum
1516 2400 1622 2454 dixisse
1644 2399 1702 2452 ait:
1720 2399 1791 2464 Quia
1809 2412 1853 2465 epo

110 2493 315 2558 superterram
340 2489 524 2545 constitisse?
552 2491 607 2546 Sed
628 2508 687 2546 non
715 2497 777 2547 est:
803 2492 953 2563 protectio·
1009 2492 1123 2547 debota
1146 2493 1194 2547 siti
1210 2507 1311 2559 apicum
1331 2491 1372 2544 liis
1397 2491 1487 2558 quiin
1507 2492 1576 2543 sicco
1602 2492 1654 2543 iter
1676 2490 1814 2555 scccruat;
1831 2491 1853 2538 et

109 2592 177 2629 nem
206 2592 330 2648 namque
357 2578 481 2648 Spiritus
508 2580 599 2635 sancti
626 2581 785 2652 praedicans
815 2583 956 2652 propbeta
1008 2597 1107 2651 porram
1132 2581 1268 2650 Spiritum
1292 2594 1380 2633 meum
1408 2593 1489 2647 super
1513 2592 1600 2632 semen
1625 2583 1710 2644 tuum,
1733 2582 1758 2629 et
1781 2576 1853 2631 inre·

109 2665 170 2719 baec
199 2666 248 2721 ait.
279 2668 406 2738 Denique
439 2671 610 2739 completam
637 2669 841 2741 professionem
870 2687 957 2741 super
1010 2670 1139 2724 dictiones
1155 2684 1227 2723 meus
1242 2683 1323 2737 super
1336 2669 1407 2735 filios
1422 2672 1491 2732 ticos,
1512 2671 1537 2720 et
1552 2670 1654 2721 orietur
1677 2671 1810 2735 tanquam
1828 2666 1855 2716 in

110 2754 209 2809 fideles
221 2754 270 2826 qui
285 2755 398 2811 inerant
410 2759 463 2812 snb
477 2758 526 2815 illo
547 2765 677 2830 tempore
707 2760 819 2831 scripsit
848 2761 954 2815 Lucas:
1009 2775 1083 2828 apuu
1110 2761 1212 2826 feriunt,
1243 2763 1268 2811 et
1287 2757 1360 2810 uelut
1381 2757 1454 2810 salic
1478 2757 1550 2810 inter
1571 2758 1662 2824 durus
1687 2768 1766 2822 aquae
1787 2751 1853 2820 (isa.

108 2845 144 2898 Iit
158 2859 216 2898 cum
228 2846 490 2914 cornplerenturdies
503 2851 745 2919 quinquapcsimn,
760 2854 838 2904 uani
851 2852 956 2919 pariter
1011 2847 1231 2915 xn1v‚3,isrc.
1262 2846 1343 2912 LXX).
1376 2845 1447 2915 Ergo
1476 2843 1625 2898 manifeste
1644 2843 1675 2896 in
1702 2838 1854 2911 Scriptnris

110 2935 243 2987 omncsin
264 2948 358 3000 unum,
387 2939 412 2989 ct
434 2938 527 3003 sactus
549 2943 589 2992 est
620 2939 709 2993 subito
744 2954 858 2993 terrase
881 2921 1115 3008 ciclasssanuis
1127 2931 1329 3004 profitentibus
1345 2947 1449 3003 aquam
1463 2931 1554 2984 vivam
1571 2929 1710 3000 Spiritum
1727 2931 1854 2980 sanctam

111 3026 242 3089 tanquam
261 3023 382 3091 Spiritus
406 3031 516 3080 suiictits
531 3028 669 3080 celtemcns
689 3029 819 3093 serretur,
841 3028 957 3097 implens
1010 3021 1278 3092 cssecognovimus.
1302 3021 1439 3074 [lominus
1463 3036 1492 3073 se
1522 3019 1628 3073 iontem
1648 3017 1773 3088 Spiritus
1798 3030 1855 3068 esse

110 3114 192 3163 totum
208 3110 316 3165 domum
335 3112 383 3166 ubi
396 3119 474 3167 erunt
493 3114 630 3181 sedentes;
647 3121 672 3170 et
691 3118 755 3171 uisae
778 3119 893 3171 stanteis
911 3117 957 3170 di·
1011 3111 1092 3175 dixit,
1112 3111 1176 3166 sic:
1201 3111 1244 3165 Me
1258 3111 1460 3178 dereliquerunt
1482 3110 1584 3174 fontem
1606 3122 1685 3175 aquae
1702 3108 1773 3159 oiuae
1791 3106 1853 3172 (ter.

109 3200 526 3271 uisaeiiapuutunpuumipris,
547 3209 572 3257 et
593 3204 664 3258 sedit
682 3219 956 3273 superunumqucm-
1011 3218 1041 3267 n,
1057 3200 1100 3272 13)
1118 3216 1125 3266 ;
1142 3199 1214 3253 sicut
1240 3197 1328 3253 David
1357 3197 1434 3251 canit
1462 3197 1493 3251 in
1519 3198 1630 3250 Psalmo
1645 3211 1717 3248 xxxv
1742 3196 1780 3264 (a.
1803 3193 1853 3260 till.

110 3303 162 3357 que
185 3303 293 3343 eoram:
321 3296 346 3343 et
369 3297 507 3360 ceperunt
534 3293 609 3360 ioqui
631 3295 718 3347 curiis
744 3293 853 3361 iinpuis,
877 3297 958 3361 prout
1011 3289 1108 3344 dicens
1124 3289 1158 3342 ad
1176 3288 1344 3342 Dominum:
1370 3287 1440 3353 Quia
1459 3285 1534 3355 apud
1557 3291 1581 3340 te
1596 3289 1658 3350 soris
1673 3287 1747 3337 uite.
1770 3283 1854 3352 igitur

111 3377 232 3445 Spiritus
259 3378 344 3433 dabui
370 3382 551 3448 pronuntiare
576 3383 615 3434 eis
639 3381 710 3449 (Act.
742 3396 772 3447 ιι,
802 3384 836 3447 l).
866 3381 958 3435 Simili
1010 3383 1117 3449 praeter
1141 3376 1293 3432 Dominum
1310 3376 1426 3429 ostende
1453 3375 1541 3428 alium
1565 3373 1675 3427 fontem
1698 3387 1760 3425 esse
1784 3370 1853 3436 vitae,

112 3465 197 3519 modo
211 3481 334 3535 magnus
352 3467 401 3521 ille
426 3468 479 3522 iob
503 3466 636 3522 adversus
661 3468 768 3522 amicos
797 3485 873 3536 suos,
892 3485 957 3523 cum
1011 3467 1061 3540 qai
1076 3465 1152 3538 apud
1168 3480 1234 3520 eum
1248 3465 1294 3519 sit.
1314 3466 1377 3519 Nou
1401 3464 1479 3518 enim
1505 3462 1586 3527 dixit,
1611 3460 1680 3532 quia
1694 3467 1726 3514 tn
1742 3476 1772 3514 es
1795 3459 1854 3513 tons

112 3559 207 3607 essent
218 3554 326 3624 Spiritu
342 3559 441 3610 sancto
457 3556 571 3627 privati,
587 3563 615 3611 et
630 3557 700 3612 nibil
711 3556 956 3625 verumdicerent,
1012 3558 1084 3622 vitre,
1102 3555 1150 3610 sed
1170 3556 1236 3624 quia
1255 3554 1330 3624 apud
1352 3559 1377 3608 te
1390 3555 1451 3615 soris
1466 3553 1528 3606 uitae
1551 3555 1599 3605 est.
1625 3551 1674 3604 Est
1697 3565 1766 3602 aero
1782 3545 1852 3617 apud

112 3657 206 3713 neque
222 3642 410 3714 opinarentur
424 3661 453 3699 se
474 3650 540 3700 ante
557 3647 645 3700 Deum
661 3646 759 3717 loqui:
775 3646 868 3700 aiebat
890 3662 957 3717 ergo
1012 3647 1113 3713 Derim,
1130 3650 1158 3699 et
1179 3649 1221 3697 est
1237 3643 1323 3697 Pilius
1348 3642 1412 3696 tons
1436 3641 1560 3695 existens
1585 3639 1719 3709 Spiritus,
1747 3637 1781 3691 de
1800 3651 1851 3707 quo

112 3730 184 3784 Jub:
199 3733 291 3788 Nonne
314 3737 377 3787 unte
392 3737 476 3789 Deum
503 3735 672 3803 loquimini?
697 3737 728 3789 Et
756 3751 867 3789 rursum
883 3750 889 3789 :
907 3734 960 3787 Cui
1012 3736 1117 3791 Paulus
1131 3733 1164 3787 ad
1189 3733 1333 3787 Roaianos
1355 3731 1472 3784 scribit:
1489 3730 1611 3799 Spiritus
1633 3742 1695 3782 uero
1718 3729 1783 3781 uite
1792 3738 1849 3795 pre

112 3821 297 3874 unriuntiustis
312 3821 418 3877 cerba?
441 3825 562 3892 Spirutio
584 3839 646 3878 uero
665 3825 743 3892 crrjrrs
765 3828 804 3877 cst
819 3839 878 3893 quic
890 3838 959 3892 pro·
1010 3831 1072 3895 pter
1080 3824 1220 3893 justitiam
1246 3822 1332 3892 (bom.
1359 3837 1419 3886 vin,
1437 3821 1492 3890 10),
1522 3818 1563 3872 ita
1580 3833 1638 3871 uon
1655 3816 1794 3881 alienum,
1808 3811 1849 3866 sed

113 3906 184 3962 cedit
202 3907 285 3963 utel
311 3910 376 3981 (deb
402 3912 593 3983 xxv1,4.)Ex
622 3913 727 3984 quibus
756 3928 831 3966 unus
854 3926 960 3981 magna
1014 3911 1163 3983 proprium
1180 3909 1269 3963 Patris
1289 3924 1349 3962 esse
1370 3924 1435 3962 enm
1457 3907 1533 3961 dicit.
1549 3907 1619 3961 Nam
1634 3920 1700 3959 cnm
1716 3904 1847 3974 protessus

114 3996 235 4068 loquens
250 3998 381 4053 dicebat:
398 4001 519 4069 Spiritus
535 4005 575 4056 est
598 4005 646 4071 pai
665 4001 827 4056 mortalibus
844 4004 960 4055 interce·
1012 4001 1122 4065 luisset,
1150 4001 1216 4069 quin
1237 3998 1313 4067 opud
1332 4003 1357 4052 tc
1371 4001 1410 4051 cst
1423 3999 1485 4063 fons
1501 3999 1564 4050 uite
1591 3993 1740 4064 adjunxit:
1763 3994 1796 4046 Ia
1810 3990 1844 4043 in·

114 4086 175 4139 dit:
198 4089 312 4155 spiratio
337 4104 401 4143 nero
427 4092 627 4158 omnipotentiae
658 4094 706 4155 est,
730 4106 789 4159 pure
819 4105 862 4143 me
885 4088 959 4144 docet
1012 4091 1085 4143 mine
1107 4093 1152 4142 tuo
1180 4087 1330 4141 uidebimus
1354 4087 1442 4140 lumen
1470 4084 1553 4154 (Psoi.
1585 4083 1679 4152 xxxa),
1709 4081 1740 4137 id
1768 4078 1843 4134 estin

115 4174 192 4229 lJob.
211 4191 270 4242 vui,
284 4179 344 4246 Ἡ.)
361 4176 549 4248 Omnipotens
562 4182 657 4232 autem
675 4179 761 4232 Filius
778 4177 837 4245 Dei,
854 4177 888 4231 dc
904 4193 961 4248 qno
1017 4177 1088 4231 Filio
1105 4181 1154 4229 tuo
1169 4175 1331 4229 ridebimus
1346 4172 1494 4243 Spiritum.
1513 4173 1627 4226 Necnon
1651 4171 1739 4223 etiam
1759 4168 1785 4222 in
1804 4181 1843 4220 ro-

115 4262 264 4316 Zacbarias
283 4265 341 4319 ait:
359 4268 504 4336 Propterea
531 4268 570 4321 sic
596 4267 664 4321 dicit
690 4269 818 4321 Dominus
839 4269 959 4336 omnipo·
981 4236 1001 4290 ὓ

116 4354 192 4406 lens:
212 4354 273 4407 Post
299 4354 417 4419 pluriam
438 4356 513 4408 misit
542 4371 584 4408 mc
606 4370 687 4425 super
710 4361 800 4422 pentes
817 4357 907 4426 (Zucb.
929 4371 958 4423 ιι,

115 4437 154 4505 b).
173 4439 265 4508 Igitur
282 4440 434 4496 Salomone
449 4442 579 4497 dicente:
595 4444 657 4498 Luc
672 4447 779 4500 Domini
792 4446 908 4514 spiratio
922 4448 961 4498 est

116 4528 252 4581 bominum
268 4528 356 4596 (Pron.
374 4546 420 4594 xx,
451 4533 506 4598 27).
522 4532 583 4586 Eta
604 4533 696 4603 bloyse
726 4533 876 4589 instructi:
897 4534 960 4602 Spi-

116 4617 190 4670 ruuit
216 4619 344 4672 Dominus
370 4621 400 4673 in
423 4619 522 4683 facicm
547 4621 614 4675 Adae
642 4624 818 4691 spirationem
845 4625 917 4689 ntra,
936 4626 961 4675 ct

116 4706 207 4770 piretus
221 4708 301 4760 estin
315 4710 436 4762 animum
458 4712 587 4763 uirentem
605 4709 685 4778 (Gen.
705 4728 733 4777 ιι,
745 4711 773 4780 7)
791 4730 799 4777 ;
813 4711 961 4764 audientes

117 4810 183 4848 vero
202 4801 230 4848 et
242 4795 419 4850 salvatorem
446 4797 607 4852 dicentem:
631 4799 693 4867 Epo
708 4815 767 4854 sum
790 4802 848 4853 uita
865 4801 960 4866 tloun.

117 4898 154 4949 xi,
183 4886 241 4954 25),
270 4890 298 4938 et
324 4886 444 4939 Paulum
470 4885 661 4940 scribentem:
682 4892 734 4942 lar
749 4891 819 4942 enim
841 4890 962 4958 Spiritus

116 4975 178 5026 uitae
194 4972 278 5041 (llum.
299 4989 355 5041 vin,
372 4975 419 5040 ἳ);
442 4979 470 5028 et
487 4991 618 5029 rursum:
639 4977 721 5029 Misit
738 4979 804 5030 licus
828 4977 963 5045 Spiritum

117 5061 181 5114 Filii
195 5065 239 5116 sni
259 5069 287 5115 iu
314 5063 397 5117 corda
418 5069 512 5118 nostra
539 5065 611 5134 (Gal.
635 5080 671 5131 iv,
685 5067 714 5132 6)
731 5079 737 5119 :
755 5066 883 5119 ridentes
911 5083 962 5118 au·

118 5155 174 5202 teni
191 5150 276 5206 ctirun
295 5151 479 5221 Unigenitum
493 5153 726 5207 insulllanteiniu
738 5154 837 5207 lacieni
851 5160 963 5224 aposto·

119 5239 211 5292 lurum
228 5245 256 5294 et
270 5239 412 5294 dicentem
425 5257 432 5295 ι
445 5242 568 5310 Accipite
589 5244 723 5311 Spiritum
738 5248 860 5296 salcetum
873 5245 960 5310 (lauri.

117 5330 238 5396 xx,‘ii);
260 5329 446 5398 spirationem
467 5329 557 5400 igitur
581 5330 642 5384 lr‘ilii
669 5330 698 5384 in
724 5330 839 5402 propria
864 5331 920 5384 sita
935 5335 964 5385 ei

118 5412 274 5468 substantia
292 5424 427 5472 manente
454 5417 590 5488 Spiritum
612 5433 671 5471 esse
689 5418 850 5481 doceamur.
869 5421 900 5474 Et
916 5435 964 5473 ne·

84 5512 86 5517 ·
119 5517 174 5573 que
191 5504 333 5575 genitum,
349 5522 442 5578 neque
462 5510 589 5562 creatum
606 5523 699 5562 essca
722 5508 793 5562 Pilio
809 5509 962 5581 sapiamus,

1016 4265 1095 4320 mine
1111 4263 1224 4318 virtutis
1250 4263 1300 4317 Dei
1322 4262 1482 4332 appellatas
1505 4258 1638 4330 Spiritus,
1655 4263 1685 4312 et
1707 4257 1799 4321 virtus,
1817 4257 1838 4305 et

1014 4352 1156 4425 sapientia
1169 4367 1229 4406 esse
1254 4355 1439 4405 monstratur.
1457 4348 1625 4403 Audivimus
1640 4346 1718 4400 enim
1734 4346 1837 4400 Sabata·

1015 4443 1118 4498 remia
1136 4440 1286 4511 strangulo
1301 4440 1442 4494 dicentem
1464 4436 1611 4506 discipulis
1628 4436 1688 4490 suis
1705 4435 1834 4488 missarum

1015 4549 1075 4587 esse
1091 4531 1228 4603 Spiritum
1251 4535 1392 4595 sanctum,
1421 4527 1471 4598 qni
1500 4525 1585 4580 dicit:
1617 4527 1688 4580 Ecce
1715 4539 1760 4592 epo
1782 4531 1833 4590 prr·

1014 4624 1123 4676 mittam
1143 4620 1345 4688 promissionem
1368 4618 1463 4672 Patris
1478 4620 1529 4670 mei
1543 4631 1625 4684 super
1647 4629 1704 4669 uos.
1732 4614 1834 4666 roscen

1015 4710 1102 4766 sedete
1114 4712 1142 4763 iri
1158 4710 1275 4774 ciuitate,
1287 4707 1369 4761 donec
1383 4707 1539 4760 induamini
1554 4720 1587 4758 cu·
1602 4704 1657 4757 alto
1668 4705 1763 4757 uirtute
1776 4697 1834 4784 (btt-

1016 4817 1088 4864 xxiv,
1103 4799 1158 4868 49).
1175 4799 1207 4851 Ιιι
1223 4797 1338 4850 Actibus
1360 4813 1425 4849 vcro
1455 4794 1648 4865 apostulorum
1672 4791 1745 4845 idem
1763 4787 1834 4839 noni·

1015 4905 1070 4942 nus
1085 4887 1145 4940 ait:
1169 4885 1222 4941 Sed
1241 4886 1378 4953 accipietis
1403 4886 1533 4937 uirtutem·
1558 4881 1758 4949 superueniente
1775 4878 1835 4934 sulit

1017 4991 1062 5030 uos
1076 4976 1185 5044 Spiritu
1209 4978 1302 5027 salicto
1318 4975 1393 5039 (Act.
1412 4988 1431 5038 1,
1449 4971 1487 5039 8).
1507 4970 1564 5024 Hoc
1580 4983 1696 5038 quoqne
1710 4964 1834 5034 impletum

1017 5081 1077 5118 esse
1093 5062 1286 5133 comperimus
1305 5061 1357 5114 sab
1384 5061 1429 5115 die
1454 5056 1709 5129 Quinquagesimae
1733 5053 1836 5107 consum·

1018 5157 1111 5207 matoe.
1128 5156 1183 5206 but
1198 5167 1265 5220 erga
1280 5151 1414 5204 virtulem
1439 5148 1490 5203 Dei
1505 5145 1642 5219 Spiritum
1670 5161 1730 5200 esse
1749 5132 1836 5213 pratilt

1019 5241 1100 5308 mini,
1117 5247 1167 5295 ant
1182 5241 1253 5294 sicut
1268 5239 1408 5294 Sabellius
1430 5237 1616 5306 [taracinam
1644 5250 1709 5290 cirin
1724 5232 1759 5287 sit
1770 5225 1836 5281 virili

1019 5331 1079 5398 Dei,
1102 5331 1235 5384 eumdem
1260 5329 1361 5382 Piliam
1391 5343 1453 5380 esse
1475 5325 1638 5396 praedicate.
1662 5326 1695 5379 Et
1714 5315 1836 5377 audientes
1896 5374 1898 5389 Ι

1018 5419 1137 5474 Paulum
1154 5418 1312 5473 dicentem:
1337 5417 1457 5486 Spiritus
1480 5429 1541 5469 uero
1567 5417 1630 5468 uitae
1647 5417 1759 5482 propter
1773 5397 1837 5478 justi·
1896 5392 1898 5455 ἐ

1895 5464 1898 5505 l

1017 5511 1100 5564 tiam:
1115 5507 1223 5561 iontem
1238 5507 1342 5561 iterum
1355 5502 1657 5577 Spiritusinstruimur
1670 5516 1730 5556 esse
1746 5497 1836 5555 Filium·
1896 5522 1898 5535 ι
