3930 6098
574 259 680 319 uana
699 260 1016 329 mcuanuurouult.
1077 300 1082 309 .
1612 269 1665 323 802

83 395 130 451 ris.
151 393 281 450 Gaudeat
300 391 387 448 tantis
409 392 493 448 tellus
515 391 652 448 irradiata
666 391 760 465 iulgo-
779 391 899 462 Auens,
913 408 1001 464 quam
1015 392 1046 448 in
1061 393 1250 450 substantiam
1263 394 1398 466 pretiosae
1413 394 1499 466 hujus
1526 396 1666 468 lampadis

83 482 184 539 aeterni
211 481 288 553 regis
313 480 466 553 splendore
496 480 649 551 illustrata,
677 482 765 536 totius
819 481 881 552 epis
896 480 1107 536 materedurit.
1124 480 1146 536 Ο
1161 496 1227 537 vere
1248 482 1329 538 beata
1344 481 1415 538 noxl
1433 499 1499 556 que
1523 483 1665 555 exspolia-

101 571 206 626 sentiat
236 569 365 626 amisisse
391 569 552 642 caliginem.
584 572 706 625 Laetetur
737 575 767 625 et
820 569 1028 641 vitAEgyptios,
1045 569 1144 625 ditavit
1164 570 1304 626 Hebraeos.
1329 571 1398 637 Nox,
1418 572 1448 626 in
1473 588 1531 643 qne
1545 572 1667 627 terrenis

88 659 146 714 asia
164 658 239 714 tanti
260 657 378 713 luminis
392 658 530 712 adornata
552 658 721 731 fulgoribus,
738 663 766 713 et
820 657 956 725 coelestia,
970 659 1098 714 humana
1111 659 1214 713 divinis
1227 659 1398 731 Juuguntur.
1416 661 1537 717 Oramus
1555 667 1594 729 te,
1610 660 1666 715 llo-

83 747 225 820 vpulorum
245 746 365 801 vocibus
384 746 445 801 haec
465 747 531 800 aula
550 747 678 801 resultet.
693 747 767 813 Qua·
820 747 908 816 mine,
925 753 958 803 ut
972 747 1135 803 cerensiste
1148 747 1179 801 in
1196 747 1303 802 honore
1317 748 1444 803 nominis
1458 749 1501 804 tui
1516 764 1667 804 consecra-

83 835 217 892 itantibus
236 835 327 901 vobis,
348 835 449 889 iratres
469 835 640 905 charissimi,
657 835 693 890 ad
708 840 766 890 tam
820 841 877 904 tus,
892 837 926 892 ed
941 836 1033 892 noetis
1047 836 1134 907 hujus
1155 835 1309 907 caliginem
1331 836 1546 906 destruendam,
1562 835 1668 892 indefi-

83 925 128 981 icti
143 925 230 996 hujus
245 922 365 979 luminis
383 924 553 991 claritatem,
569 941 627 979 una
641 941 765 993 meeum,
820 926 910 994 ciens,
929 931 1113 997 perseveret:
1136 926 1228 997 hique
1243 908 1273 979 iu
1297 925 1425 980 ordinem
1451 926 1598 980 suavitatis
1618 942 1667 980 ac·

84 1015 98 1070 ti
113 1013 321 1085 omnipotentis
336 1011 564 1069 misericordiam
579 1013 719 1079 invocate,
735 1018 767 1068 ut
820 1020 921 1087 ceptus
936 1013 994 1088 [at.,
1008 1013 1167 1084 accensnsl,
1182 1014 1316 1084 superuis
1339 1015 1528 1069 luminaribus
1548 1014 1667 1069 miscea-

86 1118 106 1158 n
121 1102 194 1158 meis
207 1100 319 1157 meritis
334 1101 409 1156 intra
429 1101 591 1157 Levitarum
612 1117 767 1158 numerum
819 1109 877 1160 tur.
900 1104 1041 1159 Flammas
1060 1103 1123 1174 ejus
1137 1102 1248 1158 Lucifer
1263 1101 1421 1157 matutinus
1446 1102 1582 1157 inveniat.
1605 1101 1668 1169 llle,

84 1197 109 1247 it
129 1206 298 1263 aggregare,
321 1190 440 1245 luminis
460 1191 504 1245 sui
525 1191 648 1262 gratiam
667 1190 768 1245 infun·
822 1193 951 1264 inquam,
968 1192 1080 1248 Lucifer
1094 1191 1143 1263 qui
1160 1191 1252 1246 nescit
1266 1207 1413 1259 oceasum;
1431 1191 1479 1245 ille
1494 1191 1545 1262 qui
1561 1205 1670 1261 regres-

84 1279 127 1336 rei
154 1280 241 1351 hujus
268 1279 353 1334 laude
376 1278 496 1350 implere
525 1277 656 1349 perliciet
685 1277 768 1349 [alios
821 1298 870 1337 sus
885 1282 920 1336 ab
935 1281 1044 1350 inieris,
1065 1281 1193 1337 hnmano
1213 1280 1312 1353 generi
1339 1296 1459 1335 serenus
1479 1279 1582 1334 illuxit.
1603 1279 1669 1333 Pre-

84 1369 181 1442 nplers
199 1367 370 1440 praecipiatl.
389 1369 443 1422 Per
462 1367 617 1423 Dominum
637 1373 767 1423 nostrum
821 1385 922 1426 earnm
935 1385 1005 1442 ergo
1020 1373 1059 1438 te,
1071 1370 1204 1436 Domine,
1220 1374 1252 1425 ut
1267 1385 1320 1425 nos
1333 1369 1542 1433 famulostuos,
1555 1382 1671 1423 omnem

84 1458 187 1513 ristum
212 1457 316 1512 Filium
339 1461 432 1525 turim,
460 1457 510 1528 qui
531 1460 627 1512 tecum
651 1457 719 1512 vivit
740 1460 768 1511 et
823 1458 942 1524 clerum,
965 1464 994 1514 et
1016 1458 1233 1515 devotissimum
1260 1459 1410 1530 populum,
1434 1472 1575 1512 unacum
1596 1471 1672 1527 papa

84 1564 110 1602 rs
123 1547 154 1602 iu
169 1547 280 1602 unitate
295 1545 418 1617 Spiritus
431 1545 531 1599 sancti.
823 1552 921 1602 nostro
938 1547 970 1602 N.
985 1551 1015 1602 et
1028 1546 1237 1618 gloriosissime
1258 1562 1325 1619 rege
1346 1551 1444 1601 nostro
1460 1546 1493 1600 N.
1515 1559 1628 1600 necnon
1643 1547 1672 1597 et

84 1637 122 1692 ria
136 1637 240 1690 secula
255 1634 437 1690 saeculorum.
457 1635 489 1689 ll.
505 1637 606 1688 Anien.
824 1635 950 1690 antistite
963 1640 1063 1690 nostro
1076 1637 1108 1692 N.
1122 1635 1218 1708 quiete
1235 1641 1398 1707 temporum
1419 1650 1563 1696 concesse,
1582 1633 1613 1687 in
1627 1631 1672 1686 his

84 1741 94 1780 a
109 1724 268 1780 vobiscum.
287 1724 320 1779 a.
336 1723 371 1779 Et
386 1738 451 1777 curn
465 1722 574 1792 Spiritu
591 1728 651 1778 tuo.
788 1695 808 1750 Β
823 1723 1007 1797 paschalibus
1024 1724 1137 1796 gaiidiis
1155 1739 1325 1780 conservare
1346 1723 1481 1796 digneris.
1504 1722 1558 1778 Per
1577 1720 1673 1777 [iomi-
1718 1792 1726 1808 ,

89 1813 185 1868 corda.
203 1812 236 1867 lt.
254 1812 397 1866 Habemus
409 1811 445 1865 ad
462 1811 625 1865 Dominum.
824 1829 894 1869 num
909 1819 1040 1868 uestrum
1056 1813 1152 1868 lesum
1168 1811 1313 1868 Christum
1338 1811 1439 1867 Filium
1455 1817 1548 1874 tuum,
1564 1809 1616 1883 qui
1629 1813 1672 1864 te·

86 1916 207 1972 agamus
229 1901 353 1957 Domino
374 1901 433 1954 lieo
457 1906 564 1954 nostro.
588 1900 621 1955 lt.
644 1898 769 1970 Dignum
823 1919 889 1957 cum
902 1902 972 1956 vivit
985 1906 1014 1957 et
1027 1905 1129 1973 regnat
1147 1901 1222 1956 Deus
1243 1900 1274 1955 in
1298 1900 1408 1956 unitate
1433 1900 1556 1973 Spiritus
1570 1898 1670 1953 sancti.

89 1993 141 2045 est.
825 1991 880 2046 Per
893 1990 989 2045 omnia
1002 1989 1106 2044 anciila
1121 1988 1302 2043 saeculorum.
1319 1989 1422 2043 Amen.

103 2077 224 2149 dignum
245 2081 274 2132 et
287 2077 397 2149 justum
412 2080 464 2144 est,
480 2076 652 2133 invisibilem
669 2077 769 2144 Deum,
861 2080 925 2146 (llic
939 2078 1036 2133 desum
1050 2092 1151 2132 numm.
1165 2077 1198 2143 ll,
1216 2077 1260 2140 lll,
1271 2077 1314 2130 lll.
1331 2079 1450 2132 Eretunt
1464 2075 1573 2146 quidem
1587 2075 1673 2129 inhi-

84 2171 150 2222 ηοω
173 2168 296 2233 pamm,
315 2167 475 2239 filiumque
498 2167 560 2238 eju,
587 2165 769 2237 unigenitum
825 2150 885 2205 dice
908 2151 1100 2219 capitulorum,
1120 2150 1167 2203 sed
1189 2150 1300 2204 nonnisi
1322 2149 1428 2202 lectoris
1454 2148 1491 2201 od
1514 2148 1573 2202 otta
1596 2159 1672 2201 reoo·

96 2259 226 2310 nostrum
241 2255 338 2311 lesum
354 2255 509 2322 Christum,
535 2254 678 2328 [sanctum
696 2270 770 2327 quo·
826 2221 908 2274 Μ’
920 2220 1025 2290 mum-i
1239 2291 1261 2342 V

85 2341 147 2417 um]
163 2348 224 2399 toto
238 2345 334 2400 cordis
348 2361 381 2400 ac
405 2345 509 2400 mentis
529 2343 631 2399 ellectu
652 2347 681 2399 et
695 2343 771 2398 vocis

107 2449 271 2505 personare.
299 2434 352 2499 tlui
379 2450 432 2506 pro
457 2433 541 2488 nohis
567 2438 676 2488 aeterno
695 2431 771 2488 Patri

85 2528 143 2578 pum
167 2523 304 2590 mpiger
332 2523 437 2577 peperi,
463 2521 569 2594 piaculi
597 2522 770 2584 cauponem·
863 2505 947 2571 Deus,
972 2503 1022 2575 qui
1039 2503 1270 2559 salutisaelernac
1285 2501 1316 2558 B.
1343 2498 1439 2554 Mariae
1454 2497 1621 2570 virginitate
1632 2497 1674 2553 ie·

85 2612 239 2667 edetersit.
261 2613 326 2667 llaec
345 2616 413 2666 sivnt
431 2612 509 2667 enim
531 2611 601 2666 lesta
616 2611 771 2684 paschalia,
826 2593 920 2648 cunda
950 2593 1078 2647 h¹¹ffl⁸l¹⁰
1111 2591 1212 2663 Sssnffl
1245 2589 1365 2663 llfaefflia
1391 2586 1539 2660 Pf⁸³³fi³²is
1568 2586 1675 2653 tribue,

103 2716 187 2756 vem,
207 2701 256 2756 1110
275 2703 373 2772 Agnus
397 2701 546 2768 occiditur,
568 2700 688 2771 ejusque
707 2715 771 2753 san.
827 2685 1050 2754 quorsumnam
1070 2680 1163 2752 ipsam
1184 2677 1339 2750 pronubis
1360 2674 1537 2731 intercedere
1566 2673 1674 2729 sentia-

85 2794 138 2845 ,ιω
163 2797 375 2846 consecrantur·
405 2791 469 2846 ΗΜ
491 2806 550 2845 „05
574 2795 626 2856 052,
656 2789 686 2843 in
716 2805 774 2860 qu,
828 2783 1071 2839 mus,perquam
1090 2767 1250 2822 meruimus
1271 2768 1418 2820 auctorem
1442 2764 1507 2819 vitae
1522 2763 1676 2834 suscipere,

85 2883 165 2935 ashes
180 2884 294 2934 nostros
317 2878 392 2932 lilios
413 2876 498 2933 lsrael
514 2877 631 2931 eductos
647 2876 773 2930 deterre
828 2853 1408 2914 ⁰⁰¹²¹i¹1¹¹⁰¹⁰⁰³¹f¹²¹¹¹5⁰⁸¹¹¹¹¹Christum·

85 2971 199 3023 tubrum
213 2982 292 3021 mare
308 2967 383 3021 sicco
398 2966 516 3037 vestigio
534 2965 653 3019 transire
670 2963 771 3018 iecisti.
793 2995 814 3051 C
1190 2961 1308 3017 Secreta

88 3072 179 3112 rnox
199 3061 253 3123 est,
277 3072 342 3127 qirae
367 3060 550 3127 peccatorum
573 3053 706 3109 tenebras
725 3070 773 3108 co·
863 3049 1028 3106 Muneribus
1053 3048 1169 3115 nostris,
1199 3048 1331 3118 Domine,
1365 3046 1556 3118 precibusque
1583 3061 1675 3101 susce·

88 3144 267 3200 ominatioue
292 3144 438 3217 purgavit.
464 3145 529 3199 llaec
549 3159 607 3198 nox
635 3147 687 3212 est,
708 3158 773 3215 quea
828 3140 895 3212 ptis,
910 3143 939 3194 et
958 3137 1119 3194 eoelestihus
1137 3152 1189 3192 nos
1208 3136 1317 3192 munde
1332 3134 1486 3207 mysteriis,
1505 3139 1535 3189 et
1553 3134 1678 3190 clemen-

98 3235 265 3290 universum
284 3234 425 3289 niirndum
448 3234 478 3288 in
499 3232 611 3289 Christo
625 3233 774 3287 credentes
828 3234 872 3285 ter
886 3227 1000 3284 exandi.
1018 3229 1081 3282 Per.

85 3324 168 3392 cculi,
189 3329 219 3379 et
243 3323 366 3394 caligine
390 3328 574 3394 peccatorum
593 3326 772 3392 segregatos,
1097 3331 1160 3386 Post
1173 3329 1399 3386 Communium.

85 3413 157 3481 stiae,
186 3413 278 3467 sociat
302 3410 456 3510 sanctitati.
488 3411 550 3466 llaec
579 3426 635 3465 nox
663 3415 717 3479 est,
744 3409 774 3464 in
865 3435 1014 3504 03„on
1030 3451 1205 3507 mmmm,
1229 3432 1351 3489 Domino
1370 3431 1678 3502 Deusnmrvutqui

85 3501 161 3557 ’Μὴ
179 3501 311 3569 ‘'immi'’
334 3505 447 3568 m⁰fl¹⁵r
467 3499 595 3554 Chri⁵¹¹¹⁸
614 3498 650 3553 “b
675 3497 774 3553 inm
828 3526 1009 3581 nativitatem
1026 3525 1141 3580 Domini
1154 3523 1246 3581 nostri
1262 3524 1328 3579 lesu
1347 3522 1452 3579 Christi
1474 3538 1525 3576 nos
1538 3521 1674 3592 trequen-

85 3590 167 3647 ’ΝΜ
192 3590 267 3645 Nihi'
284 3589 360 3644 Μ
383 3589 466 3643 ¹¹⁰bi⁸
486 3588 564 3643 ¹¹⁸³&
576 3586 703 3660 ipmfffit’
720 3586 775 3641 ⁰³³5
828 3621 889 3671 tare
902 3615 1071 3686 gaudemus,
1087 3613 1182 3685 dignis
1195 3611 1471 3677 conversationibus,
1486 3611 1522 3667 ad
1536 3610 1599 3681 ejus
1621 3624 1680 3664 me·

85 3678 209 3734 eluisset.
227 3678 248 3733 0
266 3679 337 3732 mira
357 3678 431 3732 eirca
452 3681 578 3732 nostuae
598 3675 712 3748 pietatis
732 3675 774 3731 di·
828 3719 945 3758 roamu,-
973 3703 1117 3775 pertinere
1143 3700 1330 3757 consortium.
1359 3701 1413 3755 Per
1442 3699 1595 3755 Dominum
1624 3712 1679 3752 no·

85 3766 266 3821 tinellabilis
290 3764 405 3820 dilectio
426 3763 587 3821 eharitatis!
606 3770 637 3817 ut
661 3779 775 3817 servum
830 3797 931 3848 strum.

86 3895 95 3922 ,
120 3855 224 3910 lilium
245 3852 398 3908 tradidisti.
415 3853 437 3909 0
455 3852 539 3908 beata
552 3868 620 3918 uox,
635 3866 701 3922 quac
715 3849 775 3905 sola
1229 3861 1273 3915 vv,

86 3943 128 3998 ire
155 3947 270 4012 tempus
295 3947 324 3995 et
343 3940 442 3995 horam
467 3941 496 3995 in
518 3957 576 4012 qua
595 3940 724 3994 Christus
741 3938 775 3994 ab
999 3981 1134 4022 mmm
1153 3981 1174 4020 n
1193 3980 1262 4021 eost
1280 3979 1382 4021 mm
1401 3978 1508 4018 nomm·

86 4030 224 4086 surrexit!
256 4032 320 4085 llaec
345 4045 401 4084 uox
423 4029 532 4099 est,1de
555 4044 612 4099 qua
636 4028 776 4098 scriptum

86 4135 113 4173 ix
128 4123 162 4175 ut
175 4118 236 4174 dies
254 4117 476 4185 illuminabitur,
491 4122 519 4170 et
533 4132 589 4170 nox
604 4115 777 4171 illuminatio

86 4207 163 4263 liciis
183 4207 264 4261 meis.
294 4207 381 4277 llujus
399 4205 489 4277 igitur
510 4203 696 4259 sanctificatio
721 4219 777 4258 no·

984 2406 998 2433 ⁸
1017 2412 1153 2453 noululca
1172 2413 1180 2450 1
1201 2409 1266 2452 POST
1284 2411 1386 2450 uatus
1406 2410 1510 2449 boulttt.

867 4071 1056 4144 Omnipotens
1070 4071 1243 4145 sempiterne
1259 4071 1344 4137 Dens,
1359 4069 1451 4142 dirige
1466 4057 1677 4125 actus'nustros

830 4160 862 4217 in
886 4160 1064 4232 beneplacito
1086 4166 1146 4227 tuo,
1173 4164 1205 4214 ut
1230 4159 1260 4214 in
1288 4157 1404 4213 nomine
1434 4156 1497 4212 Filii
1521 4155 1565 4212 tui
1585 4155 1681 4211 dilecti

86 4294 230 4362 melem,
251 4294 350 4365 cuppa,
369 4294 455 4361 Imp,
476 4296 504 4348 et
524 4266 995 4347 redditinnnnan.1lm⁶‘⁰⁸m¹¹¹
1019 4249 1103 4305 bouis
1124 4247 1260 4320 operibus
1283 4247 1439 4301 abundare.
1462 4245 1516 4300 Per
1535 4244 1680 4300 cumdem.

86 4382 116 4450 is,
148 4383 257 4438 moestis
287 4382 425 4437 laetitiam.
452 4382 543 4452 Fugat
564 4380 638 4448 odia,
660 4395 777 4434 concor·
1197 4355 1314 4411 secma-

86 4476 118 4539 rt,
135 4477 164 4525 et
182 4476 282 4526 curvat
301 4471 433 4542 imperia.
454 4471 486 4525 ln
506 4470 592 4541 hujus
614 4468 703 4541 igitur
723 4485 778 4522 no·
868 4462 1009 4532 Concede,
1025 4477 1203 4534 quesumus,
1219 4466 1251 4516 ut
1265 4459 1354 4515 oculis
1368 4463 1426 4514 tuae
1439 4456 1599 4528 majestatis
1614 4472 1683 4512 mu-

90 4600 98 4625 ,
114 4561 237 4632 suscipe,
253 4566 348 4615 sancte
366 4561 458 4627 Pater,
476 4558 585 4614 incensi
597 4557 684 4630 hujus
695 4559 778 4612 sacri·
833 4567 888 4607 nus
903 4551 1041 4618 oblatum,
1065 4554 1094 4605 et
1113 4549 1235 4622 gratiam
1261 4548 1344 4603 nobis
1368 4546 1526 4603 devotionis
1544 4544 1683 4614 obtineat,

86 4649 250 4722 ipertinum,
267 4648 344 4720 quod
358 4647 410 4703 tibi
424 4648 454 4702 in
467 4648 521 4703 hac
539 4647 615 4702 cerei
632 4645 777 4702 oblatione
834 4645 862 4696 et
890 4639 1023 4696 ellectum
1055 4639 1146 4694 beatae
1168 4635 1356 4710 perennitatis
1382 4635 1523 4709 acquirat.
1549 4635 1603 4692 Per
1631 4634 1685 4689 llo-

86 4754 124 4794 ier
138 4737 334 4793 ministrorum
359 4737 512 4792 mauusde
539 4736 673 4807 operibus
692 4750 779 4806 apum
834 4730 957 4785 minum.
1318 4798 1324 4810 ἢ

86 4834 110 4881 ta
129 4826 226 4881 reddit
250 4825 381 4881 Ecclesia.
402 4825 456 4882 Sed
475 4823 537 4894 jam
558 4825 701 4879 eoluurnae
724 4823 779 4878 hu·
1109 4797 1409 4854 P⁰⁸²G⁰mm¹⁸⁸⁸⁰⁷³ffll

87 4914 136 4969 nia
150 4914 297 4982 novimus,
311 4931 397 4986 quam
412 4915 442 4969 in
458 4914 569 4968 honore
586 4913 636 4968 Dei
657 4912 780 4967 rutilans
869 4907 924 4962 Per
936 4904 1033 4977 hujus,
1049 4903 1182 4972 llomine,
1199 4891 1398 4975 operation'em
1418 4899 1559 4973 mysterii,
1574 4904 1603 4955 et
1616 4899 1685 4955 vitia

86 5003 167 5058 audit.
188 5003 242 5068 Qui
261 5003 328 5059 licet
347 5003 454 5058 divisus
479 5003 509 5057 in
525 5007 630 5074 partes,
655 5001 781 5056 mutuati
834 5001 934 5051 nostra
955 4999 1129 5066 purgentur,
1154 4997 1183 5048 et
1207 4992 1286 5061 justa
1309 4989 1450 5048 desideria
1470 4988 1682 5060 compleantur.

87 5091 258 5147 detrimenta
285 5108 344 5148 non
364 5092 452 5147 novit.
480 5092 574 5147 hlitur
603 5089 781 5163 liquentibus
836 5086 899 5140 Per.

86 5233 305 5288 ehmbrosiana
316 5244 384 5288 usus
399 5233 481 5298 soret,
497 5233 558 5303 ipse
577 5230 780 5302 descripserit:
871 5236 884 5261 ⁸
894 5227 928 5280 Et
940 5225 964 5279 si
979 5225 1055 5279 solus
1069 5223 1132 5279 eod.
1153 5223 1250 5280 Colon.
1271 5222 1379 5278 librum
1401 5220 1478 5276 hunc
1504 5236 1524 5274 11
1539 5218 1686 5274 contineat

87 5305 134 5358 rim
151 5311 180 5357 et
193 5305 222 5385 in
237 5305 437 5385 llediolanensi
455 5303 606 5386 Ecclesiae
626 5302 693 5358 divo
714 5303 782 5357 bru·
835 5297 987 5424 plerasque
1002 5302 1099 5352 tamen
1109 5311 1210 5377 omnes
1223 5294 1366 5375 orationes
1379 5292 1434 5346 hoc
1450 5293 1522 5346 libro
1535 5295 1685 5371 contentas

87 5379 181 5429 utum
198 5381 353 5444 visitatam,
374 5379 402 5429 et
420 5390 449 5428 ru
467 5376 603 5446 llrspanra
617 5389 734 5447 quoque
749 5389 783 5428 ea
858 5368 944 5423 abent
962 5367 1020 5422 duo
1041 5367 1073 5422 l).
1095 5368 1219 5421 Banours
1242 5366 1380 5420 Canensrs
1401 5369 1430 5416 et
1457 5362 1600 5431 Ultreiect.
1620 5361 1684 5416 cod.

86 5449 163 5501 tatur
187 5446 361 5501 Prudentius
389 5448 496 5516 hymno
524 5461 558 5500 ea
586 5445 621 5500 de
648 5460 680 5499 re
705 5459 781 5498 conr·
