3930 6098
61 257 116 311 ros
427 247 796 314 numennumen.
816 256 1045 315 uuconrona
1066 257 1111 313 ur
1131 256 1304 313 surculus
1324 256 1457 315 neurus.
1693 232 1701 249 '
1762 263 1816 316 210

63 393 138 447 hone
163 393 299 464 mysterii,
323 393 444 461 attritur
458 394 570 460 sanguis
593 393 711 460 Christi,
734 408 788 447 non
807 393 916 462 quidem
934 392 1031 449 htulo
1046 392 1142 447 labore
1156 407 1307 463 perperam
1328 395 1420 449 sudet.
1445 395 1518 459 Quid
1540 396 1617 451 enim
1633 397 1816 468 juratallin·

62 461 199 528 risibilis,
214 463 262 518 sed
275 465 461 532 invisibiliter,
478 468 605 532 operante
619 464 727 532 Spiritu
740 465 798 530 Dei,
814 467 843 520 in
852 466 914 518 oni·
969 464 1200 534 gereltatramno
1210 465 1286 535 quod
1300 465 1447 520 Paschasio
1457 467 1555 521 eedem
1566 468 1709 539 conceptis
1720 470 1814 524 verbis

62 535 116 589 mis
130 537 226 603 uliqrn
237 533 386 589 sacerdotis
401 539 450 589 cut
464 534 562 603 plebis,
577 536 607 588 in
623 535 720 603 quibus
731 535 801 600 fides
817 540 913 602 mpste-
968 534 1103 588 referenti
1129 533 1265 589 adhibere
1288 550 1347 588 non
1370 536 1444 605 potis
1460 539 1521 592 est‘l
1544 538 1656 610 Quippe
1678 540 1719 593 sic
1738 541 1814 595 tatur

62 607 135 658 mum
148 606 347 674 contemplatur
366 609 391 658 et
404 606 609 672 contemplando
623 607 717 674 cathmi.
736 627 749 652 «
764 608 835 659 liam
849 605 915 659 dum
969 605 1136 659 Paschasius
1151 605 1217 659 libri
1232 605 1267 659 de
1283 606 1408 674 Corpore
1421 613 1449 660 et
1472 608 1617 679 Sanguine
1637 610 1751 665 Domini
1770 628 1814 665 ca·

61 675 211 730 visibiliter
223 677 310 730 solum
332 675 363 729 id
378 674 451 740 heri,
467 691 566 743 negare
579 676 696 729 uidetur.
723 678 855 740 vafrities
882 692 914 730 en
968 675 1028 745 pite
1043 680 1076 730 ³:
1095 695 1108 726 r
1121 676 1174 730 Sed
1189 675 1468 746 mysteriumdiclum
1480 683 1520 732 cst
1536 695 1570 732 eu
1581 682 1657 750 quod
1674 686 1812 737 secretam

61 750 102 800 est
116 747 233 801 hominis
245 747 374 814 improbi,
395 762 494 816 corpus
511 761 568 800 esse
580 760 660 817 posse
668 748 718 816 qui
729 752 817 813 neget,
835 751 865 800 ut
879 763 913 800 ec
968 751 996 799 et
1010 746 1188 800 reconditam
1204 747 1232 800 iu
1254 762 1282 799 se
1297 747 1400 801 habeat
1414 747 1638 818 dispositionem.
1656 752 1701 805 Est
1715 758 1812 807 autem

61 816 209 872 Parrhasio
221 823 302 870 antea
316 816 481 880 audiuimus,
497 819 553 871 nisi
563 817 635 884 quod
653 818 792 885 palpabile
805 821 830 869 el
844 819 908 872 uisi·
967 822 1176 870 sacramentnm
1204 817 1233 871 in
1253 817 1408 887 scripturis
1429 818 1533 871 divinis
1549 820 1652 875 nbicnn
1676 838 1711 876 ue
1734 838 1813 877 secer

62 887 115 941 bile
136 890 185 955 sit,
203 892 285 958 acque
305 887 373 943 adeo
391 888 440 943 ubi
465 889 518 943 tale
537 890 650 954 nonsit,
671 888 711 941 ibi
731 888 835 942 nullum
858 902 914 943 esse
967 887 1088 957 Spiritus
1101 886 1235 942 iniisdem
1249 889 1368 942 interius
1379 888 1488 959 aliquid
1503 838 1811 972 efficaciter‘ioquenuo

61 960 180 1014 emnium
967 962 1111 1028 operetur.
1131 958 1185 1013 Sed
1205 965 1383 1012 sacramento
1400 959 1608 1030 Scripturarnm
1629 962 1742 1030 eruditi,
1767 963 1812 1018 di-

409 1043 566 1083 nassonem.
967 1028 1071 1083 vinitas
1090 1029 1231 1082 introrsus
1251 1030 1405 1098 pascimur,
1422 1035 1449 1084 el
1469 1031 1544 1101 pesti
1558 1033 1594 1084 ad
1615 1032 1811 1101 operationem

96 1133 167 1189 Ecce
191 1133 269 1206 quod
285 1133 467 1204 probandum
490 1132 630 1188 incumbit
650 1132 837 1202 dissertatori,
861 1133 912 1188 sci·
966 1103 995 1153 et
1013 1100 1193 1198 ‘iifflpfimm
1219 1099 1323 1154 Chffifi
1343 1101 1503 1183 Frudimiff·
1523 1122 1533 1182 ἶ
1550 1103 1592 1181 ,Et
1607 1101 1635 1155 5¹¹
1653 1102 1710 1155 ¹¹⁰⁰
1725 1103 1810 1184 huin-‘5

61 1203 128 1283 licet
141 1203 197 1285 sibi
212 1205 385 1286 persuasisse
401 1205 591 1285 llatramenum
606 1204 680 1286 hanc
695 1206 910 1289 conuersiunem
964 1174 1127 1295 ffiffidm‘*
1138 1169 1291 1295 ghngsetfflc
1309 1172 1605 1296 ξπξξὲνοῃγὲξῑῗέῑίῗ
1617 1178 1746 1297 Ξῗῗιὲθῑέἒ·
1761 1190 1811 1254 ⁴3⁰¹

61 1291 90 1328 in
120 1274 252 1330 solitaria
276 1278 372 1329 mente
397 1276 537 1330 credentis
554 1275 679 1329 bominis
703 1277 776 1343 herr,
801 1282 830 1329 et
847 1275 910 1346 lnon
1518 1258 1545 1313 8¹
1734 1260 1811 1298 “¹¹⁰⁰

60 1361 121 1471 aa
135 1345 910 1488 setriusisitsuccessurumuu:
965 1313 1812 1466 uuessuuuusrestituamur

60 1487 251 1558 hemum
273 1488 433 1554 paschasio,
453 1488 503 1557 qui
519 1488 558 1540 m
573 1502 635 1558 cap·
662 1487 756 1542 mm
779 1487 814 1541 de
838 1488 910 1542 Cor·
965 1452 1135 1506 sacramenti
1164 1454 1208 1506 sui
1231 1452 1484 1508 sanctificationem
1509 1459 1654 1526 operatur,
1679 1471 1809 1526 quamvis

59 1573 129 1628 pora
145 1563 175 1613 et
183 1557 239 1615 San
262 1558 329 1612 tsine
340 1557 454 1613 Domini
465 1559 604 1630 paglbbt)
620 1574 626 1611 :
640 1578 653 1606 u
669 1557 750 1622 Quod
767 1557 910 1612 sensibilis

59 1644 104 1682 res
119 1573 354 1699 intelligibiliter,
370 1628 474 1682 virtute
488 1627 538 1683 Dei
550 1645 603 1699 per
624 1629 747 1683 Verbum
764 1629 866 1684 Christi
881 1628 908 1682 iu

59 1714 177 1754 menam
193 1700 284 1770 ipsias
300 1704 328 1754 et
341 1700 511 1770 sanguinem
526 1698 733 1754 transierim.»
751 1700 910 1754 Transfer-ri

59 1769 137 1824 enim
152 1774 184 1825 et
207 1772 354 1840 transponi
367 1786 526 1841 synonyme
554 1776 621 1824 snut
644 1774 670 1823 el
693 1771 768 1824 idem
792 1785 909 1840 prorsus

59 1840 234 1911 significant.
255 1841 505 1905 supervacaneum
524 1846 567 1894 est
590 1841 676 1894 etiam
693 1840 788 1895 dicere
812 1841 911 1895 lrarrde

58 1912 134 1965 mala
148 1911 250 1982 negari
265 1928 282 1966 a
296 1912 454 1966 Retramno
468 1911 523 1965 hoc
538 1912 602 1965 lieri
619 1911 704 1966 modo
720 1911 852 1966 sensibus
868 1928 910 1966 ec·

58 1982 252 2046 commodato,
279 1982 432 2052 quineget
453 1998 558 2051 corpus
581 1997 642 2036 esse
662 1982 909 2052 possenisiquod
998 2018 1104 2072 XXXIX·
1130 2017 1265 2083 mades,
1286 1979 1515 2088 inquit‘ibidem
1540 2017 1706 2073 dissermor
1736 2019 1807 2073 Har·

58 2052 390 2193 sistartiis}
413 2053 682 2194 stultitia
697 2052 911 2194 stituit
962 2087 1313 2229 ffipgsogsfigayipp
1324 2087 1808 2227 „zap-,ppgggssgt,35551123

59 2193 175 2248 Domini
192 2210 199 2247 :
217 2214 231 2241 a
247 2194 374 2250 Christus
387 2210 455 2264 ergo
476 2194 556 2249 cibus
570 2199 612 2246 est
626 2195 807 2262 angelorum,
823 2199 851 2248 et
866 2210 909 2247 sa·
962 2231 1044 2283 minis
1061 2231 1186 2297 reliquas
1205 2245 1396 2298 percurramus
1415 2245 1488 2284 num·
1510 2232 1563 2285 56:
1590 2249 1604 2281 α
1624 2232 1701 2286 Num
1720 2234 1809 2284 amem

59 2266 241 2319 “mmmm
265 2263 321 2319 ¹¹⁰⁰
344 2281 413 2319 VERE
436 2281 504 2319 “¹¹⁰
526 2280 609 2319 ’μεως
629 2280 663 2319 Π
682 2279 805 2330 ⁸⁸⁸⁰⁰¹⁵⁹
823 2280 910 2335 quam
962 2302 1028 2367 quia
1040 2299 1107 2369 tides
1123 2300 1441 2370 totumquidquidillud
1460 2306 1544 2355 totum
1556 2303 1666 2369 aspicit,
1684 2305 1710 2357 ct
1724 2302 1809 2356 oculis

59 2335 255 2461 :ffiztaeffffift
270 2336 493 2476 gggffitetesst
505 2334 697 2477 ἒῗὲοἶὶὲᾒὲ·
708 2334 911 2475 ,ffifflpff
963 2375 1053 2423 caruis
1074 2370 1145 2424 nihil
1159 2372 1360 2440 apprehendit:
1381 2372 1500 2440 intetlipe
1514 2371 1586 2442 quod
1602 2387 1655 2426 non
1676 2373 1704 2425 in
1723 2374 1809 2442 specie

59 2480 135 2531 tuale
152 2483 196 2531 est
211 2481 240 2530 et
255 2475 385 2531 divinum
406 2476 436 2530 iu
451 2477 574 2546 eoquod
592 2476 714 2545 percipit
725 2477 821 2530 lromo.
840 2496 854 2527 e
877 2477 910 2530 Et

59 2547 86 2601 in
101 2548 162 2602 line
182 2546 312 2617 ejusdem
336 2548 461 2620 capitis:
486 2546 646 2602 «Bibimus
670 2562 785 2618 qnoque
809 2552 838 2601 et
857 2563 909 2601 uos

60 2619 250 2687 spiritualiter
265 2634 297 2672 ac
319 2619 496 2673 comedimus
518 2617 696 2689 spiritualem
720 2617 824 2674 Christi
848 2633 909 2671 car·

60 2703 136 2755 uem,
163 2688 195 2744 in
224 2704 282 2761 qua
309 2689 367 2743 vita
393 2694 500 2743 esterna
528 2704 589 2743 esse
616 2687 910 2758 crediturzalioqnin

60 2775 158 2829 sapere
181 2761 340 2814 seeundum
364 2775 479 2814 carnem
496 2774 573 2814 mors
589 2765 642 2824 est,
658 2764 686 2812 et
701 2765 797 2814 tamen
813 2774 908 2812 reram

61 2830 164 2885 Christi
189 2845 305 2885 earnem
335 2830 525 2901 spiritualiter
553 2830 699 2901 percipere
723 2830 781 2884 vita
804 2835 910 2883 aeterna

60 2905 107 2953 esi.
126 2920 141 2950 s

966 1538 1017 1576 nec
1031 1522 1090 1576 visu
1107 1523 1231 1577 exterius
1245 1540 1297 1578 nec
1311 1530 1397 1594 gustu
1413 1526 1523 1596 saporis
1537 1525 1808 1596 comprehendetur.

964 1593 1019 1647 Sed
1035 1594 1102 1663 quia
1117 1593 1276 1663 spiritualia
1298 1599 1364 1648 sunt
1378 1595 1435 1650 lide
1450 1601 1479 1649 et
1493 1597 1639 1651 intellectu
1654 1612 1705 1667 pro
1720 1602 1808 1661 certo,

965 1664 1037 1718 sicut
1061 1665 1169 1717 Veritas
1194 1665 1334 1734 praedixit,
1359 1667 1522 1735 plenissime
1549 1676 1712 1721 sumuntur.
1738 1686 1750 1718 e
1780 1668 1810 1721 Si

929 1734 1016 1800 pista
1032 1733 1108 1803 apud
1122 1735 1309 1790 Ratramnum
1332 1742 1516 1791 occurrerent
1531 1753 1633 1806 corpus
1649 1742 1678 1792 et
1692 1737 1808 1808 sangui·

964 1821 1030 1859 nem
1055 1804 1161 1859 Christi
1186 1809 1252 1874 puio
1268 1807 1429 1875 spiritualia
1453 1815 1516 1861 sunt
1538 1807 1608 1877 fide,
1627 1813 1652 1861 et
1674 1809 1810 1862 intellectu

963 1881 1117 1942 sumuntur,
1146 1892 1204 1930 non
1234 1883 1364 1947 parceret
1400 1877 1578 1947 dissertator,
1607 1877 1656 1932 sed
1685 1876 1809 1932 interne·

963 1946 1073 2000 cionem
1090 1946 1205 2000 iaceret.

962 2440 1010 2495 sed
1029 2443 1060 2494 in
1079 2444 1180 2495 uirtute
1197 2457 1294 2510 corpus
1310 2447 1335 2497 et
1357 2445 1470 2510 sanguis
1492 2443 1597 2498 Christi
1610 2444 1731 2496 esistunt
1750 2458 1809 2503 uun

963 2525 1122 2566 cusnusrua
1137 2510 1177 2584 [ln
1194 2512 1321 2566 editione
1337 2513 1437 2567 ultima
1455 2512 1622 2581 hmstelod,
1640 2511 1807 2585 cernunturl.

966 2582 1039 2636 Unde
1058 2582 1131 2637 elicit
1153 2584 1317 2637 Ambrosius
1342 2583 1463 2638 ordinem
1489 2589 1596 2638 nature
1624 2598 1677 2637 nors
1701 2584 1744 2638 hic
1765 2586 1809 2638 in·
1835 2621 1841 2630 .

964 2652 1101 2718 tumidum,
1130 2655 1178 2707 sed
1211 2655 1314 2710 Christi
1340 2656 1488 2723 potentiam
1522 2654 1721 2709 emerendam:
1751 2670 1810 2723 quse

963 2722 1101 2793 quidquid
1123 2726 1182 2778 uult
1208 2725 1339 2793 quomodo
1361 2726 1430 2790 ursit,
1450 2727 1479 2778 in
1502 2725 1679 2794 quodcunque
1701 2725 1769 2790 uult,
1784 2730 1810 2778 et

963 2799 1037 2848 crem
1048 2793 1121 2862 quod
1139 2810 1193 2849 non
1207 2801 1275 2862 erat,
1296 2803 1321 2850 et
1346 2800 1466 2850 creatum
1490 2800 1628 2865 permutat
1650 2794 1724 2848 inid
1738 2795 1811 2865 quod

962 2870 1043 2920 antea
1056 2867 1158 2930 suerat.
1180 2886 1195 2914 υ
1211 2870 1246 2919 tu
1259 2881 1325 2919 reru
1340 2882 1404 2920 cnm
1420 2864 1698 2920 transsubstantiatio
1716 2866 1808 2936 inagis

93 2971 218 3026 mm
235 2973 325 3039 Poma
347 2972 376 3024 in
395 2970 487 3025 eadem
506 2970 607 3037 fraude
629 2985 705 3025 num·
730 2971 774 3025 42
795 2992 809 3020 u
835 2969 910 3025 Unde
963 2935 1107 3005 conceptis
1121 2934 1213 2988 verbis
1227 2952 1313 3005 atram
1330 2937 1375 3003 iis,
1392 2952 1449 2990 uon
1467 2936 1583 3006 quidem
1598 2933 1747 2990 Ratiamni
1760 2936 1809 2991 sed

964 3005 991 3059 S.
1009 3004 1152 3058 Ambrosii
1166 3022 1199 3059 ex
1215 3005 1289 3059 libro
1315 3007 1352 3061 De
1371 3007 1406 3061 iis
1424 3007 1474 3078 qni
1490 3007 1633 3077 mysteriis
1647 3006 1808 3073 initiantur,

962 3074 1097 3145 explicari
1119 3091 1177 3128 non
1198 3076 1296 3144 possit,
1320 3078 1426 3146 placuit
1449 3076 1627 3130 dissertatori
1643 3076 1705 3130 hec
1720 3077 1807 3131 verba
1869 3091 1871 3096 ·

964 3145 1112 3198 cumulare
1135 3145 1345 3199 accessionibus
1364 3146 1482 3216 hujusce
1507 3147 1698 3216 glossematis,
1717 3162 1810 3215 nempe

963 3218 993 3269 in
1013 3216 1178 3270 medentium
1192 3217 1304 3279 animis,
1328 3219 1358 3269 in
1374 3218 1472 3283 quilnrs
1492 3219 1571 3271 Verbi
1585 3217 1676 3270 diuini
1689 3220 1808 3287 petentia

962 3286 1043 3356 pdern
1053 3289 1172 3355 corporis
1187 3292 1211 3342 et
1225 3289 1368 3355 sanguinis
1384 3288 1486 3343 Christi
1497 3294 1571 3343 creat
1584 3290 1708 3358 Spiritus
1720 3291 1810 3342 suncti

962 3359 1067 3427 potenti
1088 3356 1199 3423 uirtute,
1220 3363 1252 3410 ut
1271 3359 1311 3410 ait
1324 3373 1404 3412 num.
1430 3360 1472 3420 54,
1489 3360 1612 3412 namsia
1634 3359 1683 3414 ille
1702 3359 1809 3413 intelli-

60 3044 170 3110 sanpuis
186 3046 213 3096 et
238 3057 335 3112 corpus
358 3043 462 3098 Christi
475 3042 615 3107 dicaretur,
647 3043 747 3110 inquit,
769 3043 836 3110 quia
855 3056 946 3135 raonG

61 3112 130 3180 quod
153 3113 277 3166 euterius
302 3112 440 3178 uidentur,
469 3113 517 3167 sed
537 3112 610 3182 quod
635 3112 749 3166 interius
763 3113 793 3165 in
809 3112 908 3164 animis

61 3183 236 3247 medentium,
256 3182 349 3236 diuino
364 3183 471 3252 Spiritu
492 3181 559 3252 fidei
574 3185 710 3252 operante,
734 3184 811 3248 factu
835 3184 908 3245 suut,

62 3253 911 3394 ttt‘ttaitttttlttt‘tittlt‘ttttttti

63 3395 301 3534 ttttt‘ttts
318 3394 911 3533 titillasset-tutte.litui
963 3428 1810 3569 tttitttttttttttttttdttttt⁰itt.tttttitt

63 3537 96 3590 ris
110 3541 137 3591 et
149 3537 297 3604 sanguinis
312 3536 416 3594 Christi
430 3540 461 3590 ut
475 3541 572 3606 poscat
581 3539 702 3598 animam
716 3539 742 3590 et
751 3537 909 3604 sicilicula
963 3573 993 3623 m
1017 3573 1114 3637 specie,
1141 3571 1197 3622 siue
1217 3572 1246 3623 in
1260 3573 1436 3640 proprietate,
1459 3572 1504 3625 hoc
1531 3576 1570 3625 m
1593 3573 1751 3640 inpropm
1765 3584 1808 3625 es·

406 3674 561 3714 mmm
963 3640 1126 3706 sustinead
1148 3642 1177 3692 in
1190 3642 1305 3705 virtule;
1326 3656 1408 3708 quam
1431 3641 1507 3695 illius
1530 3656 1561 3695 ac
1577 3643 1708 3696 similium
1722 3656 1811 3696 vocem

963 3714 1033 3764 recte
1047 3710 1210 3763 Paschasius
1221 3713 1335 3779 corripit
1349 3714 1377 3764 in
1394 3717 1475 3779 caput
1495 3727 1558 3765 xxvi
1575 3715 1665 3766 suncti
1676 3712 1809 3768 Matthaei.

92 3783 169 3839 liihil
199 3782 283 3839 deest
314 3783 607 3854 interpretationibus·
631 3799 664 3837 ac
687 3782 817 3837 sensibus
839 3798 910 3852 quus
965 3780 1073 3837 allude
1087 3781 1178 3842 miror,
1200 3783 1300 3847 iuquit,
1318 3781 1386 3850 quid
1400 3785 1488 3835 uetuit
1502 3797 1573 3835 nuuc
1589 3783 1703 3850 quidam
1723 3782 1811 3836 dicem

64 3854 210 3910 listramni
225 3852 321 3909 verbis
336 3854 447 3910 inducit
461 3854 639 3918 dissertator,
664 3859 771 3923 prater
791 3853 847 3906 vim
868 3868 911 3906 ar·
964 3866 1017 3904 non
1038 3853 1068 3904 iu
1082 3866 1111 3904 re
1131 3864 1187 3904 esse
1199 3853 1341 3905 ceritatem
1364 3852 1456 3905 cornis
1475 3852 1583 3905 Christi
1599 3854 1641 3906 uel
1655 3855 1808 3920 sanguinis,

63 3924 190 3993 gumenti
202 3924 273 3979 certi
284 3925 396 3995 cuiuso
418 3924 562 3979 edelendi
576 3941 608 3979 uc
623 3924 775 3979 sustentari
790 3922 908 3995 possint.
963 3921 1011 3976 sed
1026 3923 1054 3974 in
1073 3926 1260 3975 sacramento:
1282 3923 1410 3975 virtutem
1431 3922 1578 3990 quamdam
1597 3924 1696 3988 carne,
1717 3927 1743 3976 et
1757 3937 1810 3976 riou

63 3995 113 4050 llos
147 4011 219 4049 sero
246 3996 368 4049 faciliter
394 3942 572 4067 iiliciterqne
596 3995 773 4066 precederel.
801 3995 824 4047 si
849 3995 910 4048 haec
964 4007 1092 4046 carnem:
1111 3993 1237 4045 uirtutem
1257 3993 1317 4057 tore
1337 3994 1479 4059 sauguinis
1503 3996 1528 4046 et
1553 4008 1605 4046 nora
1630 3995 1808 4063 sanquinem:

63 4068 155 4132 rerba,
179 4069 210 4120 in
230 4068 329 4120 animis
352 4067 518 4121 credentium
542 4071 568 4120 et
592 4068 696 4135 spiritu
718 4065 792 4135 fidei,
819 4065 909 4118 textui
962 4066 1079 4131 liguram
1098 4068 1122 4116 et
1136 4077 1190 4116 uon
1203 4066 1356 4131 veritatem,
1372 4063 1496 4116 umbram
1510 4068 1535 4118 et
1547 4077 1601 4116 nou
1618 4077 1724 4132 corpus.
1739 4062 1810 4117 Herc

64 4136 211 4192 datramni
233 4153 384 4208 perperam
405 4143 512 4201 assuta,
535 4137 563 4191 in
588 4136 778 4205 autographo,
795 4151 854 4189 nou
879 4134 909 4188 in
963 4136 1051 4188 uirtus
1077 4135 1152 4201 signi
1174 4137 1280 4187 tantum
1301 4139 1350 4199 est,
1377 4137 1505 4202 quoniam
1526 4134 1649 4204 symbola
1667 4148 1764 4204 corpus
1785 4137 1810 4187 et

61 4208 176 4263 cerebro
201 4206 404 4271 dissertatoris,
427 4208 576 4263 inventum
603 4207 750 4262 haberent.
771 4207 825 4260 Sed
844 4222 908 4259 curn
963 4206 1122 4271 sauguinem
1136 4207 1225 4258 animo
1239 4210 1472 4273 representans.»
1551 4228 1554 4233 >

63 4278 89 4331 in
109 4277 230 4334 cilicina
248 4276 439 4333 dissertatoris
455 4278 591 4333 fabricata
606 4278 673 4344 sint,
694 4278 792 4331 eadem
817 4276 910 4347 potuit

63 4349 148 4404 textui
166 4348 310 4403 paschasii
329 4349 396 4419 jure
415 4349 522 4403 falsarii
544 4350 680 4412 inserere,
708 4364 832 4418 eumque
855 4349 909 4401 lue·

64 4420 128 4473 rasis
142 4423 174 4474 et
188 4419 357 4474 cavillarum
379 4419 527 4474 listramni
547 4419 706 4483 criminari;
733 4431 764 4472 m
787 4434 818 4471 es
841 4417 907 4472 snb·
928 4408 950 4463 D
999 4415 1155 4470 llorribiles
1175 4416 1295 4470 assumit
1316 4432 1349 4470 er
1364 4417 1408 4470 his
1426 4416 1494 4471 locis
1507 4416 1675 4472 dissertator
1694 4418 1810 4471 conclu·

60 4489 141 4558 jectis
171 4489 265 4544 serbis
293 4490 448 4553 Paschasii,
476 4490 582 4561 quibus
609 4489 743 4559 adjuncta
772 4488 906 4558 reperies,
964 4486 1225 4552 siones3etrerera
1241 4486 1391 4542 dubitandi
1413 4487 1492 4542 loeus
1508 4504 1567 4541 non
1588 4488 1772 4558 relinquitur,
1788 4489 1811 4541 si

65 4559 161 4614 lectori
188 4560 353 4631 intelligere
384 4561 465 4615 lacile
488 4564 541 4626 est,
565 4560 704 4628 excerptis
730 4577 762 4613 ex
778 4559 910 4684 capital
964 4556 1137 4611 adamussim
1156 4561 1240 4610 rectu
1265 4557 1383 4611 rationis
1406 4558 1584 4612 deducantur
1607 4560 1811 4628 explicationes

65 4630 125 4685 libri
150 4630 188 4685 de
214 4630 340 4702 Corpore
363 4636 392 4686 et
413 4631 468 4686 San
511 4631 558 4685 ine
584 4631 708 4686 Domini.
731 4649 745 4681 a
766 4631 801 4685 Se
842 4629 909 4701 quia
964 4644 1028 4700 qna
1051 4627 1096 4681 his
1110 4626 1183 4681 bene
1197 4627 1370 4682 conveniant
1384 4644 1416 4682 ae
1432 4627 1497 4684 fida
1513 4630 1578 4698 sint,
1595 4631 1666 4700 quin
1681 4630 1812 4685 listrens-

65 4701 206 4756 Christum
221 4702 316 4756 vorari
334 4702 376 4757 las
396 4702 473 4757 denti
496 4718 528 4755 us
550 4717 607 4756 non
624 4708 676 4767 est,
700 4701 789 4754 voluit
803 4701 832 4755 in
846 4700 910 4754 ani·
964 4715 1028 4765 nus,
1045 4697 1211 4751 siveauctor
1225 4698 1288 4752 libri
1302 4699 1337 4753 de
1349 4700 1472 4770 Corpore
1487 4705 1516 4754 et
1525 4701 1670 4771 Sanguine
1683 4701 1809 4765 Domini,

66 4771 310 4827 miscrsdentium
332 4772 408 4826 hunc
423 4789 526 4844 panem
540 4780 567 4826 et
590 4774 687 4827 vinnm
708 4787 772 4825 vere
796 4786 910 4825 carnem
964 4770 999 4823 ad
1026 4785 1112 4839 quem
1139 4769 1275 4823 luendum
1301 4771 1373 4823 hanc
1392 4770 1621 4825 lucubrationem
1647 4773 1811 4843 scripsimus

66 4858 142 4897 snam
165 4848 194 4896 et
206 4843 378 4913 sanguinem
394 4844 607 4898 consecratione
622 4843 745 4897 Sesamus
759 4858 829 4896 rinei
845 4858 910 4895 san·
965 4841 1098 4895 haeresim
1133 4840 1325 4894 calvinianam
1356 4847 1431 4894 arete
1460 4845 1565 4896 teneat.
1591 4844 1740 4898 Enimvero
1759 4857 1811 4894 nec

65 4913 100 4967 sti
112 4913 312 4984 potentialiter
326 4915 426 4968 creari.
444 4919 511 4968 »Aa
527 4929 612 4968 ovum
629 4915 683 4968 erit
697 4930 749 4966 ovo
768 4913 912 4967 similius?
965 4911 1131 4980 castigatius
1146 4926 1199 4964 nec
1212 4910 1374 4981 elegantius
1390 4912 1532 4981 ejusmodi
1549 4915 1665 4968 haeresis
1689 4911 1809 4980 exprimi

95 4983 234 5039 xxxviii.
250 4986 369 5041 Rursum
384 5000 459 5038 num.
489 4983 654 5055 lilpagina
671 4987 721 5038 nst
742 4983 810 5037 edit.
829 4986 911 5037 huis·
966 4987 1015 5035 ant
1041 4980 1186 5035 enuntiari
1214 4987 1308 5051 potest
1336 4998 1421 5053 quem
1449 4983 1492 5037 hia
1520 4985 1657 5038 vocibus:
1685 4981 1811 5047 intellige

66 5054 162 5120 istud,
191 5054 282 5108 Paris.
299 5054 375 5124 tel),
401 5076 413 5104 ι
437 5055 509 5120 Quid
524 5057 623 5110 isthinc
647 5054 830 5125 perdocemur,
858 5056 913 5108 nisi
966 5052 1038 5121 quod
1055 5068 1110 5106 non
1134 5054 1165 5105 iu
1185 5054 1393 5120 spectassem
1411 5056 1513 5108 virtute
1535 5069 1631 5122 corpus
1654 5058 1679 5105 et
1698 5054 1810 5118 sanguis

67 5124 136 5193 arod
155 5139 255 5193 corpus
268 5130 295 5180 et
308 5127 421 5193 sanguis
437 5127 548 5180 Domini
564 5132 708 5194 propterea
725 5127 854 5192 mysterio
869 5125 912 5178 di·
966 5123 1074 5178 Christi
1095 5124 1216 5177 esistunt
1235 5138 1294 5190 qua
1317 5139 1486 5180 cuanuurun.
1512 5126 1580 5178 Nam
1598 5130 1742 5193 utcunque
1766 5137 1811 5176 res
1840 5174 1841 5177 ,

67 5201 161 5250 amnas
185 5195 259 5265 quod
276 5200 405 5251 semeiam
428 5201 454 5250 et
472 5197 639 5251 reconditam
659 5196 775 5249 habeant
795 5195 914 5265 disposi·
967 5194 1023 5247 siut
1040 5215 1053 5242 u
1073 5193 1097 5247 si
1113 5208 1216 5263 corpus
1232 5199 1260 5247 et
1279 5196 1474 5265 sanguisque
1488 5196 1643 5249 creduntur
1657 5192 1686 5247 iu
1703 5192 1811 5247 Eucha-

69 5267 173 5331 tionem.
201 5266 234 5320 id
259 5271 299 5322 est
318 5266 396 5322 aliud
418 5269 475 5322 sint
494 5267 566 5336 quod
585 5269 705 5322 euterius
733 5269 860 5331 innuant,
889 5270 915 5319 et
967 5264 1056 5329 ristie,
1080 5265 1110 5318 in
1134 5264 1239 5318 virtute
1254 5265 1379 5320 existunt
1400 5273 1429 5320 et
1444 5281 1501 5320 non
1517 5265 1545 5318 in
1568 5263 1673 5333 specie,
1695 5270 1811 5333 sumpto

69 5337 142 5391 aliud
156 5337 232 5406 quod
246 5337 424 5393 invisibiliter
441 5343 594 5407 operentur.
612 5357 625 5389 s
642 5339 707 5392 llaec
724 5338 843 5390 assumit
857 5336 914 5390 dis-
968 5335 1084 5389 nomine
1103 5350 1156 5404 pro
1172 5335 1294 5389 essentia
1309 5341 1337 5390 el
1353 5337 1528 5406 proprietate
1550 5339 1668 5400 natnroe,
1686 5354 1700 5387 r
1717 5350 1812 5389 eccam

68 5413 188 5463 unctor
201 5423 237 5463 ex
252 5408 409 5463 listramno
432 5415 463 5462 ut
479 5409 506 5462 ei
521 5408 643 5462 ascribet
666 5407 833 5477 opinionem
857 5422 915 5477 quia
968 5406 1096 5460 videmus
1108 5421 1211 5475 puram
1227 5411 1254 5459 et
1269 5422 1371 5476 puram
1385 5405 1516 5462 baeresim
1527 5405 1747 5462 Calvinisticam.
1758 5405 1813 5461 Sed

70 5478 164 5534 medas
177 5479 314 5548 mysteria
335 5479 457 5534 interius
477 5478 543 5534 fleri
562 5494 614 5549 per
630 5479 717 5534 tidem
734 5477 916 5533 invisibiliter
970 5476 1065 5531 nescio
1088 5492 1145 5547 quo
1165 5493 1232 5530 casn
1257 5476 1311 5530 sibi
1336 5478 1390 5546 ipsi
1413 5479 1578 5531 dissertator
1598 5479 1695 5531 oculos
1717 5476 1812 5531 inteli-

70 5554 202 5619 agsntsm
216 5548 249 5604 in
261 5556 357 5604 mente
371 5549 560 5605 medentium.
969 5547 1039 5602 citer
1053 5546 1150 5602 effodit
1166 5563 1239 5619 quus
1259 5547 1295 5602 ad
1315 5563 1396 5601 num.
1413 5550 1458 5613 bb,
1478 5547 1617 5618 applicuit
1634 5548 1666 5602 in
1680 5565 1737 5620 quo
1753 5548 1813 5601 hsec

970 5633 1054 5673 voces
1082 5633 1143 5679 uua
1174 5633 1336 5673 casnunrua
1369 5618 1537 5688 neanuam
1571 5618 1732 5684 incurrunt,
1764 5617 1814 5672 sed

413 5670 570 5712 mmmm·
970 5693 1087 5744 econtra
1102 5689 1147 5744 hse
1167 5705 1228 5750 oue
1250 5703 1419 5753 ceauauruu,
1447 5704 1512 5760 qum
1535 5705 1652 5745 sensum
1674 5689 1757 5744 valde
1770 5687 1816 5742 di·

102 5760 161 5818 lioe
173 5759 318 5818 insumit
335 5760 518 5834 probandum
537 5761 725 5829 dissertatori,
741 5759 839 5833 sedin
853 5764 917 5816 tan·
970 5773 1085 5813 versum
1099 5763 1127 5814 et
1146 5757 1314 5814 catholicum
1330 5758 1504 5829 signiliaant.
1525 5761 1631 5817 iterare
1646 5759 1723 5815 enim
1739 5755 1818 5828 qnod

1310 4326 1465 4365 uuaeoustu.
