3930 6098
137 250 188 303 5³7

810 249 995 307 lNDICULUS
1014 252 1221 310 aestuosos.

1837 248 1889 312 538

134 379 278 434 munda.
291 379 364 434 Dicit
377 379 455 435 enim
470 379 499 433 in
514 379 572 433 tine
587 377 740 433 voluminis
754 395 761 434 :
775 380 985 435 Pertrarssibrmt
1002 383 1026 436 A
1041 381 1137 448 habet,
1161 384 1206 437 vel
1225 399 1284 438 non
1308 383 1410 439 habeat
1428 384 1686 456 concupiscentiam
1713 385 1888 443 feminarum

132 469 262 537 plurimi,
285 474 311 523 et
323 469 467 539 multiplea
485 471 537 523 erit
555 471 668 523 seientia
691 469 774 537 (Due.
796 485 845 535 ru,
868 467 896 538 4)
914 485 920 523 :
938 469 985 525 di-

133 557 300 612 versitatem
320 558 503 612 tractantium
525 573 652 628 praesago
680 558 784 628 spiritu
799 559 924 628 nuntiat,
957 565 986 614 et

132 662 194 700 non
209 646 396 713 stolidorum,
419 647 469 700 sed
488 646 671 718 sapientium,
688 647 895 702 commentaria
912 664 985 718 prae-

131 736 274 806 figurans.
292 735 435 806 lluttiplex
451 751 576 806 namque
591 735 646 789 erit
659 735 787 802 seientia,
812 735 880 790 dum
904 735 986 791 multi

129 838 193 876 non
209 829 352 893 errantes,
369 825 418 879 sed
433 824 619 879 discutientes
635 824 818 895 opinaverint
832 825 931 891 multa,
957 830 987 881 et

128 911 313 966 diversarum
337 918 501 983 temporum
526 929 618 968 causae
643 929 700 967 uno
725 913 831 968 inerint
855 914 986 968 revelatae

127 1016 281 1056 sermone.
306 1003 385 1056 Unde
408 1007 436 1056 et
458 1002 561 1074 opinor
586 1001 753 1056 sublimaria
777 1001 987 1073 significatione

125 1088 307 1160 figurarum,
337 1096 366 1144 et
390 1090 542 1161 multiplici
571 1089 737 1144 inductione
762 1091 985 1160 problematum,

125 1193 220 1232 unam
236 1179 420 1250 eamdemque
432 1195 492 1233 rem
507 1178 665 1247 sepissime
677 1178 824 1232 multoties
835 1180 985 1249 repetitam

122 1270 156 1320 et
171 1266 208 1321 in
231 1267 326 1322 tribus
340 1273 369 1322 et
384 1273 510 1338 quatuor
530 1267 600 1321 loeis
617 1268 669 1321 sub
687 1267 744 1320 alia
757 1271 843 1338 atque
871 1269 988 1338 longea

120 1355 225 1425 priori
241 1356 455 1411 monstrationis
469 1356 563 1424 ligura
588 1355 728 1425 idipsum
752 1357 829 1426 quod
849 1355 987 1425 primitus

119 1444 270 1514 figurare.
293 1445 325 1499 Et
339 1445 393 1499 boc
408 1444 437 1498 in
458 1444 591 1499 omnibus
612 1444 749 1514 operibus
763 1445 934 1514 prophetiae,
956 1448 987 1498 ut

117 1533 250 1604 opinor,
262 1532 346 1587 debet
360 1531 494 1603 intelligi,
510 1538 539 1586 et
552 1533 605 1586 sub
617 1532 695 1586 varia
710 1533 865 1602 repetionis
894 1533 988 1602 speeie

115 1619 222 1674 totius
236 1620 376 1691 temporis
395 1636 495 1674 causas
507 1636 565 1674 nno
582 1620 743 1691 prophetias
768 1621 843 1674 libro
860 1621 985 1691 signare.

1039 472 1151 527 dicente
1164 471 1290 542 Aquila:
1308 472 1338 526 tit
1353 488 1440 543 snper
1455 474 1545 527 Druna
1560 480 1675 544 patrum
1691 491 1807 529 suorum
1830 491 1887 531 non

1040 560 1200 632 intelliget:
1218 566 1246 616 et
1260 577 1346 630 super
1370 561 1631 632 concupiscentiam
1648 564 1832 633 laminarum,
1860 569 1889 618 et

1040 665 1126 720 super
1141 666 1257 704 omnem
1276 651 1365 703 ileum
1384 666 1442 704 uon
1461 651 1624 722 intelliget:
1647 653 1753 723 quibus
1781 653 1886 720 verbis,

1041 744 1073 792 ut
1096 739 1165 808 dini,
1190 745 1221 794 et
1243 739 1349 793 babere
1366 755 1432 792 euin
1448 740 1737 811 inconcupiscentiam
1765 742 1888 797 femina-

1040 843 1115 894 rum,
1132 833 1159 881 et
1173 843 1230 882 non
1245 827 1351 882 babere
1362 827 1632 898 intelligitur;quod
1643 830 1729 884 dubie
1742 831 1807 885 ideo
1822 845 1888 885 reor

1040 916 1165 987 positum
1178 932 1249 980 esse,
1266 921 1297 969 ut
1309 921 1445 987 utrosque
1462 931 1519 969 unu
1532 931 1617 970 sensu
1633 918 1780 973 sententia
1792 918 1887 972 seien-

1040 1005 1118 1058 tibus
1133 1005 1268 1076 aperiret.
1286 1004 1399 1060 Scilicet
1415 1005 1444 1058 in
1460 1004 1513 1058 hac
1533 1005 1661 1075 priorem
1685 1006 1806 1060 bestiam
1821 1023 1887 1062 con·

1041 1093 1245 1164 cupiscentiam
1267 1094 1441 1147 feminarum
1466 1093 1621 1154 affirmans,
1642 1101 1670 1148 ct
1688 1094 1717 1147 in
1733 1095 1888 1166 posteriore

1041 1198 1099 1235 non
1124 1182 1215 1235 inesse
1239 1182 1396 1248 declarans,
1413 1183 1481 1236 dum
1502 1187 1531 1236 et
1547 1181 1696 1236 habereut
1711 1199 1769 1237 uon
1784 1184 1889 1239 babere

1040 1286 1099 1325 uno
1114 1270 1312 1340 intelligentie
1336 1275 1430 1340 potest
1453 1269 1576 1341 intelligi
1589 1277 1680 1325 tractu
1699 1288 1705 1326 :
1724 1287 1776 1326 nec
1792 1272 1835 1325 iac
1847 1277 1890 1327 est

1042 1366 1073 1413 ut
1083 1360 1274 1414 discordantia
1289 1376 1410 1430 operum
1428 1361 1479 1414 uui
1489 1359 1651 1430 assignetur
1666 1376 1808 1432 personae,
1828 1361 1888 1427 sed,

1042 1454 1074 1502 ut
1090 1448 1157 1515 diri,
1172 1448 1213 1502 ita
1229 1464 1285 1502 tino
1310 1448 1451 1502 sermonis
1479 1453 1558 1502 textu
1583 1464 1672 1502 tinum
1699 1448 1817 1514 indicat,
1835 1453 1889 1503 ut⁰

1042 1537 1130 1590 alium
1146 1551 1205 1590 non
1221 1535 1364 1590 dimittat:
1380 1536 1419 1589 ita
1433 1535 1560 1606 priorem
1574 1553 1667 1591 sermo
1681 1536 1747 1591 ferit
1763 1537 1889 1607 prephe-

1042 1624 1123 1686 ticus,
1151 1623 1338 1677 novissimum
1368 1624 1507 1677 intactum
1532 1623 1644 1677 divinus
1669 1639 1725 1678 non
1746 1623 1890 1695 relinquat

115 1708 200 1773 011ae
220 1708 374 1775 sententia,
391 1708 414 1762 si
428 1708 514 1778 digna
529 1713 558 1762 et
572 1708 663 1762 amica
679 1713 774 1761 mente
786 1708 986 1777 perpenditur,
1041 1712 1169 1782 spiritus.

116 1812 188 1850 non
215 1812 251 1851 ex
274 1797 329 1850 bac
352 1797 538 1868 generatione
567 1796 666 1852 livoris
693 1795 916 1866 improbabitur,
938 1795 986 1849 sed

114 1884 472 1940 evidentiumcausarum
489 1885 638 1939 eventibus
660 1885 860 1939 confirmatur.
880 1885 913 1938 Et
932 1884 986 1939 isto

111 1973 336 2045 intelligentiae
362 1989 467 2043 gauere
492 1973 665 2039 confirmati,
688 1990 722 2026 eo
748 1989 902 2044 possumus
926 1972 987 2026 sine

112 2079 232 2118 errore
247 2062 416 2132 precedere,
432 2069 464 2117 ut
483 2078 542 2117 non
562 2063 657 2117 solum
673 2062 827 2133 propbetas
848 2062 987 2131 temporis

1076 1803 1121 1855 23.
1134 1800 1280 1868 Convenit,
1297 1804 1326 1854 et
1337 1800 1403 1854 satis
1422 1805 1453 1855 ut
1474 1815 1537 1854 reor
1552 1799 1661 1871 optime
1677 1798 1818 1870 congruit,
1835 1797 1890 1852 hoc

1040 1888 1071 1942 in
1086 1890 1147 1943 loco
1163 1888 1265 1942 horum
1276 1887 1407 1958 gentium
1419 1887 1591 1942 deridendos
1614 1886 1751 1941 recensiri
1766 1901 1889 1953 errores,

1041 1977 1180 2048 omnique
1196 1975 1323 2030 Ecclesiae
1346 1992 1397 2046 pro
1420 1974 1613 2030 exsecratione
1637 1973 1787 2030 habendus
1806 1989 1890 2044 erpu-

1041 2081 1110 2120 nere
1132 2065 1246 2120 fetores.
1269 2064 1395 2118 Tradunt
1423 2065 1499 2118 enim
1524 2069 1553 2118 et
1574 2063 1656 2135 quasi
1684 2062 1890 2117 exclamatione

109 2152 264 2223 ipsorum
276 2151 405 2206 dieamus
419 2152 522 2222 spiritu
538 2150 634 2206 divino
649 2151 807 2217 nuntiasse,
821 2166 885 2222 quae
908 2156 988 2220 gesta
1041 2154 1157 2224 egregia
1175 2153 1350 2223 importunis
1378 2153 1509 2222 garriunt
1533 2150 1701 2222 disciplinis,
1726 2150 1803 2203 bunc
1823 2149 1890 2203 ille-

107 2246 209 2302 sunt,
220 2241 502 2295 sedetiamomuium
513 2241 682 2295 secutorum
696 2256 761 2312 quae
773 2240 988 2311 gerendaerant
1041 2259 1105 2296 rum
1121 2241 1262 2297 amasium
1272 2240 1432 2296 femellario
1447 2256 1534 2310 opere
1547 2245 1716 2310 occupatum
1731 2253 1791 2308 prae
1807 2243 1889 2291 caete-

108 2328 988 2400 evidentissimepraesagasseutsermudivinusiunocenter·
1041 2333 1080 2386 ris
1109 2331 1275 2386 hominibus
1303 2330 1476 2386 afrodisiaed
1503 2329 1660 2384 obtinuisse
1686 2329 1833 2392 virtutem,
1863 2330 1891 2381 et

106 2425 152 2474 tu
164 2419 317 2473 sermonis
324 2418 513 2473 tutiussaeculi
527 2424 684 2488 exponeret
697 2434 805 2472 causas.
817 2417 921 2472 Eceein
933 2418 986 2471 lla·
1041 2421 1281 2476 abundantiorem
1300 2420 1434 2475 ominbus
1454 2436 1471 2474 a
1491 2420 1548 2474 Deo
1572 2435 1624 2473 suo
1639 2418 1682 2472 illi
1701 2434 1753 2488 pru
1769 2431 1890 2471 munere

104 2507 222 2562 bacuc
240 2513 342 2562 contra
352 2508 612 2562 Nabuchodonosor
622 2523 717 2561 sermo
735 2507 881 2578 dirigitur,
907 2506 988 2561 omni
1041 2510 1136 2566 datam
1172 2510 1289 2563 Veneris
1311 2509 1488 2563 voluntatem
1505 2519 1524 2572 ⁶,
1545 2508 1744 2579 liquoremque
1769 2506 1891 2578 spurcis·

104 2597 226 2650 vicina
251 2600 281 2649 et
303 2601 494 2649 consentanea
516 2611 581 2649 mox
597 2594 706 2648 clarum
731 2593 895 2648 videntibus
916 2610 986 2664 ape·
1041 2599 1105 2652 simi
1122 2598 1217 2669 operis
1232 2604 1261 2652 et
1272 2598 1427 2663 largiorem
1441 2597 1552 2652 ceteris
1568 2596 1712 2663 babuisse,
1729 2600 1757 2649 et
1771 2594 1891 2650 faciliori

102 2686 205 2740 titur
219 2693 245 2751 ⁸,
262 2700 338 2739 neca
360 2684 475 2739 tramite
490 2683 618 2739 veritatis
633 2683 785 2752 errabitur,
802 2683 826 2736 si
857 2683 987 2754 prophe·
1040 2687 1142 2742 effectu
1166 2687 1202 2741 ab
1223 2686 1286 2741 aliis
1306 2686 1481 2758 digessisse:
1508 2685 1676 2756 fluxumque
1690 2684 1721 2738 in
1736 2684 1843 2738 coitum
1863 2686 1892 2737 et

104 2775 163 2828 tia
179 2772 342 2827 adversum
357 2772 506 2829 Chaldaeos
528 2772 645 2839 directa,
674 2771 704 2826 in
720 2788 769 2826 eos
789 2771 888 2826 itidem
903 2788 988 2841 expo·
1041 2776 1179 2845 vigorem,
1195 2775 1254 2828 imo
1273 2775 1395 2844 copiam,
1422 2773 1451 2826 in
1471 2773 1625 2827 femineam
1642 2772 1791 2826 libidinem
1812 2786 1892 2825 exer-

104 2869 228 2917 natur.
249 2862 308 2915 Hoc
321 2861 428 2932 qnippe
452 2861 544 2932 magis
558 2861 691 2931 congruit
709 2860 859 2930 sapientire
882 2860 941 2926 Dei,
959 2864 988 2914 et
1040 2864 1159 2917 cendam
1176 2863 1368 2933 quadraginta
1382 2862 1510 2916 virorum
1526 2879 1543 2915 a
1557 2861 1668 2933 superis
1683 2861 1724 2915 illi
1740 2860 1827 2914 luisse
1846 2860 1892 2913 de-

110 2951 277 3006 catholieo
293 2950 338 3003 eui
359 2949 498 3004 servimus
512 2950 650 3020 dogmati,
676 2965 762 3020 qnam
791 2954 820 3003 ut
847 2948 984 3015 dicamus,
1006 2953 1138 3037 Clatam.
1161 2951 1252 3016 Quam
1287 2967 1430 3022 spurcam,
1458 2951 1654 3022 pinguemque
1686 2948 1891 3003 abundantiam

110 3038 221 3109 hujus
233 3039 333 3092 vesani
346 3037 472 3092 hominis
488 3039 531 3092 vel
555 3038 677 3091 aliorum
692 3052 848 3107 regnorum
869 3036 986 3091 storiam

115 3126 307 3198 prophetice
331 3142 390 3180 nun
414 3127 575 3196 previsam.
602 3126 747 3191 Quinimo,
765 3131 796 3179 ut
819 3125 889 3179 mihi
906 3125 987 3178 vide-

118 3222 187 3283 tur,
205 3217 286 3287 quod
312 3215 473 3286 specialiter
491 3216 521 3269 iu
544 3215 636 3286 capite
652 3215 854 3286 praedictorum
871 3220 914 3268 est
942 3214 986 3268 di·

124 3311 224 3372 ctum,
242 3305 275 3359 in
284 3305 424 3371 membro,
438 3304 508 3371 imo,
522 3308 553 3358 ut
568 3304 731 3359 evidentius
745 3303 849 3370 dicam,
865 3303 895 3356 in
924 3307 988 3372 gut·

127 3399 196 3450 ture
213 3394 290 3464 ejus,
314 3398 396 3448 acute
424 3393 607 3448 cernentibus
628 3392 809 3464 enigmatice
839 3392 935 3458 servit,
959 3395 988 3446 et

131 3485 208 3540 bane
223 3483 423 3552 intelligentiae
437 3499 554 3537 sensum
569 3481 638 3536 fides
654 3482 792 3536 catholica
808 3496 865 3536 nou
880 3480 988 3535 abbor-

135 3577 184 3628 ret.
204 3573 280 3627 Nam
292 3587 326 3626 ea
339 3586 404 3642 quae
423 3570 453 3625 in
467 3571 524 3626 line
540 3570 697 3625 voluminis
710 3570 745 3624 de
761 3569 824 3640 ipso
847 3570 987 3640 superbo-

137 3676 199 3716 rum
227 3660 321 3731 oapite
357 3660 478 3731 Spiritus
507 3659 577 3715 dicit
601 3659 796 3730 propheticus,
826 3658 935 3729 liquide
960 3662 989 3712 et

138 3749 232 3804 subtili
253 3748 389 3819 indagine
416 3748 564 3814 ventilata,
589 3747 657 3802 huie
680 3746 849 3818 nequissimi
869 3746 988 3814 spiritus

139 3837 261 3908 hospitis
285 3837 465 3891 disseruntur
479 3840 492 3880 b
507 3836 658 3891 intentata.
685 3836 854 3901 Eleuobitur,
882 3834 987 3905 inquit,

137 3925 396 3995 stmuquittcobitor
407 3925 538 3980 aduersus
553 3940 656 3980 omnem
674 3925 761 3979 Deum
772 3925 857 3993 (Duri.
879 3939 915 3990 xi,
932 3925 985 3991 36),

137 4015 163 4069 id
177 4020 224 4070 est
237 4014 377 4085 gentium,
392 4030 465 4086 quus
484 4013 567 4086 quasi
583 4013 732 4095 religione,
756 4013 804 4066 sed
821 4012 848 4066 ei
872 4013 988 4081 megui-

137 4102 236 4168 llcans,
253 4101 444 4173 despectionis
463 4103 534 4173 pede
547 4102 699 4156 conteruit.
714 4103 748 4156 lit
760 4100 890 4156 aduersus
906 4103 988 4155 Desrm

137 4194 248 4247 murum
271 4192 394 4261 loquetur
414 4190 679 4262 mapuificullbid.).
705 4189 868 4243 Sanctificet
890 4195 988 4242 contra

1041 3041 1112 3094 olidi
1127 3040 1217 3093 lumbi
1229 3056 1285 3093 nou
1303 3054 1430 3092 acerum
1445 3044 1562 3109 parente
1581 3039 1650 3103 Deo,
1671 3044 1703 3090 ut
1718 3037 1817 3106 praedo
1838 3035 1892 3090 iui-

1042 3128 1196 3199 quissimus
1212 3127 1377 3195 somniavit,
1403 3128 1481 3181 seda
1504 3127 1614 3180 Venere
1635 3125 1804 3190 ludibriosa,
1827 3125 1892 3178 Vul-

1041 3217 1105 3271 cani
1120 3216 1253 3286 conjuge,
1271 3215 1300 3269 id
1315 3220 1358 3269 est
1380 3214 1457 3286 ignis
1484 3230 1612 3279 uxorem,
1629 3230 1694 3285 quae
1719 3219 1748 3266 et
1773 3218 1891 3284 propter

1041 3320 1211 3376 spumosum
1224 3303 1365 3374 liquorem
1382 3302 1501 3357 afrodin
1514 3302 1590 3356 dicta
1610 3307 1652 3356 est
1669 3318 1676 3356 ε
1700 3301 1750 3373 qui
1770 3307 1798 3355 et
1820 3316 1892 3371 opus

1041 3409 1195 3447 venereum
1211 3393 1382 3461 assignatur,
1406 3391 1545 3457 alkaufeit
1559 3391 1635 3444 idem
1655 3389 1820 3461 impudicus
1843 3404 1891 3442 uo·

1041 3481 1171 3536 minavit.
1195 3481 1318 3552 Egregia
1340 3496 1408 3535 sane
1432 3480 1495 3534 laus
1518 3485 1546 3534 et
1574 3481 1697 3533 multum
1732 3476 1890 3532 carnalium

1041 3572 1156 3641 elegans
1171 3586 1288 3624 munus.
1299 3570 1351 3625 Cui
1366 3575 1431 3640 apte
1447 3569 1580 3624 convenit
1600 3568 1649 3622 ille
1664 3567 1693 3621 in
1722 3564 1892 3622 Srahelitica

1042 3665 1172 3729 genteex
1192 3657 1245 3712 hac
1269 3658 1464 3728 generationis
1479 3657 1613 3723 invectio,
1643 3672 1707 3728 quae
1729 3671 1777 3711 ore
1806 3669 1892 3725 super

1043 3748 1229 3818 Egyptiorum
1246 3747 1324 3801 lluxu
1346 3752 1444 3800 manat
1462 3747 1655 3817 prophetico:
1681 3746 1820 3800 lusuuiuit
1843 3744 1890 3796 in·
1957 3787 1962 3801 ,

1043 3836 1115 3907 quit,
1142 3850 1223 3904 super
1247 3835 1417 3895 concubitum
1440 3851 1474 3888 ec
1498 3833 1641 3903 ‘quorum
1663 3836 1892 3887 comessaretur

1042 3940 1135 3981 eomes
1148 3928 1298 3990 asinorum,
1313 3928 1338 3978 et
1352 3927 1423 3977 sicut
1437 3925 1528 3991 flocus
1551 3937 1680 3992 equorum
1695 3924 1786 3990 (timus
1801 3935 1892 3974 eorum

1043 4015 1150 4084 (Erech.
1167 4030 1233 4077 exii,
1244 4015 1301 4080 20).
1316 4012 1363 4065 Vel
1375 4012 1446 4065 illud
1459 4027 1466 4065 τ
1479 4014 1552 4080 Equi
1562 4013 1727 4065 iusuuieutes
1736 4011 1766 4062 iu
1779 4011 1892 4074 seminis

1041 4106 1111 4171 souti
1123 4108 1201 4169 sssrst;
1217 4103 1404 4170 uuusquisque
1416 4101 1454 4154 ud
1463 4115 1575 4154 acorem
1586 4100 1710 4167 proximi
1719 4100 1764 4151 sui
1786 4097 1891 4151 binnie-

1043 4194 1088 4247 bat
1104 4194 1166 4261 (der.
1185 4208 1212 4259 v,
1224 4190 1259 4261 8),
1278 4191 1357 4255 Quod
1371 4189 1417 4243 bic
1431 4188 1644 4258 impurissimus
1659 4191 1735 4240 vates
1751 4192 1779 4240 et
1793 4185 1892 4240 fecisse

139 4280 294 4335 Dominum
307 4279 493 4334 dominorum
505 4280 569 4334 eoeli
584 4284 612 4333 et
626 4289 722 4344 terrie,
737 4284 894 4332 creatorem
909 4282 989 4331 aeter·
1008 4278 1215 4349 Dpraedieatur
1230 4284 1258 4331 et
1270 4275 1441 4347 predicasse
1465 4275 1607 4340 landatur,
1633 4274 1701 4327 dum
1717 4274 1850 4327 seductus
1864 4278 1894 4326 et

138 4385 220 4434 uum,
236 4368 329 4439 legem
344 4368 424 4422 illam
440 4383 526 4438 quam
542 4367 679 4421 instinctu
694 4367 859 4420 daemonum
875 4381 909 4419 ex
926 4365 988 4436 ejus

139 4458 257 4513 numine
272 4472 382 4511 veneno
397 4457 568 4526 composuit,
585 4461 612 4510 et
633 4454 817 4526 sequentibus
833 4470 863 4508 se
883 4453 986 4508 falsum

141 4551 344 4601 testamentum
369 4546 496 4614 tertium,
520 4545 591 4600 lalsa
615 4543 800 4614 subreptione
832 4542 986 4597 contexuit.

143 4635 177 4690 Et
200 4639 285 4691 lisam
306 4639 541 4704 putromsuorum
570 4649 623 4688 uon
645 4631 783 4702 reputabit
807 4630 901 4698 (leid,
932 4629 987 4702 37),

144 4720 193 4777 hoc
215 4727 270 4785 est,
296 4722 528 4777 ismahelitarum
553 4721 642 4787 idola,
658 4736 723 4792 quie
739 4736 828 4789 nsque
844 4720 873 4773 in
890 4719 985 4788 ipsum

146 4814 253 4883 tempus
276 4811 419 4877 colebant,
440 4812 480 4865 Et
493 4814 546 4866 erit
567 4813 597 4864 iu
625 4811 846 4879 cuncupiscentiis
867 4810 988 4874 semiue-

147 4911 198 4953 rum
211 4899 316 4969 (lituu.
334 4899 402 4963 Quis
424 4914 481 4953 nou
494 4899 589 4954 rideat
605 4900 657 4953 hoe
678 4899 740 4952 locu
756 4898 833 4952 hune
861 4896 987 4967 impudi-

150 4999 203 5042 cum
219 4987 381 5058 specialiter
395 4987 449 5042 hae
462 4988 604 5042 sententia
618 4984 821 5057 designatum?
837 4987 868 5041 Et
879 4985 945 5039 licet
958 4985 988 5038 in

152 5072 325 5131 liebrreohoe
349 5075 436 5131 dubie
459 5077 587 5148 positum
611 5076 766 5146 relegatur,
782 5075 860 5146 quud
884 5073 989 5129 scilicet

179 5206 190 5231 ⁸
206 5200 233 5255 F.
249 5202 379 5256 omniu...
395 5201 502 5256 etore...
519 5201 689 5270 operiuntur.

180 5270 190 5310 t
208 5271 265 5334 lis..
282 5271 436 5326 disseritur.

181 5347 190 5372 ⁶
206 5341 263 5405 tls..
277 5348 312 5396 et.

182 5408 194 5445 ‘¹
210 5413 391 5480 Aphrodisia,
406 5411 435 5466 id
446 5416 490 5466 est
501 5410 629 5465 Veneris.

184 5488 193 5514 ⁰
212 5484 379 5552 Voluptatem
394 5482 534 5551 intellige.

185 5548 193 5584 ί
210 5553 323 5625 vulgata
338 5569 345 5620 ;
360 5570 451 5609 eorum
466 5569 589 5623 quorum.

1042 4384 1093 4421 sua
1109 4367 1254 4436 voluptate
1270 4367 1381 4420 illectus
1396 4379 1514 4418 uxorem
1529 4362 1655 4433 proximi
1672 4361 1716 4416 sui
1743 4361 1811 4417 lidei
1834 4377 1893 4415 suae

1042 4461 1233 4509 consentaneo
1249 4454 1326 4515 tulit,
1341 4469 1427 4524 quam
1442 4452 1513 4506 adeo
1529 4465 1544 4506 s
1558 4451 1612 4505 sibi
1627 4467 1680 4521 per
1689 4449 1894 4505 revelationem

1042 4541 1180 4599 Gabrielis
1193 4543 1321 4613 junctam
1349 4541 1485 4595 mentitus
1511 4546 1563 4598 est.
1581 4540 1672 4604 Quam
1706 4538 1894 4609 impurissimi

1043 4638 1161 4698 sectam,
1176 4630 1364 4701 impurissimi
1384 4629 1532 4701 sequipedi
1549 4629 1719 4699 amplientes
1734 4631 1758 4692 h,
1777 4628 1894 4682 amissa-

1043 4723 1077 4776 rii
1094 4721 1139 4775 ¹et
1152 4720 1275 4775 adulteri
1286 4717 1413 4773 universi
1423 4718 1575 4784 suntlaeti,
1589 4718 1658 4771 dtim
1670 4718 1894 4788 etpropterjura

1042 4817 1170 4865 mentum
1182 4807 1492 4878 scinduntconjugium
1505 4806 1593 4876 quod,
1608 4828 1615 4871 ι
1636 4807 1742 4876 majore
1756 4805 1894 4859 dedecore

1041 4899 1147 4952 iterum
1162 4896 1353 4952 adulterando
1369 4897 1549 4967 conjungunt
1566 4912 1572 4949 :
1589 4900 1617 4948 et
1638 4893 1741 4965 pelices
1758 4890 1896 4962 multipli-

1042 4987 1165 5040 candoa
1185 4984 1316 5055 trigamis
1344 4986 1387 5039 vel
1403 4983 1599 5056 quadrigamis
1625 4981 1774 5036 serviendo
1795 4980 1894 5034 femel-

1042 5075 1117 5141 larii,
1134 5073 1193 5127 imo
1208 5073 1303 5127 verius
1319 5072 1459 5128 amissarii
1477 5071 1545 5143 equi
1570 5069 1744 5135 hinnientes,
1766 5085 1815 5122 scu
1843 5084 1894 5123 ru·

1078 5212 1093 5253 s
1113 5198 1143 5252 F.
1157 5213 1175 5251 u
1190 5200 1250 5253 Deo.

1078 5271 1091 5312 b
1113 5267 1140 5322 L.
1156 5269 1358 5337 amplectantes,
1376 5265 1419 5322 vel
1433 5265 1609 5335 ampliantes.

1078 5339 1084 5374 ¹
1105 5339 1197 5410 Supra
1212 5340 1241 5392 in
1263 5337 1395 5393 leremiae
1411 5344 1488 5392 testu
1505 5337 1640 5391 dicuntur
1661 5336 1725 5403 equi
1746 5340 1891 5400 amatores,

1042 5417 1067 5465 et
1094 5413 1239 5476 emissarii,
1253 5410 1300 5465 hic
1323 5412 1474 5470 amissarii,
1491 5408 1544 5461 huc
1555 5413 1598 5459 est
1612 5406 1774 5461 admissarii
1790 5421 1797 5461 :
1814 5406 1892 5478 quod

1043 5482 1140 5537 Latine
1156 5481 1340 5552 loquentibus
1356 5479 1493 5550 probatur
1509 5476 1643 5547 amplius.

1088 5560 1095 5595 ³
1122 5554 1282 5622 lls.,quem.
