3930 6098
711 178 879 235 auvaurtl
899 177 1071 237 utreusls
1089 173 1262 235 EPISCOPI.

108 313 218 385 Spiritu
231 310 433 380 Dei‘conditos,
449 315 479 367 et
490 311 579 367 totius
597 312 696 367 mundi
710 313 870 368 reverentia
884 328 953 368 con·
973 315 998 369 A
1418 345 1450 399 v·

110 407 244 465 secretos,
274 400 510 470 metropolitanos
538 400 716 470 singularum
743 402 954 471 provinciarum

110 492 259 562 episcopos
269 491 317 560 jus
328 488 439 543 traditae
456 488 509 542 sibi
529 489 656 560 antiquie
671 489 818 557 dignitatis
834 491 955 544 interne·
1045 493 1221 549 Seetatorem
1242 489 1456 554 damnatorum,
1473 503 1504 541 ac
1523 486 1706 552 seditiosum,
1730 487 1775 541 vel
1796 504 1855 543 con-

110 585 206 634 ratum
222 579 326 632 habere
341 578 532 643 decernimus,
548 576 577 632 Si
592 578 669 631 enim
687 594 704 632 a
719 579 825 649 regulis
840 578 954 648 praesli·
1006 579 1170 654 jurationis,
1186 585 1237 633 aut
1256 574 1475 648 conspirationis
1490 591 1581 641 reum,
1600 591 1646 628 me
1670 575 1788 646 penitus
1802 593 1856 632 esse

110 668 179 722 tutis
204 667 326 720 ullaaut
350 666 474 730 licentia,
499 671 549 719 aut
573 666 797 736 praesumptione
819 667 955 721 discesse—
1010 671 1131 738 denego,
1166 665 1384 736 faventibusque
1420 663 1641 735 quibuscunque
1675 679 1856 735 nequaqnam

112 182 179 237 tlt?

112 761 186 821 rant,
203 770 255 825 ego
272 754 386 825 penitus
401 754 573 807 nesciebam.
596 755 676 809 Unde
692 755 764 809 etin
780 756 955 809 Antiocheno
1009 757 1148 814 assentire
1170 755 1278 822 fateor;
1306 754 1354 809 sed
1374 769 1439 809 curu
1467 753 1572 824 capite,
1601 753 1686 808 idest
1708 760 1806 808 sancta
1834 759 1859 808 et

110 843 239 905 coneilio,
265 843 357 912 capite
383 844 399 896 9
421 843 459 896 ila
487 842 644 896 scribitur:
674 845 727 897 Per
755 845 882 914 singulas
910 860 955 898 re-
1009 845 1166 901 venerabili
1182 845 1249 899 sede
1274 843 1350 899 beati
1372 842 1458 911 Petri,
1484 842 1531 897 cui
1553 843 1645 896 claves
1669 843 1753 914 regni
1778 845 1857 898 coelo·

109 932 209 1002 giones
238 931 385 1001 episcopos
411 931 544 985 convenit
574 948 667 998 nosse,
700 934 954 1002 metropolitanum
1010 932 1242 996 rumcommisit,
1259 931 1700 1002 inquaetiampetraChristus
1718 940 1858 986 retuter-

110 1020 277 1090 episeopam
301 1021 525 1074 sollicitudinem
550 1021 638 1075 totius
662 1021 814 1092 provinciae
838 1039 954 1094 gerere:
1007 1039 1063 1078 nus
1085 1026 1213 1076 sanctam
1250 1020 1402 1075 edificavit
1439 1019 1603 1085 Ecclesiam,
1632 1026 1734 1074 eontra
1771 1037 1856 1090 quam

109 1114 228 1180 propter
252 1109 327 1178 qnod
353 1109 387 1162 nd
417 1110 600 1180 metropolim
623 1127 723 1164 oniries
744 1111 882 1183 undique,
905 1111 954 1183 qui
1009 1117 1100 1181 portm
1114 1111 1198 1166 inferi
1213 1126 1274 1165 non
1294 1110 1503 1180 prevalebunt,
1518 1111 1655 1164 canonice
1670 1111 1701 1164 in
1725 1111 1857 1165 omuibus

110 1197 226 1267 negotia
237 1198 370 1251 videntur
382 1197 497 1258 babere,
511 1203 689 1266 concurrant,
701 1204 756 1254 etc.
769 1200 833 1253 Sota
848 1201 955 1272 quippe
1010 1215 1056 1254 me
1072 1199 1167 1255 favere
1181 1199 1329 1270 profiteor.

108 1286 299 1357 plurimorum
316 1286 454 1339 relatione
470 1286 504 1340 de
517 1288 578 1356 jam
596 1288 670 1341 dicta
685 1289 811 1359 querela,
837 1305 901 1360 quae
926 1290 956 1344 in
1421 1323 1454 1376 Ἦ

109 1375 274 1446 primordiis
296 1378 375 1445 gesta
390 1375 456 1441 sint,
473 1391 541 1428 aure
557 1392 615 1429 non
635 1378 717 1430 oculo
738 1380 870 1449 percepi:
888 1378 956 1448 qnia

109 1462 259 1534 episcopos
282 1479 339 1516 non
365 1479 453 1531 eram,
479 1463 574 1517 sedin
599 1465 725 1518 excubiis
753 1465 854 1536 templi
880 1467 956 1521 beati
1043 1468 1130 1521 Porro
1155 1464 1288 1520 sanctitas
1316 1468 1418 1519 vestras
1444 1463 1628 1534 paternitatis
1653 1462 1858 1517 inviolabiliter

76 1583 81 1591 .
109 1550 246 1621 Stephani
257 1552 475 1622 protomartyris
485 1561 650 1623 occupatus,
663 1555 816 1609 novissime
827 1555 857 1609 in
866 1570 955 1626 regno
1014 1555 1124 1611 sensuit
1151 1555 1230 1609 nulfo
1251 1555 1336 1608 modo
1361 1553 1488 1625 pavenda
1501 1574 1518 1606 ,ι
1539 1553 1682 1606 bonorum
1708 1552 1857 1606 admissio-

108 1638 220 1693 domini
241 1641 367 1694 Lotlrarii
390 1641 510 1694 senioris
533 1642 589 1694 mei
613 1643 754 1713 expetitus
774 1658 791 1696 a
812 1644 898 1710 clero,
926 1650 955 1699 et
975 1611 1077 1699 Bnem
1109 1660 1160 1715 pro
1188 1642 1397 1698 temeritatibus
1420 1647 1448 1695 et
1470 1640 1746 1712 subscriptionibus:
1774 1647 1857 1712 atque

108 1727 353 1798 electusaplebe‚
371 1728 521 1798 pastoralis
541 1728 627 1782 officii
645 1746 754 1796 curam,
773 1732 846 1785 Deire
866 1734 954 1801 novit,
1009 1733 1220 1803 indulgentiam
1246 1747 1303 1786 non
1330 1746 1391 1785 esse
1419 1730 1629 1800 denegandam,
1660 1729 1684 1782 si
1711 1728 1856 1783 vobiscum

108 1830 167 1869 nou
182 1815 256 1869 ultro
277 1815 417 1883 ambiens,
434 1817 482 1870 sed
501 1818 635 1871 canonice
650 1818 786 1872 invitatus
800 1820 905 1890 accepi.
922 1820 956 1874 Et
1009 1837 1120 1893 sapere,
1132 1825 1321 1891 nostrumque
1334 1835 1387 1890 per
1401 1818 1600 1889 nosmetipsos,
1618 1822 1668 1871 aut
1682 1833 1736 1887 per
1751 1817 1855 1887 legatos

106 1902 198 1956 multo
221 1903 354 1974 amplius,
372 1903 394 1957 si
417 1903 480 1958 fieri
495 1910 598 1975 potest,
614 1907 707 1960 verbis
722 1907 953 1979 archicapellani,
1009 1915 1121 1966 nostros
1145 1925 1293 1964 assensum
1316 1924 1382 1963 cum
1408 1907 1520 1978 scriptis
1542 1905 1645 1961 offerre
1667 1906 1854 1961 studeremus,

106 2004 140 2044 ae
165 1996 334 2046 ceterorum
356 1993 482 2061 Patrum,
513 1994 562 2064 qui
589 1994 792 2063 iuterfuerunt,
821 1997 954 2052 credulus
1008 2000 1125 2058 Noverit
1149 1998 1349 2071 praecclleutioe
1370 2001 1471 2051 vestrae
1491 1996 1626 2050 sanctitas
1653 1994 1856 2049 munificentis-

106 2079 211 2147 exstiti,
227 2095 313 2150 quam
330 2080 528 2152 mihimetipsi,
549 2087 577 2136 et
591 2083 614 2136 si
630 2083 703 2138 forte
716 2083 746 2137 in
766 2085 863 2156 aliquo
885 2086 953 2141 sim·
1008 2089 1091 2156 sima,
1116 2087 1193 2160 quod
1221 2087 1335 2157 legatus
1363 2090 1469 2147 noster,
1499 2084 1623 2156 quijam
1645 2083 1728 2138 vobis
1755 2083 1855 2137 facum

105 2166 219 2239 pliciter
233 2168 288 2238 egi,
310 2175 398 2224 restat
421 2177 453 2224 ut
473 2172 508 2225 ad
525 2170 696 2241 magistrum
712 2174 838 2228 veritatis
851 2190 952 2229 recur-
1008 2176 1215 2249 professionem
1252 2174 1424 2243 ostenderet,
1458 2179 1486 2228 et
1522 2171 1734 2243 multiplicibus
1766 2170 1854 2225 serbis

106 2270 178 2311 ram.
195 2256 359 2328 Nuncergo
374 2257 501 2328 proferat
520 2257 674 2330 singularis
697 2262 838 2331 sapientia
861 2267 954 2315 vestra
1008 2265 1181 2330 enuclearet,
1206 2262 1271 2317 ideo
1296 2261 1428 2328 tardavit,
1462 2260 1530 2334 qnia
1555 2265 1673 2315 caeteros
1702 2259 1855 2314 confratres

105 2358 237 2399 normam
251 2343 282 2398 in
299 2346 352 2399 hoc
365 2345 451 2412 facto,
468 2351 497 2399 et
511 2362 575 2400 ecce
596 2352 713 2418 paratus
734 2365 797 2404 sum
813 2350 952 2405 obsecun·
1008 2358 1120 2409 nostros
1135 2354 1191 2407 buc
1206 2351 1332 2423 illucque
1356 2351 1391 2405 de
1413 2350 1530 2405 diversis
1554 2348 1683 2421 partibus
1705 2347 1854 2415 advocans,

105 2432 173 2488 dare
185 2433 284 2487 edictis
305 2438 408 2489 vestras
422 2436 611 2502 auctoritatis,
627 2437 715 2491 veluti
737 2440 804 2504 Deo,
827 2438 855 2493 in
871 2440 954 2510 cujus
1007 2441 1154 2497 vobiscum
1166 2441 1272 2495 sentire
1283 2439 1459 2494 unanimiter
1475 2446 1504 2493 et
1513 2454 1613 2509 sapere
1629 2438 1762 2492 hortatus
1781 2453 1851 2491 sum.

106 2536 230 2592 persona
248 2528 349 2576 cuncta
372 2523 513 2595 profertis.
538 2526 636 2579 Vestro
653 2526 845 2581 enimsanclo
862 2544 952 2582 acea·
1010 2531 1171 2600 Eorumque
1200 2528 1331 2583 omnium
1358 2526 1531 2598 generaliter
1561 2526 1754 2580 unanimitate
1781 2540 1854 2578 eom-

105 2607 181 2664 lubri
200 2610 319 2664 consilio
348 2627 425 2679 usus,
449 2612 520 2682 jugo
544 2629 588 2666 me
615 2614 784 2669 obedientiae
805 2616 954 2670 humiliter
1007 2624 1097 2691 perta,
1114 2617 1196 2689 quasi
1209 2632 1371 2689 praeconem
1382 2616 1466 2686 legati
1484 2614 1584 2681 nostri,
1600 2615 1628 2668 in
1646 2615 1709 2685 ipso
1726 2614 1853 2683 margine

105 2697 254 2753 submitto.
277 2699 347 2752 Nam
369 2701 499 2769 quamvis
512 2701 704 2772 quorumdam
726 2705 839 2758 levitate
854 2710 953 2759 contra
1007 2706 1156 2778 praesentis
1172 2705 1236 2760 vitae
1250 2704 1428 2766 constitutus,
1448 2710 1549 2757 vestrae
1564 2709 1672 2756 sanctae
1690 2699 1854 2772 paternitati

104 2801 152 2842 me
168 2787 323 2841 tumultum
339 2788 523 2843 detractionis
538 2790 671 2857 sentiam,
693 2792 748 2846 nisi
762 2792 796 2847 de
812 2793 950 2864 simplici·
1007 2795 1143 2867 praemisi,
1159 2799 1331 2865 presentem
1345 2792 1478 2847 videlicet
1493 2792 1653 2845 litterarum
1670 2790 1850 2860 portitorem.

104 2879 161 2929 tate
182 2876 278 2931 nullus
291 2892 336 2930 me
358 2876 506 2931 inhaere
533 2894 664 2934 accusare
688 2886 792 2953 potest.
819 2882 953 2937 fidenter
971 2908 992 2963 ρ
1008 2885 1084 2940 Nihil
1108 2884 1198 2939 inme
1221 2882 1401 2952 ambiguum,
1417 2880 1548 2952 nihilque
1572 2876 1740 2934 damnabile
1763 2893 1853 2931 rema·

104 2964 181 3019 enim
209 2964 292 3020 dieo:
308 2967 378 3021 Ecce
399 2966 429 3021 in
453 2967 524 3022 coelo
549 2969 630 3023 tastis
657 2986 747 3037 meus,
773 2975 800 3026 et
820 2973 951 3027 conscius

103 3067 186 3108 mens
203 3053 233 3109 En
258 3056 386 3111 excelsis.
409 3057 556 3112 Undenas
578 3058 725 3114 electionis
750 3059 836 3115 dicit:
858 3061 952 3117 Gloria

102 3146 198 3197 nostre
240 3144 295 3198 bec
331 3150 380 3211 est,
423 3147 607 3201 testimonium
648 3150 817 3204 conscientia
852 3156 952 3206 nostre

103 3230 152 3298 (11
171 3232 231 3287 Gor.
249 3232 301 3302 ιιι).
330 3232 400 3287 ilinc
417 3233 495 3287 enim
520 3234 619 3288 beatus
644 3236 796 3307 Gregorius
821 3254 896 3309 papa
921 3238 951 3292 in

103 3319 224 3390 epistola
263 3321 433 3375 Theoctistae
463 3322 591 3392 patricie
622 3323 740 3391 directa,
779 3325 818 3379 ita
856 3326 952 3381 scribit

103 3405 177 3478 (lto.
202 3425 240 3474 rx,
261 3410 339 3478 epist.
357 3409 417 3481 39):
443 3410 472 3464 fu
491 3426 586 3475 omne,
610 3411 714 3482 iuquit,
732 3414 808 3484 quod
827 3415 949 3485 agimus,

103 3495 146 3549 vel
171 3496 248 3567 quod
261 3502 341 3551 extra
353 3497 388 3553 de
404 3498 487 3553 nobis
501 3498 615 3565 dieitur,
637 3516 783 3556 recurrere
798 3503 833 3557 ad
847 3519 951 3557 arcana

104 3581 209 3635 mentis
230 3582 377 3637 debemus.
402 3585 459 3639 Etsi
486 3601 588 3639 omnes
611 3586 785 3658 vituperent,
812 3589 950 3645 liberast

104 3684 191 3740 quem
205 3671 379 3727 conscientia
388 3689 448 3728 non
460 3679 582 3731 accusat.

506 3764 549 3818 lv,

139 3846 170 3903 Si
198 3848 345 3904 decretum
375 3854 476 3906 vestrm
502 3853 690 3921 auctoritatis,
716 3854 827 3926 judicio
860 3856 950 3911 sancti

102 3934 240 4007 Spiritus,
265 3939 301 3992 ab
325 3940 405 3993 omni
422 3942 571 4008 pastoralis
594 3942 680 3997 oflicii
709 3942 849 4014 regimine
872 3961 950 4015 prae-

102 4023 175 4080 fatos
190 4027 385 4097 metropolitas
401 4034 501 4083 erutos
520 4031 658 4099 delinivit,
681 4036 799 4105 propter
822 4049 950 4089 excessus

102 4115 293 4181 sanctionum,
322 4122 352 4171 et
384 4117 594 4173 absolutionem
618 4121 809 4175 anathematis
838 4137 854 4175 a
884 4123 950 4176 sede

1007 2989 1076 3030 uere
1092 2974 1197 3044 patior,
1213 2972 1260 3027 eui
1275 2971 1350 3026 viam
1373 2970 1468 3025 omnis
1485 2968 1578 3024 caruis
1595 2969 1724 3038 arripere
1748 2965 1853 3037 proprii

1006 3062 1132 3134 eorporis
1160 3061 1299 3115 resolutio
1329 3058 1491 3130 pollicetur.
1512 3058 1567 3113 Sed
1594 3058 1624 3112 iu
1648 3055 1853 3127 omnipotentis

1007 3152 1057 3206 llei
1071 3149 1297 3206 miscricordiam
1312 3148 1393 3203 valde
1415 3147 1540 3213 confido,
1565 3145 1642 3218 quod
1666 3145 1741 3199 nihil
1766 3160 1853 3215 pecca·

1007 3240 1063 3295 tori
1077 3239 1201 3310 spatium
1212 3239 1297 3309 hujus
1307 3237 1480 3291 calamitosae
1493 3236 1557 3290 vitoe
1567 3235 1724 3289 concedere
1742 3233 1850 3298 debeat,

1005 3343 1155 3400 quousque
1185 3327 1273 3397 digna
1295 3325 1487 3381 satisfactione
1510 3330 1663 3395 purgatus,
1680 3328 1783 3377 restrae
1803 3337 1852 3391 pa·

1004 3420 1093 3472 ternae
1114 3415 1230 3485 pietatis
1251 3414 1372 3486 gratiam
1392 3412 1501 3484 petenti
1518 3412 1658 3466 redditam
1684 3409 1849 3479 intelligam,

1004 3520 1109 3576 meque
1128 3509 1275 3574 receptum
1290 3503 1320 3557 in
1333 3507 1426 3557 vestro
1443 3503 1501 3556 fleo
1515 3500 1604 3573 digno
1625 3498 1771 3553 consortio
1784 3513 1847 3550 con·

1004 3593 1139 3667 gratuler.
1168 3592 1317 3648 Credimus
1353 3591 1431 3646 enim
1462 3589 1550 3662 quod,
1581 3588 1695 3643 favente
1727 3589 1794 3647 fleo,
1822 3589 1848 3638 et

1004 3683 1200 3754 apostolorum
1222 3680 1353 3735 omnium
1369 3678 1508 3751 principe,
1524 3678 1574 3749 qui
1598 3677 1628 3731 in
1653 3675 1849 3745 eleemosynis,

1004 3775 1034 3826 et
1045 3768 1170 3842 jejuniis,
1187 3772 1216 3823 et
1242 3767 1354 3823 furtivis
1374 3765 1553 3821 orationibus
1575 3763 1745 3834 spiritaliter
1766 3777 1848 3816 oceu-

1003 3858 1063 3930 pati
1078 3858 1156 3924 estis,
1170 3857 1303 3911 omnibus
1325 3855 1432 3910 viribus
1455 3854 1553 3910 divina
1570 3852 1762 3923 dispositione
1783 3865 1849 3920 pre·

1003 3948 1100 4003 videre
1114 3945 1251 4010 debeatis,
1265 3961 1302 3999 ne
1317 3961 1368 3999 ore
1392 3942 1519 3998 falsidic'a
1540 3941 1707 4011 deceptione
1731 3939 1849 3993 viventia

1003 4036 1034 4091 iu
1045 4035 1150 4092 Christi
1171 4049 1289 4105 corpore
1305 4033 1435 4087 membra
1450 4032 1620 4087 moriantur.
1638 4029 1730 4100 lgitur
1744 4029 1768 4081 si
1783 4026 1849 4080 meis

1004 4124 1169 4194 lacrymosis
1194 4123 1327 4194 precibus
1358 4128 1451 4175 vestra
1477 4119 1672 4174 misericordia
1698 4118 1728 4170 in
1756 4118 1848 4186 aliquo

103 4204 258 4272 apostolica
287 4206 384 4260 emissi
407 4222 494 4276 super
518 4207 712 4277 lngeltrudem
735 4209 852 4264 bosonis
878 4227 948 4265 uro·
967 4209 1138 4278 Dsseetitur,
1152 4227 1205 4282 per
1225 4215 1353 4265 sanctam
1368 4214 1396 4264 et
1410 4208 1585 4264 individuam
1609 4206 1781 4261 Trinitatem
1796 4206 1848 4259 hu·

102 4305 175 4353 rem,
205 4293 300 4346 sciatis
328 4294 485 4361 verissime,
521 4296 589 4365 quia
614 4296 644 4349 in
672 4297 733 4366 ejus
769 4298 950 4354 absolutione

18 4408 21 4413 ·
102 4392 286 4450 nequaquam
319 4382 461 4452 particeps
486 4383 599 4438 exstiti:
627 4390 655 4439 et
682 4391 836 4457 postquam
871 4388 950 4443 illam

102 4482 170 4521 vcra
197 4468 334 4524 relatione
361 4471 485 4525 infausto
500 4472 634 4527 adulterii
661 4490 766 4544 genere
794 4476 949 4532 saraciatam

103 4554 209 4620 audivi,
229 4572 343 4626 semper
361 4560 443 4629 quasi
471 4561 650 4616 mortiferum
675 4579 817 4618 venenum
840 4564 949 4619 abomi-

102 4647 188 4699 natus
209 4660 281 4699 som.
300 4645 538 4703 communionem
554 4666 702 4704 varocum
723 4651 949 4707 excommunica-

102 4730 138 4787 tis
160 4733 324 4788 nullatenus
339 4735 443 4789 habere
470 4737 615 4791 universos
630 4754 744 4806 moneo,
763 4739 786 4792 si
801 4741 889 4793 saeris
905 4740 948 4794 uli

103 4820 165 4874 ausi
193 4820 312 4889 fuerint,
346 4823 418 4877 sieut
442 4825 600 4897 capitulum
633 4827 748 4880 concilii
781 4828 949 4882 hnhocheui

103 4911 237 4980 quarlnnr
254 4912 390 4981 ostendit,
402 4914 480 4984 quod
491 4915 735 4970 communicantes
749 4916 791 4972 eis
806 4916 840 4970 ab
856 4917 949 4972 Eccle-

103 4993 146 5051 sia
159 4995 244 5066 abjiei
251 4999 344 5068 jubet.

1003 4300 1270 4370 militerdeprecor,
1284 4306 1315 4353 ut
1331 4314 1382 4368 per
1400 4299 1520 4353 latorem
1539 4296 1727 4367 praesentium
1742 4294 1850 4348 littera-

1004 4405 1080 4455 rum,
1106 4388 1130 4442 si
1155 4388 1279 4458 amplius
1299 4403 1360 4442 esse
1384 4402 1443 4440 non
1463 4390 1567 4457 potest,
1584 4385 1686 4439 saltem
1702 4382 1739 4437 de
1762 4387 1852 4435 vestra

1004 4484 1102 4533 sancta
1112 4492 1196 4531 manu
1213 4476 1365 4547 naufragio
1375 4475 1441 4529 vitae
1455 4474 1627 4529 constitutus
1642 4471 1713 4526 illud
1723 4472 1850 4540 recipere

1004 4582 1125 4633 merear,
1155 4565 1234 4636 quod
1250 4564 1329 4621 mitis
1349 4565 1486 4634 magister
1510 4570 1604 4617 aester
1626 4561 1768 4626 Christus,
1789 4558 1850 4630 qui·

1004 4655 1125 4711 busdam
1139 4655 1287 4726 discipulis
1301 4653 1498 4708 haesitantibus
1513 4649 1611 4722 jannis
1626 4649 1747 4704 diversis
1766 4663 1852 4719 appa·

1003 4754 1079 4808 rens,
1112 4742 1286 4813 imprecatus
1310 4747 1353 4796 est
1377 4741 1483 4795 dicens:
1507 4740 1567 4793 Poe
1581 4738 1657 4793 uobis
1681 4736 1777 4808 (deon.
1798 4734 1850 4804 xx).

1003 4832 1208 4885 Excellentiam
1242 4829 1400 4885 sanctitatis
1430 4832 1531 4884 vestrae
1563 4826 1685 4880 assiduis
1719 4826 1795 4879 votis
1828 4828 1855 4877 et

1003 4921 1138 4990 precibus
1151 4919 1201 4974 diu
1223 4919 1400 4973 ineolumem
1414 4917 1510 4988 vigere
1525 4914 1675 4971 humiliter
1687 4928 1851 4968 exoramus.
