3930 6098
106 276 158 330 963
722 268 863 325 lllbONIS
883 266 1042 323 nouacltl
1061 268 1092 323 S.
1116 268 1254 324 Anauni

110 405 155 461 Sic
167 404 329 460 veneranda
342 417 445 456 manus
454 400 541 470 jubar
556 398 651 465 infert,
662 403 748 470 atque
761 398 899 470 relinquit
970 400 991 453 A
1007 398 1126 468 Navigio
1142 398 1280 453 deductus
1292 401 1363 464 erat,
1379 397 1509 453 cumrite
1522 397 1646 469 peractis

113 497 170 550 Nox
186 494 297 558 oculos,
313 491 449 561 exsulque
465 489 526 543 dies
540 487 685 542 illuminat
699 488 793 557 orbes,
1010 487 1125 555 Olliciis,
1142 487 1248 542 mensis
1259 487 1396 542 resideret
1408 485 1538 553 Sanctus,
1554 485 1675 542 edendis

110 587 149 638 Ac
161 581 263 636 mediis
277 578 401 634 tenebris
417 592 521 632 aurore
535 577 701 646 crepuscula
715 576 849 642 fundens,
1009 576 1143 631 Esuriens
1159 577 1261 649 epulis,
1280 576 1411 646 dapibus,
1423 576 1471 631 sed
1486 581 1586 647 pastus
1597 575 1717 647 olympi.

111 672 227 726 Miratur
242 667 337 723 radios
346 666 426 722 frons
438 666 582 721 illustrata
596 681 721 732 serenos,
1011 665 1202 737 Discipulique
1215 667 1299 721 Pater
1313 680 1433 720 noscens
1448 664 1612 720 miserabile
1627 666 1744 730 vulnus,

110 759 200 823 Quam
222 762 319 812 tumen
338 756 506 810 instructam
520 758 630 808 veteres
645 758 828 808 contemnere
842 752 954 823 culpos;
1012 755 1125 810 Leniter
1141 754 1271 810 arridens
1287 754 1436 809 miseranti
1450 759 1565 825 pectore
1578 753 1656 808 latur
1672 769 1680 807 z

109 846 198 901 Noxia
213 844 277 918 quis
292 844 402 916 pridem
416 847 567 898 creverunt
580 843 699 897 vulnera
714 841 744 895 iu
757 842 816 909 illa,
1009 844 1111 916 Magna
1122 843 1240 915 quidem
1256 845 1376 914 patitur,
1391 843 1439 898 sed
1456 843 1673 914 adhucpotiora
1689 847 1815 911 meretur,

109 935 285 989 lucolumem
298 933 441 1004 linquens,
457 931 583 1002 reliquos
596 930 710 985 visurus
723 930 841 996 amicos,
1011 934 1091 988 llunc
1106 934 1244 1004 quoniam
1259 931 1343 987 nobis
1353 932 1572 1003 jactantiavana
1581 930 1721 985 rebellem

111 1023 224 1079 Dimisit
238 1024 368 1087 Sanctus,
383 1021 457 1076 tanti
470 1019 590 1090 largitor
603 1018 732 1075 honoris.
1011 1023 1255 1094 Contemptaeque
1270 1021 1346 1088 lacit,
1364 1021 1487 1077 nimium
1503 1021 1568 1093 quis
1583 1021 1700 1076 deditus
1715 1024 1797 1077 extat.

1010 1111 1086 1166 ltixit
1098 1117 1128 1167 et
1141 1112 1263 1167 eloctum
1279 1112 1408 1166 Fratrum
1424 1111 1458 1166 de
1472 1110 1557 1183 plebe
1571 1109 1699 1182 benigna

1011 1200 1222 1271 Presbyterum,
1239 1204 1342 1270 optatae
1359 1199 1492 1270 gerulum
1503 1198 1589 1270 jubet
1601 1214 1663 1253 esse
1679 1198 1803 1265 medela,

1010 1291 1093 1345 Parte
1107 1290 1173 1344 data
1188 1288 1281 1360 panis,
1298 1288 1392 1344 culicis
1402 1303 1518 1360 quoquo
1532 1287 1636 1359 pocula
1650 1287 1719 1355 leri,

1012 1377 1097 1443 Vade,
1115 1378 1165 1444 ait,
1182 1382 1210 1431 et
1225 1378 1365 1432 monacho
1380 1377 1423 1431 lor
1439 1378 1499 1431 haec
1515 1376 1652 1432 mandata
1663 1376 1779 1448 jacenti,

1012 1466 1131 1522 llauriet
1148 1470 1179 1520 ut
1194 1466 1311 1520 calicem
1326 1481 1391 1519 cum
1407 1465 1488 1520 missi
1503 1465 1648 1536 fragmine
1662 1465 1755 1537 panis,

1012 1554 1141 1610 Crastina
1154 1569 1277 1625 cumque
1292 1553 1353 1608 dies
1366 1559 1520 1608 nocturnas
1535 1552 1673 1624 sparserit
1688 1552 1805 1621 umbras,

1013 1643 1045 1696 et
1056 1643 1097 1696 sol
1108 1641 1318 1696 flammicomus
1332 1657 1405 1711 puro
1420 1640 1582 1695 rutilaverit
1596 1645 1675 1706 ortu,

977 1699 1187 1802 BVisurusque
1204 1730 1287 1784 illum
1303 1729 1386 1784 celeri
1403 1743 1593 1801 properavero
1603 1743 1720 1798 gressu;

1014 1820 1152 1873 Ercussus
1165 1818 1292 1890 propriis
1306 1819 1391 1889 pulso
1407 1818 1547 1887 languore
1563 1817 1702 1887 grabatis,

1013 1907 1167 1963 Incolumis
1182 1912 1281 1978 surgat
1295 1906 1433 1974 solidatis,
1451 1906 1573 1978 impero,
1591 1906 1697 1972 nervis,

1013 1995 1118 2051 Obvius
1134 2011 1165 2048 ac
1184 2010 1253 2049 sano
1269 1994 1403 2066 procedat
1416 2009 1536 2064 corpore
1553 1993 1647 2048 nobis.

1012 2083 1085 2148 Quid
1101 2098 1235 2138 sermone
1250 2099 1356 2150 moror,
1372 2098 1437 2136 cum
1452 2098 1508 2137 uon
1520 2081 1664 2136 medicina
1680 2080 1813 2136 moreturl

1013 2172 1096 2227 hlissa
1111 2172 1217 2226 etenim
1233 2170 1373 2227 monacho
1388 2170 1481 2225 Petris
1495 2169 1656 2226 benedictio
1669 2169 1755 2225 vitam

1013 2260 1157 2321 Reddidit.
1173 2265 1202 2316 ct
1216 2260 1290 2315 vires
1304 2259 1416 2314 medico
1431 2259 1586 2314 mandante
1600 2258 1716 2330 recepit

1014 2349 1085 2404 ilinc
1099 2349 1174 2404 celer
1188 2347 1280 2403 exiliit
1291 2364 1403 2402 summo
1418 2348 1568 2402 conamine
1583 2347 1680 2418 (tellus

1012 2439 1073 2493 Jam
1089 2453 1179 2508 prope
1195 2437 1301 2504 luucta,
1319 2437 1378 2490 suis
1393 2436 1473 2490 enisa
1486 2435 1599 2490 adstare
1614 2434 1763 2505 columnis)

1015 2526 1070 2580 Nec
1082 2531 1230 2581 cunctatus
1244 2525 1299 2580 iter
1312 2525 1424 2595 jussum
1439 2539 1596 2595 properare
1610 2523 1714 2590 tiator,

1014 2614 1192 2669 Adventante
1206 2613 1267 2668 viro
1282 2613 1438 2684 procedens
1453 2612 1552 2667 obvius
1562 2613 1640 2666 almo

1014 2701 1143 2757 Occurrit
1161 2718 1257 2770 sanus,
1273 2706 1426 2773 gratesque
1440 2701 1573 2772 rependit
1586 2699 1698 2771 opimas
1712 2715 1718 2755 :

1013 2791 1180 2862 Linguaque
1195 2806 1332 2861 percussa
1346 2790 1415 2845 dum
1431 2786 1538 2844 format
1552 2789 1638 2844 rerba
1647 2789 1751 2860 palato,

1012 2879 1143 2934 insonuit
1155 2894 1250 2933 sermo
1266 2878 1342 2931 claro
1359 2878 1394 2931 de
1408 2877 1491 2931 leuce
1505 2876 1664 2948 loquentis,

977 2991 997 3043 C
1013 2967 1175 3023 Surrexisse
1188 2966 1292 3022 dehinc
1306 2966 1363 3020 rita
1377 2970 1524 3020 remeante
1535 2965 1666 3019 cadaver.

1011 3055 1166 3110 Admirans
1181 3056 1312 3109 Fratrum
1327 3053 1431 3108 cecinit
1443 3070 1509 3108 cum
1523 3053 1610 3108 leude
1624 3057 1743 3108 caterva.

1011 3143 1066 3208 Qui
1079 3148 1177 3199 umen
1191 3143 1355 3198 admonitus
1369 3157 1464 3197 mores
1479 3147 1592 3196 mutare
1607 3147 1753 3213 protervos

147 3228 189 3281 ll).
218 3228 332 3298 llocque
360 3226 646 3298 quodiaccumulans
669 3225 787 3280 laudum
812 3223 958 3296 praeconia
1012 3232 1117 3304 Sospes
1133 3247 1198 3286 uum
1214 3232 1298 3286 vuuiu
1312 3230 1396 3285 suciis
1412 3230 1586 3285 miuuurihus
1600 3230 1662 3297 ivit,

111 3314 266 3386 blaguilicis
293 3315 380 3385 gestis
404 3313 566 3384 complevit,
591 3313 647 3368 rite
675 3329 821 3368 cenamus.
842 3312 956 3387 [iustus.
1012 3318 1702 3390 Materioelocusesttriplicatumtexerefunem,

111 3404 141 3457 ln
156 3419 243 3474 grego
260 3402 411 3473 multiplici
424 3402 538 3457 Domini
553 3417 640 3473 quem
653 3401 719 3456 lacit
730 3402 865 3456 alumnus
1012 3408 1120 3480 Pugiuu
1135 3408 1183 3463 sud
1200 3409 1291 3463 multu
1302 3423 1385 3462 versu
1400 3406 1541 3478 compluta
1557 3406 1710 3462 redundat,

111 3491 225 3545 Divium
240 3495 355 3560 portare
368 3490 482 3560 jugum,
499 3489 604 3544 servire
618 3489 752 3557 Tonanti,
1011 3498 1067 3551 Nec
1081 3496 1159 3567 capit
1173 3496 1291 3550 ulterius
1306 3495 1401 3550 liualis
1415 3495 1543 3550 clausula
1557 3494 1635 3560 libri,

111 3579 189 3633 Unus
204 3584 264 3633 erat
277 3578 393 3648 reliquis
408 3577 543 3649 praelatus
557 3579 667 3632 honore
682 3578 812 3646 catervis,
1012 3584 1144 3640 Pluribus
1160 3589 1189 3640 ut
1201 3599 1368 3656 quanquam
1382 3583 1556 3638 studuissem
1570 3598 1700 3653 puuguru
1713 3579 1796 3637 verbis

112 3666 147 3720 Ut
160 3666 266 3721 uictum
281 3666 365 3720 sociis
380 3671 408 3721 et
422 3681 550 3737 congrua
563 3671 665 3721 cuncta
679 3671 814 3738 pararet:
1012 3674 1095 3728 Gesta
1109 3671 1173 3738 riri,
1190 3672 1315 3744 quivisse
1325 3675 1423 3727 tamen
1436 3688 1496 3726 non
1506 3677 1608 3727 cuncta
1619 3677 1721 3727 notare

145 1169 170 1221 9.
186 1164 319 1219 ilistoriae
333 1163 482 1217 manifesta
498 1161 579 1229 tides,
596 1161 644 1216 sed
660 1159 795 1232 mysticus
809 1161 850 1216 illi

110 1255 271 1310 Intellectus
281 1252 356 1307 inest
365 1251 443 1306 silvis
458 1250 606 1305 umbratus
621 1249 726 1321 opacis,

110 1344 200 1408 Quem
215 1342 330 1396 tentabo
345 1341 466 1411 loquens
480 1339 583 1393 festino
599 1354 726 1409 pangere
741 1353 825 1393 versu
842 1354 849 1392 ε

110 1433 146 1486 Ut
159 1444 296 1485 resonans
312 1428 430 1499 antiqua
445 1443 519 1481 novo
534 1426 705 1498 symphonia
718 1424 788 1480 ilatu

109 1519 230 1590 impleat
245 1521 357 1571 urentes
372 1531 476 1586 supero
491 1514 647 1585 spiramine
662 1529 769 1569 sersus.

109 1606 201 1661 Arbor
213 1605 305 1677 prisca
317 1602 382 1669 luit,
396 1619 455 1673 qua
468 1602 556 1657 vitam
571 1601 695 1672 perdidit
710 1602 776 1667 Eva,

111 1697 221 1750 Nomen
234 1693 342 1749 habens
357 1693 432 1757 vitre,
444 1692 468 1745 si
478 1690 570 1761 culpis
585 1689 777 1745 abstinuisset.

109 1783 164 1837 Pro
177 1779 271 1836 dolorl
285 1779 413 1850 anguino
428 1778 550 1833 nimium
563 1779 682 1849 decepta
697 1794 781 1832 suasu

110 1871 143 1925 ln
156 1870 265 1925 lethum
281 1869 361 1939 lapsa
376 1872 429 1932 est,
443 1867 563 1921 vetitum
580 1868 648 1921 dum
662 1867 787 1936 sumpsit
801 1866 957 1935 edendum,

109 1958 150 2014 Ad
167 1963 276 2013 certum
290 1973 342 2028 per
359 1957 436 2010 lucra
454 1972 542 2010 ruens
553 1956 628 2010 male
642 1953 758 2010 credula
773 1955 922 2009 damnum.

109 2046 165 2103 Sed
179 2046 271 2102 crucis
287 2046 317 2099 in
333 2045 412 2116 ligno
424 2044 483 2098 vita
497 2044 648 2109 moriente,
662 2042 734 2113 piati

110 2134 182 2191 Sunt
195 2136 335 2190 scelerum
350 2130 454 2199 morbi,
471 2137 500 2186 et
513 2131 593 2186 vetiti
608 2130 799 2202 transgressio
815 2130 905 2203 pomi.

109 2224 219 2296 Aspicis
234 2223 383 2294 antiquam
396 2220 532 2292 praesenti
548 2221 579 2274 in
591 2219 687 2290 stipite
702 2219 836 2285 formam,

109 2312 243 2384 Auguriis
258 2311 363 2366 mulier
381 2309 427 2364 cui
440 2310 509 2364 dum
521 2308 677 2363 famulatur
692 2306 810 2376 ineptis,

110 2401 185 2456 Scire
192 2389 297 2455 ‘lutura
312 2400 420 2465 volens,
433 2404 463 2452 et
474 2399 534 2468 jam
547 2395 701 2468 praesentia
710 2393 816 2466 perdit,

110 2492 149 2543 Ac
165 2488 281 2542 meritas
296 2492 399 2541 caecata
414 2487 490 2555 capit
506 2501 559 2555 pro
573 2486 635 2539 luce
651 2485 795 2540 tenebras.

110 2577 164 2631 Sed
181 2576 300 2630 Sanctus
316 2573 434 2628 veniens
447 2589 558 2627 errores
569 2573 687 2642 dispulit
700 2577 787 2638 atros,

109 2663 224 2719 Arboris
237 2667 265 2717 et
280 2662 377 2716 docuit
390 2661 479 2715 llexus
494 2660 639 2715 succidere
654 2660 740 2728 ferro,

112 2752 152 2805 lte
168 2766 225 2821 quo
241 2750 412 2820 magnificus
429 2748 531 2802 cecinit
543 2748 667 2818 baptista
679 2749 811 2815 toanues,

84 2894 87 2899 ,
110 2838 230 2893 Arboris
245 2837 380 2892 eximiam
396 2836 485 2891 radici
500 2836 607 2891 instare
623 2835 746 2891 securim

110 2926 242 2997 Fulgenti
255 2941 361 2980 nocuos
376 2941 441 2997 quse
456 2929 570 2980 truncat
586 2925 719 2979 acumine
735 2940 844 2991 sirceos,

111 3017 144 3070 Et
159 3019 274 3086 reparat
288 3016 409 3070 celerem
425 3014 473 3085 pia
483 3030 536 3084 per
544 3014 664 3084 collyria
676 3014 779 3079 visum,

111 3105 247 3176 Unguiler
267 3108 296 3159 et
310 3104 439 3159 medicus
454 3103 494 3157 sic
509 3102 619 3158 lumina
634 3102 730 3158 reddit
743 3102 902 3156 Amandus.

111 3753 164 3819 Qui
181 3754 250 3809 dum
266 3759 362 3810 monte
380 3758 494 3809 tumens
507 3753 594 3825 jussis
608 3771 710 3826 parere
725 3754 855 3826 magistri
1012 3760 1156 3816 Confiteor
1173 3776 1246 3816 :nec
1261 3759 1339 3815 euim
1353 3764 1412 3814 tam
1426 3774 1514 3830 parva
1530 3759 1653 3830 peregit,
1668 3762 1702 3813 nt
1713 3757 1773 3813 ullis

110 3843 233 3913 Despicit
249 3849 278 3898 et
291 3844 391 3898 viuum
406 3843 540 3914 plaustris
555 3844 734 3915 portantibus
750 3848 833 3899 utens
1013 3849 1111 3904 lticere
1127 3848 1266 3904 sufficiam
1282 3848 1394 3920 scriptis
1409 3851 1459 3902 ant
1473 3862 1608 3918 promere
1623 3846 1738 3913 metris;

10 3968 13 3973 -
108 3932 152 3987 Ad
167 3932 278 3987 Fratres
292 3932 403 3986 deterre
419 3948 484 3987 suos
498 3932 660 4004 Sancteque
675 3949 791 4003 negare,
1011 3936 1093 4002 Quod
1110 3935 1176 3992 fidei
1191 3936 1312 4003 donum,
1329 3935 1465 3990 meritum
1479 3949 1630 4006 moresque
1644 3931 1770 4004 benigni;

109 4020 190 4086 Quod
205 4021 320 4075 sibimet
335 4020 466 4075 deessent
480 4021 601 4092 quaesita
616 4021 754 4085 vehiculu,
772 4020 877 4092 pergit,
1013 4026 1124 4090 Ouuutu
1139 4041 1190 4097 per
1204 4029 1325 4096 oegrotos
1340 4023 1462 4090 curatio,
1476 4023 1569 4093 gratia
1582 4027 1702 4094 quauta,

110 4108 253 4164 Sternitur
261 4109 359 4163 infelix
375 4109 463 4163 subiti
477 4108 643 4163 discrimine
658 4109 763 4177 morbi,
1011 4115 1117 4182 Virtus,
1134 4113 1220 4179 bella,
1236 4113 1325 4181 labor,
1342 4112 1491 4185 patientia,
1507 4112 1614 4183 palma,
1631 4108 1793 4182 triumphus.

110 4198 143 4252 Et
157 4198 217 4251 lera
231 4197 370 4268 paralysis
384 4202 496 4251 vastans
513 4196 666 4251 crudeliter
678 4200 756 4251 artus
1351 4217 1463 4273 CAPUT
1482 4216 1527 4271 qv·
1712 4204 1715 4209 ’

110 4285 242 4354 Occupat,
259 4289 288 4339 et
300 4283 370 4338 laxis
384 4282 415 4338 in
431 4284 569 4338 membris
585 4290 688 4355 regnat
704 4283 842 4355 hebenis;
977 4286 1000 4341 l)
1083 4304 1111 4359 s¹
1129 4302 1342 4363 Amandum,
1355 4303 1504 4371 suppum,
1519 4299 1643 4355 greum
1657 4300 1779 4371 corpora,

110 4373 245 4443 Eleisque
261 4371 347 4427 nimis
360 4377 489 4443 sumptos
503 4372 611 4427 cervice
626 4372 735 4443 rigores
1364 4373 1504 4442 Epilogus.

110 4459 201 4532 Ocyus
214 4460 360 4515 excutiens
373 4460 469 4515 herbis
483 4460 666 4516 flaccentibus
684 4466 779 4532 aequat
797 4477 803 4515 :
1049 4465 1090 4516 tl.
1108 4463 1248 4517 Hactenus
1262 4461 1396 4516 adfinem
1413 4460 1541 4514 celerans
1553 4459 1646 4514 oratio
1661 4459 1743 4515 ducta
1755 4472 1780 4511 es

115 4550 154 4603 Ac
164 4548 300 4603 miserum
317 4565 419 4620 corpus
434 4549 530 4603 lethali
543 4549 623 4604 clade
636 4554 787 4620 gravatum
1012 4549 1137 4604 tramite
1149 4549 1269 4614 difficili,
1285 4549 1334 4604 sad
1349 4563 1427 4602 nunc
1440 4563 1492 4618 per
1507 4546 1590 4600 devia
1603 4551 1730 4617 creptum

109 4639 199 4693 Pestis
214 4637 315 4692 acerba
329 4637 396 4691 feris
406 4635 520 4708 stringit
532 4637 599 4691 hinc
613 4638 681 4692 inde
696 4637 814 4705 catenis,
1013 4637 1113 4694 Flectis
1128 4638 1193 4705 iter,
1205 4637 1322 4692 tumidis
1336 4641 1366 4692 et
1379 4642 1407 4690 te
1422 4634 1562 4691 convertis
1574 4635 1696 4690 habenis
1710 4651 1717 4690 :

109 4726 260 4798 Sanguinis
271 4725 389 4781 arebant
403 4725 506 4780 siccato
518 4725 639 4779 llumiue
653 4741 743 4791 venae,
1013 4729 1120 4782 Forsan
1136 4727 1172 4780 ob
1184 4726 1249 4794 hoc,
1260 4722 1588 4795 subtristealiquidquia
1598 4728 1678 4794 gesta
1689 4720 1825 4794 loquuntur·

1 4822 4 4829 '
109 4815 257 4887 languida
272 4818 300 4869 et
314 4814 440 4868 attractis
457 4812 622 4868 marcebant
637 4812 754 4867 brachiu
767 4812 878 4881 nervis;
1012 4817 1088 4871 Proh
1099 4825 1112 4850 ⁸
1126 4815 1223 4871 dolor!
1240 4819 1282 4869 est
1298 4814 1384 4869 rutilo
1401 4817 1547 4884 comptum
1561 4811 1675 4883 fulgore
1689 4812 1799 4871 hectun,

108 4906 146 4959 Ac
160 4910 275 4959 tenuem
293 4902 393 4957 ilatum
406 4903 441 4956 de
456 4917 525 4956 nare
537 4901 717 4972 frequentius
732 4900 843 4966 elllaus,
1014 4905 1148 4975 Egregios
1163 4903 1244 4974 cuius
1261 4918 1355 4957 mores
1371 4900 1575 4972 descripsimus
1591 4915 1683 4971 usque
1699 4899 1750 4954 huc

108 4993 256 5064 Singultus
269 4993 387 5048 miseros
398 4995 494 5046 runtus
507 5004 639 5045 sermone
648 4990 778 5045 iterabat.
1013 4990 1139 5055 Qualiter
1152 4991 1188 5045 ad
1201 4990 1289 5045 vitam
1302 5006 1354 5061 per
1368 4988 1470 5044 mortis
1483 4989 1573 5042 limen
1588 4988 1685 5043 eundo

108 5083 170 5137 tam
186 5095 300 5154 quoque
316 5079 505 5151 progrediens
518 5079 622 5133 anime
634 5079 711 5133 calor
721 5078 793 5133 ostia
804 5078 869 5134 vitre
1013 5079 1176 5146 Transierit‚
1190 5079 1288 5150 superi
1302 5080 1451 5150 ponendus
1465 5077 1496 5132 in
1511 5077 1628 5132 etheris
1641 5078 1718 5144 aula,

109 5170 278 5236 Transibat3
293 5168 343 5223 sed
355 5166 450 5224 adhuc
467 5166 595 5222 medicus
609 5166 722 5222 virebat
735 5167 892 5237 Amandus,
1014 5168 1167 5240 Diffugere,
1186 5172 1214 5223 et
1227 5167 1315 5222 linem
1330 5168 1489 5238 lacrymoso
1505 5181 1632 5237 pangere
1648 5170 1731 5220 cantu

110 5257 197 5328 Cujus
207 5260 269 5312 erat
282 5254 393 5309 meritis
407 5270 484 5325 πετο
499 5252 653 5309 tribuenda
668 5253 787 5309 medela·
1013 5259 1181 5315 Calceteuus
1194 5256 1312 5311 ductum
1326 5259 1458 5310 metuens
1473 5253 1644 5310 concludere
1658 5258 1768 5309 textum.

112 5344 139 5397 ls
154 5343 327 5400 monasterio
343 5344 473 5398 Fratrum
488 5343 645 5398 famulante
655 5342 780 5397 cohorte.
1014 5343 1042 5398 Si
1059 5343 1168 5414 refugis
1184 5343 1325 5412 lunatum,
1336 5343 1380 5398 vel
1392 5341 1438 5396 dic
1452 5357 1503 5413 per
1515 5341 1621 5396 saecula
1631 5340 1719 5396 sivit:

148 5520 161 5546 ¹
176 5515 237 5583 tls,
249 5518 349 5574 Elnou.
362 5517 460 5588 pudor.
