3930 6098
109 261 159 316 409
395 322 401 331 ⁸
883 258 1079 316 consessio.
1806 265 1859 321 ato

108 397 185 446 suat.
203 392 237 445 Et
251 394 328 444 certe
342 389 472 461 quisquis
488 388 624 460 indignus
647 387 714 443 huic
738 387 809 443 lenti
835 387 952 456 aceedit,
973 389 1213 444 Amandatornm
1258 395 1373 444 tuorum
1421 391 1607 461 superbiam¹
1631 391 1773 463 rejicere:
1809 394 1859 449 sed

108 480 234 551 seipsum
248 495 309 534 non
324 478 483 550 refrigerat,
497 477 545 532 sed
561 478 664 532 exurit.
683 477 800 542 Adesto,
822 477 954 545 Domine,
1010 482 1105 531 utrum
1138 476 1303 533 assiduitate
1332 478 1460 548 ejusdem
1488 480 1603 552 ligatus,
1634 496 1666 535 ao
1694 490 1707 516 ⁸
1735 481 1858 554 segnitia

108 569 176 623 mihi
199 573 227 622 te
243 568 415 623 nescientem
435 567 540 621 sitire·
556 584 562 620 :
585 572 614 621 et
631 566 739 621 munda
753 570 784 620 ul
801 566 911 620 valeam
927 570 955 620 te
1008 566 1194 639 prepeditus,
1211 566 1287 638 quod
1305 567 1386 622 avide
1402 567 1487 638 cupio
1512 569 1632 639 implere
1648 570 1783 641 operibus
1804 587 1859 644 ne-

109 673 164 711 nou
178 657 299 726 indigne
317 657 442 711 haurire.
462 656 528 709 Ecce
551 655 625 709 Deus
640 671 721 708 meus
736 655 800 708 lons
814 656 866 709 iste
880 659 956 725 potet
1009 672 1095 726 queo.
1112 656 1166 712 Sed
1183 656 1313 727 nunquid
1330 656 1352 709 si
1367 662 1597 726 reoleouperem,
1610 664 1639 713 et
1652 676 1687 713 ex
1701 659 1858 713 totocorde

107 746 230 800 omuibus
247 745 434 799 babitantibus
454 745 610 799 Jerusalem
630 747 659 798 ia
674 744 838 799 ablutionem
859 760 954 814 pecca·
1009 751 1037 799 te
1056 744 1085 798 in
1105 745 1159 799 hoc
1173 745 1334 814 adjutorem
1350 760 1507 816 precarem,
1525 746 1595 800 mihi
1611 747 1787 817 adjutorium
1798 763 1858 802 non

109 840 204 897 torum
234 841 260 888 et
282 839 452 888 menstruale
478 832 571 903 (Zarlt.
597 848 657 898 xrvr,
687 833 723 903 l).
748 832 803 888 Sed
832 832 956 904 qualiter
1009 833 1128 904 largires
1154 834 1203 904 qui
1220 834 1306 888 etiam
1328 849 1387 888 non
1412 834 1596 904 precantibus
1611 837 1778 908 plerumque
1805 836 1856 891 ad·

108 928 206 992 polum
228 922 258 975 in
280 926 308 976 te
323 922 442 992 accipio,
459 921 509 992 qui
524 921 560 976 ad
578 921 660 976 illum
675 922 764 976 animi
783 938 881 992 gressu
898 937 956 976 non
1005 923 1086 993 jutor
1101 923 1215 977 existis?
1236 923 1373 994 Nunquid
1388 939 1445 977 uon
1470 929 1499 976 tu
1525 939 1554 977 es
1574 925 1625 996 qui
1643 940 1700 978 non
1725 924 1858 979 merenti·

108 1009 257 1082 propero?
284 1011 315 1064 Et
330 1011 380 1082 qui
395 1010 491 1064 lractis
510 1009 641 1063 cruribus
664 1010 783 1080 grabato
808 1010 955 1064 adhaerens
1009 1011 1165 1082 busequas
1185 1011 1215 1064 in
1240 1010 1352 1065 deserto
1367 1027 1400 1065 ex
1422 1017 1503 1082 petra
1523 1011 1667 1066 eduxisti?
1688 1013 1749 1067 Non
1771 1018 1802 1067 tu
1828 1029 1857 1067 es

74 1169 76 1173 ι
108 1100 264 1154 Jerusalem
280 1114 393 1170 nequeo
405 1097 538 1165 introire,
555 1115 612 1170 quo
631 1102 714 1170 pacto
736 1099 771 1153 de
787 1098 865 1153 sonte
878 1099 953 1152 salu·
1009 1099 1059 1171 qui
1074 1116 1180 1154 manna
1196 1100 1356 1155 fastidienti
1371 1100 1478 1171 populo
1494 1100 1617 1155 dedisti?
1633 1100 1687 1165 Qui
1701 1117 1790 1172 nsque
1804 1101 1856 1155 ho·

108 1188 161 1241 tari
175 1188 269 1258 ipsius
286 1204 332 1243 me
353 1187 452 1242 valebo
467 1186 591 1258 potando
607 1186 769 1242 mundare?
782 1187 812 1242 Si
828 1186 905 1240 euim
921 1203 953 1240 er
1007 1188 1053 1244 die
1080 1188 1278 1259 peccatoribus
1301 1195 1330 1243 et
1353 1188 1462 1260 iniquis
1486 1189 1578 1243 solem
1604 1194 1686 1242 tuum
1711 1188 1856 1259 producis,

107 1276 318 1330 habitatoribus
340 1275 490 1330 existerem
514 1275 700 1330 sanctissimas
731 1275 863 1341 civitatis,
895 1290 955 1328 cre·
1008 1276 1172 1348 imbresque
1186 1277 1292 1347 pietate
1306 1293 1363 1348 qua
1378 1276 1473 1331 alliaris
1488 1294 1546 1331 non
1562 1278 1653 1331 solum
1683 1277 1856 1347 hominibus,

109 1364 205 1418 desem
223 1380 270 1419 me
287 1365 427 1419 meledam
450 1364 576 1436 recipere
592 1365 721 1418 sanitatis
739 1381 745 1418 :
767 1364 835 1435 quia
859 1370 956 1434 portas
1008 1366 1055 1420 sed
1071 1366 1159 1420 etiam
1173 1364 1273 1420 bestiis
1287 1364 1405 1420 lundis?
1420 1366 1520 1420 Nonne
1532 1370 1564 1420 tu
1580 1383 1610 1419 es
1626 1366 1686 1437 ipse
1709 1367 1794 1432 Deus,
1812 1365 1858 1420 cui

107 1454 162 1523 ejus
192 1456 335 1523 occupauit
358 1455 432 1508 salus
460 1459 486 1507 et
506 1468 597 1508 muros
627 1455 716 1524 ipsius
740 1453 863 1507 laudatio
888 1453 952 1522 (isa.
1008 1470 1077 1508 cura
1099 1455 1147 1524 pia
1168 1458 1279 1508 exstuat
1299 1454 1334 1509 de
1349 1455 1503 1508 omnibus?
1519 1456 1617 1509 Nonne
1632 1458 1664 1508 tu
1680 1454 1783 1509 horrea
1800 1453 1858 1508 im-

106 1558 146 1610 is,
172 1544 212 1610 8).
239 1543 281 1597 Tu
304 1558 381 1609 vero,
411 1542 484 1596 Deus
500 1557 593 1607 meus,
610 1541 659 1613 qui
681 1541 872 1612 paralyticum
897 1556 955 1594 non
1008 1545 1121 1615 piorum
1141 1542 1305 1614 adimples?
1334 1545 1482 1598 Nonnetu
1505 1559 1588 1614 reges
1610 1543 1752 1614 imperare
1770 1542 1858 1597 etiam

106 1630 260 1685 habentem
279 1630 330 1702 qui
349 1646 378 1684 se
407 1629 436 1684 in
452 1629 602 1701 piscinam,
627 1630 696 1685 dum
721 1631 833 1685 turbata
856 1629 956 1684 luisset
1008 1631 1281 1702 servospermittis‘l
1303 1632 1402 1686 Nonne
1425 1635 1502 1686 tues
1522 1632 1571 1704 qni
1592 1632 1678 1686 etiam
1708 1630 1761 1685 tibi
1784 1629 1858 1686 resi-

108 1719 241 1784 mitteret,
266 1719 352 1774 verbo
376 1718 481 1773 curasti
497 1721 583 1784 (loon.
600 1718 646 1787 vt3
671 1718 716 1773 dic
736 1718 833 1783 verbo,
851 1723 879 1773 et
900 1718 954 1772 mi·
974 1694 1149 1773 Bstentibns
1165 1736 1301 1790 prospera
1316 1719 1441 1773 tribuis?
1455 1722 1495 1774 Tu
1510 1736 1540 1773 es
1552 1725 1627 1773 certe
1639 1720 1690 1791 qui
1703 1724 1730 1773 le
1746 1734 1858 1789 negan-

109 1824 203 1863 serum
219 1807 256 1862 ab
271 1806 416 1862 ulceribus
435 1806 574 1862 mundare
592 1807 721 1878 dignare.
739 1806 884 1878 Nunquid,
902 1808 955 1861 Do·
1010 1806 1086 1863 tibus
1102 1808 1250 1862 saecularia
1273 1806 1364 1863 mulla
1380 1807 1492 1878 largiris
1511 1825 1517 1862 :
1538 1807 1588 1878 qui
1611 1808 1698 1862 etiam
1724 1806 1857 1878 blasphe-

108 1897 192 1963 mine,
219 1895 329 1968 piscina
354 1895 404 1950 illa
428 1895 489 1950 sine
512 1900 541 1949 te
563 1894 700 1950 crrrabat‘l
726 1900 776 1950 aut
798 1895 905 1964 absque
927 1900 954 1950 le
1011 1897 1500 1972 mantestenonsolumoperibus,
1518 1901 1626 1966 utego,
1653 1895 1857 1951 verumetiam

108 1986 226 2041 virtutes
251 1986 328 2057 ipsas
352 1987 506 2040 sanitatum
531 1984 717 2040 ostendebat?
742 1983 831 2038 Absit.
855 1984 897 2039 Tu
926 2000 956 2038 es
1010 2001 1060 2039 ore
1075 1985 1200 2056 vipereo,
1216 1985 1293 2039 cibas
1316 1989 1401 2056 atque
1430 1990 1580 2039 sustentas.
1607 1985 1698 2055 Opera
1722 1983 1800 2038 euim
1829 1989 1857 2038 te

109 2074 268 2128 enimsalns
283 2074 540 2142 infirmantium,et
553 2078 640 2145 perte
655 2073 829 2144 ubicunque,
847 2073 889 2126 vel
905 2089 956 2144 per
1010 2073 1268 2128 clementissimum
1283 2073 1413 2145 derogat,
1428 2074 1479 2145 qui
1493 2077 1542 2127 tna
1556 2077 1698 2144 praecepta
1721 2088 1780 2126 non
1802 2071 1855 2124 im·

109 2178 305 2234 quoscunque,
320 2163 429 2217 curatio
444 2169 487 2217 est
501 2162 692 2217 infirmorum.
708 2161 761 2216 Sed
778 2166 809 2216 ut
823 2163 955 2216 ostende·
1010 2163 1070 2234 plot
1084 2181 1092 2216 :
1108 2161 1208 2232 lingua
1222 2177 1288 2215 vero
1303 2166 1331 2215 te
1355 2166 1384 2216 et
1404 2177 1489 2232 opere
1514 2161 1639 2230 impetit,
1661 2159 1711 2231 qni
1733 2159 1858 2231 qualiter

110 2266 151 2305 res
166 2251 371 2306 multimodam
390 2250 619 2322 magnitudinem
641 2255 731 2317 tuam,
754 2253 782 2303 et
801 2249 883 2319 juxto
900 2265 957 2303 me·
1010 2251 1166 2305 credendus
1181 2267 1210 2303 es
1226 2251 1250 2319 d,
1271 2250 1470 2305 subsannando
1486 2266 1544 2304 nou
1558 2249 1655 2304 credit.
1674 2248 1763 2303 Etiam
1781 2246 1857 2319 quod

110 2338 162 2393 rita
193 2339 375 2409 singulorum
399 2345 427 2393 te
452 2339 649 2395 laborantibus
672 2338 778 2409 largire
803 2337 954 2401 medelam,
1011 2339 1244 2394 aeonlitentibus
1260 2339 1393 2393 recensiri
1410 2339 1609 2409 blasphemum
1626 2343 1678 2404 est,
1693 2337 1857 2391 ludaeorum

111 2431 136 2480 et
148 2427 228 2499 quod
246 2428 332 2483 variis
346 2428 542 2483 occasionibus
558 2427 640 2482 nobis
654 2427 792 2496 pietatem
808 2430 887 2480 tuam
902 2425 956 2480 tri·
1012 2428 1117 2483 [stores
1140 2430 1171 2481 tu
1196 2427 1284 2492 vides,
1308 2443 1381 2499 quos
1400 2443 1457 2481 nou
1482 2428 1602 2495 ultione,
1627 2426 1676 2480 sed
1700 2424 1857 2480 inaestima-

111 2512 178 2568 bues
192 2514 393 2582 effectuosam
409 2515 476 2570 inde
496 2514 568 2569 alios
590 2530 643 2585 per
657 2530 687 2568 se
709 2513 906 2584 gradientibus
920 2513 956 2567 ad
1011 2517 1062 2572 bili
1076 2516 1202 2570 bonitate
1225 2516 1354 2586 quotidie
1374 2515 1461 2572 foves.
1487 2521 1544 2570 Aut
1567 2515 1688 2570 forsitan
1711 2514 1858 2569 latendum

111 2602 193 2656 vitam
208 2618 302 2669 curas,
319 2602 487 2657 aliosdesua
502 2602 592 2657 salute
607 2601 822 2674 negligentibus
832 2603 957 2672 gratuita
1012 2612 1063 2673 est,
1093 2610 1120 2660 te
1147 2606 1265 2660 alterius
1291 2622 1350 2661 non
1373 2606 1455 2660 istius
1482 2606 1577 2660 saecnli
1596 2605 1788 2674 conditorem,
1809 2589 1859 2659 ubi

112 2691 294 2745 miseratione
323 2693 480 2748 emundas:
508 2692 662 2746 ostendens
693 2690 786 2757 nobis,
813 2691 958 2745 sublimis·
1011 2693 1117 2765 impios
1144 2695 1302 2748 secundum
1327 2695 1405 2765 quod
1438 2699 1586 2749 merentur
1611 2692 1767 2765 judicando
1790 2709 1860 2746 eon-

111 2779 179 2834 sime
191 2781 277 2848 Deus,
292 2780 361 2852 qnia
372 2797 429 2835 non
439 2780 516 2835 unde
526 2781 714 2852 presumptio
725 2787 822 2836 nostra
835 2780 957 2835 salutem
1012 2783 1142 2848 demnas,
1168 2786 1196 2836 et
1217 2783 1280 2852 pios
1304 2782 1491 2854 glorificando
1519 2783 1660 2837 coronas?
1684 2782 1773 2836 absit.
1798 2783 1859 2837 lmo

112 2883 138 2922 se
150 2869 277 2923 aestimat
290 2868 448 2940 adipiscere
462 2869 583 2936 invenit,
599 2869 649 2923 sed
671 2868 746 2922 unde
762 2868 810 2939 pie
829 2873 912 2939 pater
930 2868 957 2922 ei
1012 2871 1097 2925 corde
1113 2887 1185 2942 puro
1209 2876 1238 2925 et
1252 2886 1302 2925 ore
1327 2872 1425 2940 patulo
1450 2871 1571 2925 tirmiter
1585 2870 1780 2925 confitendum
1804 2875 1856 2925 est.

112 2957 300 3012 ministrando
316 2958 409 3028 ipsam
424 2961 546 3014 salutem
569 2957 709 3028 impertis.
724 2957 886 3028 impertire,
904 2958 957 3012 Do·
976 2999 995 3052 C
1012 2968 1039 3014 te
1054 2964 1083 3014 et
1104 2959 1185 3013 istius
1202 2964 1231 3012 et
1253 2958 1371 3013 alterius
1396 2959 1526 3029 praeclari
1549 2960 1645 3014 saeculi
1668 2959 1856 3013 conditorem.

112 3046 184 3101 mine
195 3046 283 3114 Deus,
297 3046 378 3118 quasi
394 3048 478 3113 Deus,
489 3046 601 3101 homini
613 3045 876 3101 immensurabilem
892 3061 955 3116 gra·
1013 3047 1067 3102 Sed
1093 3047 1140 3100 hic
1164 3046 1322 3100 bonitatem
1353 3062 1421 3117 erga
1445 3052 1605 3101 creaturam
1634 3046 1771 3111 ostendis,
1800 3046 1859 3101 illic

112 3135 188 3204 tiam,
201 3140 231 3190 et
242 3135 481 3206 multiplicaerga
494 3136 643 3201 miserum,
659 3135 733 3189 sicut
746 3134 845 3188 omnia
856 3138 958 3204 potans
1011 3135 1160 3189 veritatem
1191 3135 1345 3206 judicando
1373 3134 1519 3189 discernis.
1550 3135 1600 3189 llic
1625 3134 1717 3205 pietas
1746 3139 1795 3188 tua
1825 3139 1858 3188 ut

110 3223 333 3278 misericordiam
362 3223 538 3278 affluentem.
572 3224 674 3295 leriga,
706 3223 837 3290 Bonane,
871 3238 958 3293 squa-
1012 3224 1126 3294 dignos,
1160 3223 1199 3278 ita
1228 3223 1363 3293 indignos
1392 3226 1555 3278 sustentat:
1583 3222 1642 3277 illic
1663 3223 1775 3294 justitia
1808 3228 1858 3278 tua

109 3312 212 3367 lentem
233 3318 341 3367 terram
358 3328 462 3378 meam,
487 3316 519 3368 ut
538 3312 631 3367 imbre
647 3317 697 3366 tuo
725 3310 872 3381 irrigatam
897 3309 957 3365 lru·
1011 3312 1114 3382 dignos
1143 3317 1271 3381 coronat,
1295 3312 1429 3383 indignos
1453 3319 1549 3366 autem
1570 3311 1646 3381 juste
1674 3311 1855 3381 condemnet.

110 3401 208 3455 ctillcet
235 3401 370 3455 arborem
405 3401 590 3456 fructuosam.
622 3405 749 3471 asperge
783 3415 838 3460 me.
872 3399 957 3461 Deus,
1012 3399 1061 3454 llic
1080 3401 1250 3471 plerumque
1273 3400 1445 3455 eruciatibus
1466 3399 1686 3471 justosprohat,
1704 3415 1775 3469 quos
1799 3398 1859 3453 illic

109 3487 267 3544 dulcedinis
282 3494 340 3544 tuce
356 3505 432 3556 rore,
449 3494 478 3544 et
492 3490 623 3559 complue
639 3493 764 3544 mentem
783 3504 877 3543 meam
903 3489 957 3542 im·
1012 3488 1041 3543 in
1067 3489 1229 3544 caelestibus
1248 3489 1444 3543 mansionibus
1459 3488 1627 3543 ascribendo
1654 3490 1772 3542 coronat
1788 3504 1794 3542 :
1812 3487 1858 3542 hic

111 3575 206 3631 bribus
232 3578 334 3648 gratiae
349 3582 416 3632 tuce.
433 3578 514 3649 llogo
537 3577 626 3647 enim,
641 3577 769 3650 piissime
781 3578 864 3645 Deus,
890 3576 959 3647 quia
1012 3579 1098 3633 etiam
1115 3594 1191 3649 soepe
1206 3583 1320 3632 sanctos
1343 3583 1518 3645 remunerat,
1535 3577 1621 3632 uteie
1641 3582 1757 3649 gustum
1775 3576 1858 3632 bonae

110 3668 138 3719 tu
160 3682 208 3720 me
229 3665 341 3736 jussisti
365 3682 490 3735 rogare:
514 3671 543 3721 et
565 3667 640 3721 lianc
664 3671 780 3720 tenuem
804 3665 957 3720 scintillam
1010 3666 1251 3721 remunerationis
1266 3667 1418 3720 ostendens
1438 3666 1638 3737 desperatione
1658 3681 1713 3718 non
1734 3665 1855 3735 lrangat.

111 3754 149 3808 lui
162 3754 277 3809 timoris
291 3771 324 3809 ex
339 3761 368 3809 te
381 3755 489 3810 inserta
504 3759 547 3809 est
561 3755 631 3810 milri
649 3770 755 3826 :quam
772 3758 805 3808 ut
826 3753 957 3825 augendo
1012 3756 1045 3809 Et
1057 3771 1133 3826 saepe
1153 3754 1279 3825 iniquos,
1294 3770 1311 3808 o
1330 3755 1402 3808 Deus
1424 3769 1515 3820 meus,
1532 3753 1573 3807 eis
1597 3753 1683 3805 etiam
1700 3752 1791 3822 plagis
1815 3750 1858 3805 al-

112 3843 291 3914 mnltiplices‚
317 3847 346 3897 et
365 3843 587 3913 multiplicatam
611 3847 750 3913 acceptes,
767 3858 866 3913 quaeso
881 3857 956 3912 pros·
1011 3840 1103 3911 lligis;
1130 3844 1159 3894 et
1173 3856 1224 3911 per
1238 3841 1330 3910 ipsam
1343 3841 1418 3910 juste
1433 3840 1462 3893 in
1487 3839 1527 3893 eis
1548 3840 1657 3893 illatam
1673 3838 1856 3904 sententiam,

113 3931 225 3998 cordiis,
252 3936 286 3986 ut
311 3936 342 3986 tu
372 3933 457 3999 nosti,
482 3930 612 3985 internis.
638 3931 708 3985 Nam
734 3946 797 3984 ecce
820 3931 958 4002 iniquitas
1011 3930 1082 3983 alios
1098 3944 1197 3983 eorum
1218 3928 1325 3982 similes
1340 3927 1522 3982 terrificando
1544 3928 1679 3982 deterres.
1707 3925 1756 3980 llic
1780 3925 1857 3979 enim

113 4034 171 4073 mea
196 4020 353 4075 intentam
380 4019 628 4075 crassitudinemb
650 4019 738 4083 venit,
760 4023 792 4073 ut
813 4019 909 4089 ipsum
928 4023 957 4074 te
1012 4018 1117 4072 seritur
1131 4017 1209 4089 quod
1224 4017 1282 4071 illic
1305 4017 1433 4070 metitur.
1455 4017 1512 4071 Neo
1527 4016 1568 4070 las
1596 4020 1637 4070 est
1659 4015 1745 4081 credi,
1775 4013 1856 4069 illum

114 4108 222 4163 videndi
243 4108 354 4163 aditum
371 4107 441 4162 mibi
457 4107 662 4162 concluderet:
684 4113 713 4162 et
736 4108 765 4161 in
789 4111 847 4160 lam
872 4107 955 4160 innu-
1011 4106 1160 4161 lucifluum
1187 4105 1323 4160 saeeulunr
1347 4109 1498 4175 peccantes
1522 4104 1660 4175 recipere,
1685 4103 1715 4156 in
1741 4118 1798 4174 quo
1827 4107 1857 4156 lu

115 4197 263 4251 merabiles
291 4196 398 4251 formos
435 4196 583 4262 dividitur,
612 4200 644 4250 ut
679 4211 712 4249 ex
740 4211 798 4250 una
823 4195 958 4265 superbia
1012 4194 1260 4249 eumsustinendo
1281 4193 1414 4263 dignatus
1437 4208 1465 4246 es
1485 4191 1629 4262 habitare;
1654 4206 1740 4263 quem
1763 4192 1857 4245 locum

115 4289 198 4338 natm
214 4284 314 4338 multae
329 4284 505 4338 robustiores
529 4282 598 4338 filice
620 4283 748 4355 quotidie
764 4283 902 4337 oriantur.
925 4284 958 4337 Et
977 4283 1211 4348 pretribntionis
1231 4282 1352 4352 justitiae
1377 4298 1437 4335 esse
1464 4280 1618 4336 revolvisti.
1645 4279 1726 4342 Quod
1750 4280 1775 4334 si
1795 4280 1857 4334 liceo

115 4386 179 4441 quas
198 4372 394 4437 dinumerare,
418 4387 471 4426 nec
495 4370 674 4443 perpendere
696 4388 787 4443 queo;
813 4372 957 4443 quomodo
1011 4373 1107 4427 omnia
1122 4387 1188 4444 quae
1203 4388 1219 4425 a
1236 4386 1281 4425 me
1301 4371 1413 4441 digesta
1435 4374 1512 4436 sunt,
1528 4375 1556 4424 et
1572 4369 1627 4424 alia
1654 4369 1773 4440 majora,
1792 4384 1857 4440 quae

114 4459 254 4516 destruere
287 4460 411 4516 valebo?
432 4461 516 4516 Certe
541 4459 619 4514 enim
648 4477 679 4514 er
704 4459 838 4531 superbia
864 4459 957 4514 omnis
1010 4477 1087 4515 ame
1103 4460 1209 4514 omissa
1229 4463 1306 4527 saint,
1327 4457 1456 4528 quotidie
1471 4457 1501 4511 in
1525 4473 1582 4512 non
1596 4457 1773 4511 merentibus
1789 4473 1857 4527 ope-

113 4546 245 4620 iniquitas
265 4554 362 4621 captat
383 4548 570 4621 principium,
584 4548 652 4619 quia
668 4564 754 4603 omne
768 4548 845 4619 quod
862 4547 957 4617 agitur
1009 4565 1070 4614 ras3
1091 4564 1147 4614 me,
1164 4549 1220 4603 Rex
1239 4562 1352 4617 regum,
1377 4546 1513 4617 exiguum
1537 4550 1566 4599 et
1588 4562 1661 4616 pena
1686 4562 1739 4617 pro
1764 4545 1856 4599 nihilo

112 4637 205 4692 vitium
230 4653 264 4692 er
293 4642 458 4708 contemptu
495 4637 697 4691 mandatorum
726 4641 843 4690 tuorum
871 4636 957 4691 habet
1009 4640 1219 4706 computatum,
1239 4650 1328 4705 qnare
1352 4633 1570 4689 nonmundas‘l
1595 4633 1646 4688 Hic
1667 4633 1745 4688 enim
1777 4650 1857 4689 mnn-

112 4725 267 4780 exordium.
285 4727 319 4780 El
340 4725 406 4780 ideo
429 4726 502 4779 bene
527 4724 670 4796 superbire
696 4723 847 4779 ascribitur
870 4724 955 4795 quid·
1009 4725 1155 4780 dationem
1182 4723 1308 4794 inquiro,
1334 4723 1381 4777 hie
1411 4722 1649 4787 misericordiam,
1681 4738 1779 4791 posco,
1810 4723 1856 4776 hic

113 4814 176 4884 quid
204 4815 241 4870 ab
263 4814 381 4869 bomine
405 4813 610 4869 contradicenti
626 4813 678 4868 tibi
706 4829 826 4884 perpere
839 4813 953 4884 agitur:
1008 4813 1120 4867 veniam
1139 4817 1322 4883 peccatorum
1339 4811 1477 4881 efflagito,
1494 4810 1856 4883 quiaininlernonullam

110 4904 172 4972 qnia
187 4904 243 4958 nisi
257 4903 310 4957 tibi
326 4903 519 4975 omnipotenti
534 4903 682 4975 superbire
698 4906 859 4970 conaretur,
883 4918 955 4955 uun·
1007 4901 1214 4973 professionem
1252 4889 1464 4968 proleciuosam
1490 4916 1550 4953 esse
1574 4899 1697 4953 confido.
1726 4898 1806 4962 Quod
1831 4896 1854 4949 si

109 5007 193 5061 qnam
208 4991 310 5046 illicita
325 5008 411 5062 opere
434 4996 484 5046 aut
496 4997 593 5046 mente
614 4995 763 5062 patraret:
781 4995 809 5045 et
829 4990 892 5044 ideo
907 5006 954 5042 su·
985 5051 988 5057 ,
1006 4988 1126 5045 lorsitan
1141 4988 1326 5059 exspectaris,
1344 4991 1375 5041 ut
1387 4988 1537 5042 extendam
1552 4986 1740 5057 pusillitatem
1761 4999 1854 5037 meam

104 5079 210 5147 petbus
233 5084 263 5132 et
277 5094 416 5149 arrogans
431 5079 577 5150 quomodo
596 5078 673 5133 adte
689 5078 829 5132 humilem
859 5076 955 5131 veniat
1006 5079 1042 5133 ad
1066 5077 1298 5148 magnitudinem
1321 5082 1399 5131 tuam
1424 5077 1601 5141 intuendam,
1618 5087 1724 5144 quaeso,
1750 5071 1854 5142 largire

105 5182 161 5221 non
182 5166 302 5232 invenit,
322 5167 392 5238 quia
405 5172 433 5221 te
457 5167 597 5238 superbos
620 5183 679 5221 non
700 5165 832 5237 probare,
854 5165 903 5220 sed
926 5169 954 5220 te
1006 5166 1080 5220 vires
1096 5164 1258 5220 tendendi·
1274 5169 1302 5219 et
1316 5164 1413 5235 prebe
1425 5168 1529 5218 statum
1543 5162 1572 5216 in
1585 5159 1778 5215 anterioribus
1790 5174 1855 5212 am-

102 5254 243 5310 detestare
272 5254 417 5326 cognovit
443 5255 545 5328 Cupio,
564 5256 695 5322 Domine,
718 5252 953 5309 contradictionis
1006 5253 1126 5325 pliandi,
1143 5252 1187 5307 vel
1205 5252 1299 5324 potius
1324 5252 1354 5306 in
1374 5250 1496 5305 sublime
1511 5249 1598 5320 pedes
1613 5245 1766 5317 erigendi:
1787 5245 1855 5317 quia

135 5405 149 5430 ⁸
168 5395 232 5461 lis,
245 5394 331 5451 sitim
1041 5397 1056 5438 d
1075 5396 1139 5459 lla„
1150 5400 1198 5450 est.

135 5469 150 5510 t
170 5465 234 5532 tls,
249 5465 460 5536 prasimdiuem.
1041 5474 1053 5502 a
1071 5465 1136 5532 tls,
1153 5465 1282 5522 teulendi.

135 5547 146 5571 ⁶
167 5535 232 5602 tls,
247 5537 317 5592 tuuc
328 5539 455 5607 sepulta.
