3930 6098
104 289 152 344 tlt
785 290 911 346 arvam
931 287 1175 346 CORDUBENSIS
1804 289 1859 345 tta

107 427 136 479 et
150 423 270 493 pusillus
280 426 386 476 statura
401 420 533 476 Zachaeus
547 429 560 455 ⁸
569 420 636 474 licet
649 437 677 474 se
688 421 861 488 extenderet,
873 425 901 474 te
912 419 949 474 vi·
968 419 1108 476 Aintimo
1124 421 1207 475 corde
1223 419 1276 475 tibi
1286 419 1316 474 in
1326 419 1406 475 omni
1417 436 1503 490 opere
1515 436 1610 492 parce.
1629 421 1713 489 Dens,
1730 422 1858 476 claman-

107 511 413 580 dereminimeposset,
421 508 444 562 si
454 509 784 580 sycomorialtitudmem
797 526 852 563 non
864 510 955 564 adiret
1007 514 1077 565 tem.
1108 511 1204 578 Parce,
1223 511 1306 576 Deus,
1330 526 1425 580 perce,
1450 514 1478 564 et
1490 509 1596 564 scelera
1608 525 1672 563 mea
1690 515 1721 563 tu
1737 510 1803 581 pius
1818 509 1859 563 di·

107 601 183 672 (Luc.
201 600 269 666 xm).
280 600 310 651 lit
321 614 386 651 vere
396 604 425 652 te
439 597 500 669 ipse
511 597 695 663 oculisvidet,
710 598 952 669 qui2presoeptIal·
1008 598 1099 652 mitte.
1118 599 1248 669 Indulge,
1264 598 1500 653 clementisssIme
1516 599 1601 666 Dens,
1614 603 1641 651 et
1654 598 1730 651 mala
1746 614 1812 651 mea
1827 603 1859 650 lu

106 687 261 742 titudinem
276 691 363 754 tenet,
386 687 435 757 qni
460 686 566 741 mundo
581 687 666 741 corde
688 686 718 740 in
741 687 875 741 arborem
891 687 953 741 vilae
1008 687 1170 741 misericors
1193 692 1280 756 terge.
1306 687 1433 754 Peccavi,
1458 687 1590 752 Domine,
1610 687 1735 756 peccavi,
1758 692 1787 740 et
1803 687 1858 739 ini·

105 773 286 827 cnnscendot.
302 773 356 828 Sed
377 775 506 846 nunquid
522 775 639 829 scandet
662 775 696 829 ad
723 791 853 845 superos,
887 791 952 829 curn
1008 775 1131 847 quitates
1146 791 1223 829 meas
1238 791 1291 846 ego
1316 775 1539 846 agnosco(Psol.
1568 773 1605 846 ι).
1624 777 1702 839 Pelo,
1724 775 1858 842 Domine,

105 860 242 932 iniquitas
264 863 402 933 praecedit
427 864 462 917 ad
486 863 615 918 inieras?
641 863 739 918 Absit:
765 864 835 935 quin
858 864 953 934 polius
1007 865 1123 919 remitte
1140 863 1222 932 mihi,
1237 869 1264 918 et
1279 865 1404 935 hyssopo
1418 863 1552 919 verbitni
1568 864 1718 918 vulnerosa
1750 865 1860 917 viscera

104 949 167 1020 ipse
183 951 257 1004 valet
273 968 323 1021 per
341 956 379 1017 te,
393 951 443 1023 qui
471 969 538 1006 vere
561 953 607 1006 via
631 969 670 1020 es,
697 952 829 1023 gradere,
852 958 882 1007 et
902 969 954 1023 per
1008 969 1216 1024 meaasperge.
1233 952 1731 1023 Subveni,Domiue,perditovago‚
1750 957 1859 1022 etpro-

104 1042 132 1093 te
149 1038 184 1092 ad
200 1039 287 1093 vitam
310 1045 458 1103 aeternam,
483 1046 592 1111 quaelu
611 1057 651 1107 es,
677 1045 883 1109 conscendere,
907 1042 954 1097 cui
1008 1042 1075 1112 lugo
1096 1047 1124 1095 et
1145 1046 1195 1095 tuo
1211 1057 1276 1095 enm
1296 1047 1392 1095 sancto
1409 1057 1528 1094 munere
1551 1040 1710 1111 praesidIo:
1732 1044 1764 1094 nt
1791 1039 1860 1110 qnia

105 1131 137 1181 tn
154 1143 270 1199 gressus
285 1128 456 1183 stabiliendo
473 1129 595 1199 dIgnast
618 1129 753 1200 dIrigere.
769 1131 873 1201 Dirige,
900 1133 953 1186 Do·
1007 1128 1098 1185 nostri
1113 1129 1297 1184 milleformes
1311 1129 1403 1183 hostis
1423 1127 1479 1182 mei
1495 1128 1622 1196 insidias,
1638 1133 1666 1182 et
1684 1127 1859 1198 multiplices

104 1216 194 1283 mine,
209 1233 320 1287 gressus
338 1232 427 1280 meos,
442 1222 470 1271 et
486 1216 521 1273 sit
536 1219 650 1272 lucerna
665 1220 784 1273 verbum
806 1224 888 1274 tunm
903 1237 952 1291 pe·
1007 1217 1184 1284 illusionum,
1201 1218 1338 1289 perducas
1353 1233 1398 1271 me
1414 1217 1450 1272 ad
1473 1222 1511 1283 te,
1529 1216 1579 1287 qui
1599 1233 1662 1270 rere
1685 1216 1790 1271 tutatio
1804 1231 1834 1269 es
1851 1231 1859 1269 ι

106 1304 189 1359 dibus
211 1305 282 1358 meis
304 1305 392 1372 (Psal
417 1321 509 1370 cxviii,
528 1306 599 1376 toli),
631 1312 662 1359 ut
691 1308 752 1361 lnce
779 1312 829 1362 tua
848 1309 955 1363 illumi·
1008 1305 1223 1378 nondisjungas
1242 1323 1248 1360 :
1267 1307 1369 1376 etejus
1387 1304 1858 1375 Iraudesiuvictapoteutiaelide,

105 1399 200 1459 natus,
221 1397 248 1446 ct
269 1393 390 1448 dexterae
406 1400 462 1448 tuae
482 1395 621 1449 tutatione
637 1396 774 1463 munitus,
791 1398 899 1452 valeam
923 1397 954 1452 iu
1008 1395 1059 1466 qui
1078 1397 1155 1449 vales
1171 1394 1310 1466 quidquid
1327 1393 1544 1464 cupisimplere.
1560 1393 1637 1448 Tolle
1650 1409 1705 1452 me,
1725 1392 1858 1457 Domine,

105 1481 195 1551 portis
220 1481 312 1535 ιιιιιιιι
335 1480 401 1535 Sion
416 1481 511 1536 dulces
535 1482 657 1552 psallero
678 1483 809 1554 hymnos.
834 1486 953 1539 Domine
1009 1484 1091 1551 mihi,
1108 1488 1136 1537 et
1151 1483 1237 1538 redde
1254 1499 1299 1537 ma
1314 1482 1366 1537 tibi
1380 1500 1387 1538 :
1402 1483 1470 1536 tolle
1486 1482 1594 1536 malum
1620 1497 1728 1547 meum,
1752 1486 1786 1535 ut
1810 1481 1860 1535 bo·

106 1568 180 1623 Dens
194 1565 274 1623 meus
298 1570 447 1624 miserator
466 1575 495 1625 et
514 1572 685 1639 misericors,
705 1575 814 1643 respice
836 1590 882 1628 me
906 1591 954 1628 rs-
1008 1587 1077 1627 num
1090 1571 1237 1642 perlruam
1253 1577 1335 1625 tuum
1353 1569 1441 1625 :tolle
1456 1586 1502 1624 me
1516 1586 1599 1634 ame,
1612 1574 1641 1622 et
1654 1570 1758 1624 colloca
1777 1569 1859 1640 juxta

105 1660 202 1727 spectu
235 1656 361 1727 pietatis,
390 1664 418 1712 et
440 1657 547 1713 intuitu
580 1659 784 1715 miserIcordiae
812 1667 870 1716 tna
896 1677 953 1733 qno
974 1659 1762 1761 Bte,etonjusvultmannspugnettunccontrame
1785 1655 1856 1722 (deb.

106 1745 178 1800 soles
196 1750 360 1815 peccatores
374 1745 523 1817 respicere,
538 1762 644 1818 eosque
663 1749 737 1803 adte
760 1765 793 1803 ex
816 1750 897 1804 devia
913 1767 955 1804 re·
1008 1765 1075 1815 xvir,
1092 1749 1129 1818 3).
1144 1748 1222 1803 Tolle
1246 1747 1364 1818 propria
1388 1763 1461 1809 mea,
1486 1746 1555 1800 vitio
1580 1761 1645 1801 meo
1665 1750 1814 1817 concepta,
1829 1749 1859 1799 et

106 1849 217 1888 vocare.
234 1834 377 1903 Miserere,
394 1835 526 1890 Domine.
552 1835 697 1904 miserere,
715 1844 742 1891 et
764 1838 877 1892 veniam
903 1839 952 1893 tri·
1009 1837 1327 1909 praehenIgnitatetua
1350 1835 1487 1890 confecta.
1516 1836 1595 1890 Tolle
1621 1834 1697 1905 quod
1724 1850 1757 1889 ex
1792 1848 1857 1888 meo

105 1923 162 1978 bue
178 1927 206 1977 ta
220 1923 323 1977 oranti.
342 1924 461 1992 Exaudi,
479 1923 608 1986 Datame,
625 1924 738 1992 exandi,
764 1929 793 1979 et
814 1924 953 1996 iniquita·
1008 1925 1110 1994 habeo,
1125 1930 1153 1980 et
1167 1925 1263 1980 conler
1274 1925 1351 1997 qnod
1367 1928 1422 1978 ate
1438 1923 1659 1996 lacrymabiliter
1672 1929 1749 1992 peto.
1778 1923 1856 1978 Exue

105 2014 149 2065 tes
176 2027 256 2066 meas
288 2018 318 2066 tn
347 2012 467 2066 dimitte.
501 2014 661 2084 Disrumpe,
679 2015 809 2082 Domine,
840 2014 955 2070 vincula
1009 2031 1056 2069 me
1073 2015 1153 2080 meis,
1168 2018 1197 2068 et
1212 2014 1315 2068 induar
1334 2012 1397 2068 tuis.
1414 2012 1510 2067 Exime
1523 2017 1617 2067 totum
1641 2028 1718 2067 mea
1741 2028 1799 2078 me,
1825 2016 1857 2067 ut

106 2104 289 2170 peccatorum
306 2115 447 2170 meorum,
463 2101 664 2156 utsaoritieem
680 2101 731 2156 tibi
752 2103 872 2157 hostiam
889 2103 953 2157 lau·
1009 2108 1086 2159 totus
1102 2103 1235 2157 restituar
1253 2101 1306 2157 tibi
1322 2119 1328 2157 :
1346 2107 1378 2157 ut
1395 2103 1464 2156 dum
1481 2102 1571 2156 hostis
1592 2117 1673 2155 meus
1690 2099 1784 2154 tnain
1811 2117 1857 2154 me

106 2187 158 2244 dis.
178 2190 246 2243 Peto
264 2189 394 2255 Domine,
414 2189 531 2260 indulge
547 2190 630 2258 mihi,
642 2195 829 2262 etpecoatum
845 2208 953 2258 meum,
1009 2189 1087 2246 aarer
1104 2191 1215 2257 viderit,
1239 2191 1329 2261 magis
1343 2191 1441 2262 lugam
1467 2189 1586 2260 pedibus
1612 2189 1743 2259 Imperet,
1768 2204 1857 2260 quam

106 2277 158 2331 tibi
172 2277 319 2347 cognitum
334 2277 397 2345 soli,
416 2283 445 2331 tu
462 2279 628 2345 deludere,
646 2280 776 2347 Domine,
791 2280 887 2335 labare
910 2297 955 2334 ma
1009 2295 1055 2333 me
1071 2279 1210 2334 insectare
1227 2280 1349 2334 luetluet.
1375 2281 1455 2346 Ecce,
1474 2279 1603 2344 Domine,
1627 2278 1704 2333 credi
1727 2290 1751 2345 s,
1771 2283 1800 2332 et
1825 2283 1856 2330 tn

105 2363 160 2419 hoc
180 2366 297 2420 llumine
311 2366 406 2420 volni:
422 2366 469 2421 sed
485 2367 580 2420 sordes
596 2382 668 2421 meas
683 2373 955 2438 permanentretus-
1009 2367 1080 2422 mihi
1098 2384 1182 2438 posse
1198 2368 1311 2423 dedisti.
1337 2367 1473 2438 Nunquid
1489 2366 1546 2421 dixi
1571 2367 1718 2421 millenam
1743 2370 1857 2437 partem

106 2457 164 2508 tate
179 2471 229 2508 sua
249 2454 420 2520 durissimae,
434 2459 462 2509 et
477 2456 641 2524 penenullo
654 2454 799 2511 turmine
814 2458 953 2524 elnendae,
1009 2472 1042 2511 ex
1061 2457 1143 2510 matis
1157 2457 1238 2524 meis,
1258 2464 1307 2511 ant
1325 2456 1462 2528 explicavi
1475 2472 1510 2510 ex
1523 2455 1677 2510 sceleribus
1700 2455 1772 2508 meis
1802 2454 1856 2508 nisi

107 2541 162 2597 nisi
184 2543 284 2614 gratiae
299 2550 356 2598 tuoe
372 2543 489 2598 forsitan
511 2559 586 2598 rore.
611 2544 748 2615 Nunqnid
772 2547 821 2616 qui
846 2546 955 2600 Numan
1008 2544 1179 2614 particulam
1195 2545 1333 2599 tennem‘l
1350 2545 1411 2599 Dixi
1427 2545 1504 2599 enim
1524 2559 1585 2598 non
1602 2549 1742 2613 qrrantum
1758 2543 1854 2607 debui,

107 2630 350 2703 leprosumaugit
371 2644 384 2675 ⁰
407 2631 540 2687 iordanis
560 2633 655 2687 eluisti
683 2634 737 2704 (Ν
758 2637 821 2702 Dee.
851 2645 888 2705 ι),
909 2650 955 2689 me
1010 2633 1058 2688 sed
1074 2639 1213 2703 quantum
1228 2637 1259 2686 tu
1276 2633 1347 2687 mihi
1364 2633 1458 2688 dicere
1471 2631 1639 2703 permisisti,
1661 2636 1688 2685 et
1713 2636 1855 2702 quantum

107 2735 166 2774 non
189 2720 333 2775 valestuo
355 2724 466 2775 tantum
496 2736 627 2776 sermone
651 2723 766 2777 labaret
794 2727 953 2792 l‘oteuses,
1011 2722 1382 2792 dicendumjussisti.tnbc
1403 2725 1445 2789 tu,
1463 2721 1594 2789 Domine,
1619 2723 1766 2789 acceptare
1793 2735 1858 2789 qua·

108 2809 240 2875 Domine,
256 2814 284 2864 et
299 2808 494 2864 misericordia
510 2815 559 2864 tua
578 2812 776 2882 superomnia
792 2829 879 2883 opera
896 2819 953 2867 tua.
1010 2810 1087 2866 diota
1108 2815 1185 2877 suut,
1213 2817 1241 2865 et
1265 2811 1365 2866 lascire
1384 2814 1398 2855 h
1422 2811 1536 2865 servulo
1553 2825 1676 2881 qnoeque
1688 2812 1717 2863 te
1732 2807 1858 2863 donante

109 2896 158 2952 Dic
174 2897 256 2963 milri,
277 2899 395 2953 Domine
414 2901 549 2968 :Lesura
564 2902 625 2954 oeni
639 2903 717 2969 lorus
732 2905 822 2972 (loon.
846 2919 883 2969 ιι,
897 2901 953 2974 ts),
1010 2900 1120 2972 digesta
1135 2903 1210 2954 sunt.
1226 2900 1259 2954 Et
1277 2899 1351 2953 sicut
1365 2915 1399 2953 ex
1414 2914 1517 2964 meme
1533 2898 1691 2952 tremulum
1708 2895 1798 2962 vides,
1815 2896 1857 2950 ni·

109 2990 137 3040 et
151 2986 246 3041 statim
264 2987 329 3042 licet
344 2987 449 3059 ligatus
461 2988 583 3058 jaceam,
607 2989 672 3044 lieet
695 2992 869 3062 putrefactus
884 3008 956 3063 qua·
973 2984 1107 3058 Chilque
1122 2987 1177 3042 uisi
1192 3004 1226 3042 ex
1243 2992 1270 3042 te
1297 2991 1521 3059 presumentem
1548 2984 1715 3058 cognoscis;
1742 2984 1785 3039 ita
1813 2999 1858 3038 me

108 3074 259 3129 triduanus
271 3075 332 3148 jem
345 3076 502 3142 leteom,ad
513 3094 610 3132 vocem
630 3081 720 3146 tuam,
734 3084 763 3134 et
784 3080 956 3135 solutionem
1010 3077 1056 3147 pie
1069 3077 1164 3148 opifex
1178 3079 1269 3132 totum
1280 3076 1411 3137 dolende,
1423 3075 1551 3147 quiaJme
1564 3079 1656 3129 totum
1669 3077 1764 3128 lotum
1780 3087 1858 3127 com-

107 3167 137 3217 et
158 3163 276 3218 odorem
301 3181 366 3220 cum
388 3166 444 3220 vita
463 3166 571 3237 pariter
592 3167 714 3238 capiam.
743 3167 837 3223 linire
860 3169 956 3222 oculos
1010 3165 1098 3220 misi:
1124 3169 1155 3220 ut
1173 3166 1276 3220 sicula
1300 3169 1328 3219 te
1354 3164 1495 3230 conditus,
1516 3168 1622 3234 tuoque
1646 3177 1765 3216 munere
1788 3162 1858 3215 vita·

108 3251 202 3306 cordis
225 3253 290 3319 mei,
318 3254 450 3320 Domine,
468 3256 527 3309 luto
553 3255 603 3309 illo
628 3272 685 3326 qno
702 3256 768 3310 caeei
795 3257 956 3327 corporales
1010 3254 1067 3309 lem
1083 3254 1385 3325 hunccapiossatum,
1407 3252 1858 3321 etatctotusexisto,totusque

109 3340 209 3394 oculos
227 3340 339 3394 illinisti
355 3341 443 3412 (loon.
462 3359 500 3407 rx,
520 3343 556 3412 6),
577 3347 609 3395 ut
633 3343 707 3397 slent
728 3344 775 3397 ille
799 3325 955 3416 corporali·
1010 3342 1146 3411 subsisto,
1162 3347 1310 3414 atqueper
1323 3348 1351 3397 te
1369 3347 1445 3397 totus
1458 3341 1620 3411 redemptus
1634 3341 1664 3393 in
1679 3338 1789 3393 mundo
1803 3337 1857 3392 isto

109 3431 153 3481 ter
167 3427 266 3481 lumen
281 3430 387 3483 meruit
401 3430 538 3499 recipere,
560 3430 600 3483 ita
616 3434 644 3484 et
660 3447 712 3501 ego
733 3432 895 3486 mentaliter
914 3433 955 3486 ln·
1010 3430 1124 3487 mortali
1140 3431 1217 3499 vivo;
1242 3431 1281 3485 ita
1299 3435 1372 3485 totns
1391 3446 1409 3485 a
1427 3435 1454 3484 te
1479 3430 1509 3484 in
1532 3428 1628 3483 loturo
1644 3441 1802 3497 possessus,
1831 3431 1859 3480 et

109 3529 170 3568 cem
182 3519 261 3569 tuam
275 3530 388 3569 merear
402 3517 559 3586 perfruere.
576 3517 646 3571 Vere
659 3518 747 3584 enim,
769 3519 901 3586 Domine,
915 3537 956 3574 sa·
1010 3519 1131 3591 perenni
1145 3518 1343 3573 dominatione
1362 3523 1411 3571 tua
1427 3518 1495 3572 satis
1523 3517 1603 3571 suari
1626 3514 1769 3582 addictus,
1797 3530 1857 3568 me-

108 3602 166 3657 liba
190 3602 347 3671 illuminas,
373 3620 446 3675 quos
468 3604 560 3673 gratia
591 3609 640 3659 tua
661 3607 795 3661 illustras.
827 3606 907 3672 Quod
932 3607 956 3660 si
1010 3624 1074 3664 rear
1086 3614 1114 3663 te
1128 3607 1254 3663 donante
1269 3612 1319 3662 tua
1337 3607 1422 3672 done,
1437 3605 1580 3677 qnaetacc
1601 3606 1692 3660 ocutus
1712 3603 1795 3668 uidit,
1811 3617 1858 3656 neo

108 3707 156 3746 me
179 3707 238 3746 non
259 3692 378 3764 dignum
404 3693 460 3748 levi
482 3694 674 3749 medicamine
695 3695 785 3762 vides,
815 3701 844 3751 et
868 3696 955 3766 ferro,
1010 3700 1089 3755 auris
1115 3696 1233 3760 audiuit,
1268 3711 1314 3752 nec
1338 3698 1368 3750 in
1392 3711 1437 3751 eor
1464 3696 1579 3749 hominis
1604 3692 1727 3748 ascendit
1749 3693 1773 3751 (I
1795 3692 1857 3748 Cor.

108 3781 167 3837 imo
187 3781 324 3850 cauterio,
343 3784 539 3838 mundandum
561 3785 718 3856 cognoscis,
735 3801 834 3840 exerce
851 3785 880 3839 in
896 3801 955 3840 ser·
1010 3799 1085 3851 xxix,
1103 3783 1143 3855 9),
1159 3784 1307 3856 percipere
1323 3789 1431 3855 :teque
1450 3799 1501 3852 pra
1523 3781 1602 3837 omni
1621 3796 1741 3836 munere
1757 3795 1859 3835 rerum

108 3886 176 3924 vum
191 3871 317 3925 cauterio
333 3872 513 3939 medicinam,
536 3874 583 3927 cui
598 3873 687 3928 hostis
701 3890 835 3945 magnam
862 3873 957 3929 infixit
1010 3873 1166 3930 Sabbatum
1182 3874 1338 3944 perfruere.
1353 3873 1390 3927 Te
1402 3876 1565 3942 praestante,
1580 3870 1630 3943 qui
1645 3884 1749 3940 regnas
1765 3869 1860 3924 trinus

108 3959 246 4031 plagam:
267 3963 295 4013 et
310 3961 515 4031 quoquomodo
530 3961 592 4031 ipse
611 3962 681 4016 velis
696 3979 764 4016 cura
793 3962 953 4030 dolentem
1009 3966 1039 4016 et
1068 3977 1143 4017 nnus
1167 3977 1218 4032 per
1242 3977 1390 4033 nunquam
1407 3959 1532 4015 liniendo
1555 3957 1857 4013 sreculasaeenlorum.

109 4051 221 4101 tantum
236 4063 273 4100 ne
289 4046 405 4117 abjicias
421 4054 448 4102 te
473 4048 557 4104 firmo
572 4048 656 4103 corda
682 4051 858 4121 credentem,
879 4055 906 4105 et
921 4068 955 4106 ax
1010 4050 1096 4106 Finit.

144 4194 157 4220 ⁸
176 4187 235 4247 ιιι..
251 4189 377 4242 Zaeceus.
682 4220 686 4227 ι
1045 4189 1056 4227 f
1074 4191 1102 4245 F.
1119 4191 1218 4245 lraerere

144 4257 451 4327 muneremunere.
974 4283 996 4338 Ι)
1046 4261 1105 4315 rI’.
1118 4261 1233 4316 credidi.

143 4335 154 4360 ι
173 4327 234 4395 us,
250 4329 319 4397 fllia.
1046 4329 1103 4387 ιι.
1120 4333 1230 4398 torpere.

144 4397 157 4439 d
178 4397 237 4462 tls,
253 4399 354 4453 auttrrs.
1046 4402 1052 4437 ¹
1068 4403 1129 4468 us,
1145 4417 1237 4472 quom.

144 4475 155 4502 ⁸
175 4468 248 4539 Lege
261 4472 352 4539 equis.

800 4747 978 4820 INCIPIT
1014 4747 1157 4822 LIBER

383 4920 1115 5057 EPISTOLARUM
1178 4922 1574 5054 ALVARI.

520 5244 542 5299 I.
1009 5243 1124 5298 ritatem
1150 5242 1280 5308 existere,
1302 5246 1331 5296 at
1354 5242 1514 5296 amicorum
1538 5242 1681 5296 veracium
1709 5241 1862 5314 glutinum

141 5330 256 5386 Aurelio
271 5331 366 5388 Flavio
377 5333 475 5388 toturn
486 5333 592 5388 Paulus
606 5336 743 5388 unvanus.
1011 5348 1105 5388 reram
1122 5332 1295 5388 dilectionem
1317 5347 1388 5385 esse.
1417 5333 1455 5386 Ea
1479 5331 1557 5386 anim
1580 5347 1646 5385 vera
1667 5335 1708 5385 ast
1736 5330 1864 5387 dicenda

146 5419 170 5470 t.
186 5419 274 5484 Nosti,
294 5421 335 5476 mi
349 5421 542 5488 dilectissime,
560 5420 690 5476 tomitem
709 5421 867 5477 dnlcedInis
887 5423 957 5477 che·
1012 5421 1174 5489 concordia,
1191 5425 1219 5475 et
1234 5420 1358 5490 gratuita
1374 5420 1489 5475 dilectio
1506 5419 1729 5492 comprobanda,
1746 5437 1839 5490 quam
1851 5433 1864 5458 ⁸

144 5553 157 5579 ⁸
172 5547 233 5613 tis,
248 5562 308 5616 que.
