3930 6098
175 341 222 396 lit
746 338 922 394 utrunttut
941 337 1169 397 euuaeteusts
1188 338 1341 394 llOlthlll
1864 336 1915 394 1⁸28

171 471 278 527 viribus
293 468 629 536 constatdifticillimum,
646 468 721 535 Quid
736 466 811 522 enim
837 467 952 539 dignius
966 470 1048 526 ret
1102 467 1137 522 ll.
1153 468 1226 522 llum
1255 465 1334 522 enim
1352 465 1469 539 quidam
1499 465 1629 521 fidelium
1651 464 1913 538 corporissangui·

171 560 228 633 gali
243 558 423 632 providentia
438 574 525 630 quam
545 557 580 613 de
599 556 678 612 illius
696 556 783 611 sacris
807 556 950 628 mysteriis
972 572 1015 610 ca·
1066 555 1168 627 nisque
1183 555 1299 624 Christi,
1317 556 1393 627 quod
1413 555 1444 609 iu
1456 554 1584 610 Ecclesia
1598 554 1728 626 quotidie
1741 556 1912 622 celebratur,

171 649 284 705 thelicae
298 662 408 718 sapere,
424 646 474 719 qui
485 645 540 700 sibi
555 645 650 718 regale
678 644 784 700 sotium
808 644 943 716 dignatus
972 649 1015 699 est
1068 644 1163 701 dicant
1176 654 1189 680 ¹
1202 645 1276 718 quod
1293 645 1374 700 nulla
1401 644 1455 699 sub
1470 643 1723 715 ligura,nullasub
1738 645 1918 701 obvelatione

168 737 359 802 contribuere,
375 738 404 791 at
417 734 560 805 subjectos
582 734 640 805 pati
656 750 712 789 nou
727 750 809 805 posse
824 732 934 788 diuersa
953 749 1014 788 sen·
1068 735 1127 802 fiat,
1147 735 1196 790 sed
1215 734 1306 806 ipsius
1328 731 1457 789 ueritatis
1485 732 1564 788 nuda
1592 731 1825 788 manifestatione
1848 749 1918 805 per·

169 823 223 879 lire
244 824 279 879 de
294 839 414 894 corpore
430 822 544 890 Christi,
569 822 599 877 in
624 837 680 894 quo
709 825 820 877 constat
846 820 1014 876 Christiane
1067 827 1185 896 agotum
1202 823 1320 895 quidam
1336 837 1401 876 raro
1417 825 1562 877 testentur
1576 822 1652 892 qood
1668 821 1729 876 haec
1740 821 1793 876 sub
1808 826 1916 893 myste-

167 911 372 985 redemptioois
386 926 529 967 summam
543 909 720 966 consistere?
1068 912 1106 967 rii
1130 912 1224 984 ligura
1249 911 1461 979 contineantur,
1482 914 1512 966 et
1536 909 1615 966 aliod
1640 910 1677 965 sit
1698 912 1775 983 quod
1790 911 1918 983 corporis

203 1065 216 1090 ⁸
243 1054 321 1122 Quod
340 1055 418 1110 nulla
447 1054 497 1110 sub
517 1057 617 1124 flpura,
648 1057 700 1108 etc.
730 1051 853 1118 Quaestio
883 1067 948 1124 quie
980 1066 1014 1106 ea
1065 1054 1159 1109 verbis
1187 1052 1538 1109 transsubstantiationem
1572 1051 1709 1120 defendit,
1747 1050 1912 1119 vindicarit,

168 1129 253 1181 aetate
268 1125 438 1196 agitabatur,
462 1124 498 1179 ab
512 1142 546 1179 ea
570 1141 634 1197 quse
659 1123 745 1180 hodie
761 1140 826 1178 crum
843 1123 1014 1179 calvinianis
1065 1126 1248 1180 corollarium
1274 1124 1434 1191 edacit;ex
1454 1140 1511 1195 quo
1535 1123 1647 1194 liquido
1678 1126 1914 1194 patetetaperte

168 1196 347 1268 disquiritur,
368 1203 431 1251 erut
451 1196 532 1250 raldo
548 1196 667 1250 diuersa.
692 1196 770 1250 Tunc
797 1194 875 1249 euim
892 1194 1013 1265 quaestio
1065 1199 1173 1251 constat
1203 1197 1300 1266 plures
1320 1196 1472 1266 theologos
1497 1209 1531 1248 ea
1555 1200 1638 1249 aetate
1668 1194 1722 1248 sibi
1735 1195 1914 1264 persuasisse

167 1283 225 1322 non
241 1273 304 1322 erat
328 1273 424 1321 utrum
439 1266 606 1338 mysterium
621 1266 801 1322 eucharistica
816 1267 963 1320 contiueat
982 1265 1013 1320 in
1065 1267 1224 1322 accidentia
1239 1270 1302 1335 post
1327 1264 1572 1320 consecrationem
1592 1265 1794 1335 permanentia
1815 1265 1913 1320 adhae-

167 1338 260 1409 figora
275 1338 413 1392 duntaxat
427 1353 541 1408 corpus,
556 1337 605 1392 sed
629 1353 665 1391 an
694 1341 769 1392 esset
783 1336 880 1407 eliqua
894 1337 938 1390 vel
958 1335 1012 1390 ali·
1065 1337 1135 1392 sisse
1150 1336 1263 1408 corpori
1278 1336 1390 1392 Christi.
1407 1336 1543 1406 Adeoque
1559 1350 1626 1390 cum
1654 1336 1756 1390 albedo
1772 1340 1915 1391 etrotua·

168 1408 695 1534 quantaligorainlrocsacrameutu,
723 1408 767 1462 uel
784 1422 902 1476 prorsus
922 1407 1011 1460 nulla.
1064 1408 1137 1463 ditas
1158 1407 1296 1478 disruptae
1324 1423 1380 1461 non
1411 1410 1530 1476 possent
1555 1405 1678 1476 intelligi
1692 1408 1752 1460 sine
1768 1406 1915 1461 fractione

190 1478 289 1534 eclesia
302 1479 444 1533 Catholica
461 1495 575 1548 semper
589 1478 709 1533 credidit
724 1485 752 1531 et
778 1477 874 1532 docuit
885 1477 1012 1546 aliquam
1064 1478 1189 1550 corporis
1211 1477 1323 1538 Christi.
1352 1493 1455 1548 corpus
1481 1476 1590 1532 Christi
1606 1477 1700 1546 frangi
1727 1492 1759 1531 ac
1774 1477 1915 1549 disrumpi

167 1565 229 1604 esse
244 1550 378 1619 figuram,
395 1556 423 1604 et
434 1566 498 1604 cum
519 1552 572 1604 huc
588 1550 680 1618 ligura
695 1548 783 1618 recipi
794 1562 893 1601 uerum
907 1563 1012 1617 corpus
1065 1555 1207 1621 oportere,
1223 1549 1299 1619 quod
1315 1547 1351 1603 ob
1366 1549 1463 1603 oculos
1478 1547 1603 1618 positum
1616 1551 1644 1601 et
1658 1547 1819 1616 subjectum
1848 1547 1915 1602 aliis

167 1625 196 1675 et
213 1635 312 1675 rerum
341 1621 511 1691 sauguinem
541 1616 654 1676 Christi.
676 1621 734 1674 lloc
762 1618 1010 1672 evidenterintel·
1064 1618 1569 1685 sensibus,aneminehomiueuau
1588 1622 1701 1688 poterat
1719 1617 1915 1688 negarilicea

167 1690 268 1762 ligitur
295 1707 328 1744 ex
352 1691 425 1746 libra
449 1689 538 1745 sancti
565 1689 708 1745 Paschasii
737 1688 875 1755 lietberti,
902 1688 1012 1743 abbatis
1063 1696 1131 1746 sunt
1146 1689 1232 1745 verba
1247 1690 1333 1760 hujus
1367 1689 1491 1744 auctoris
1516 1696 1674 1760 concepta:
1701 1688 1842 1756 dependas
1874 1694 1914 1744 est

167 1761 353 1826 corbeiensis,
370 1777 404 1815 ca
419 1761 452 1815 de
468 1777 553 1815 causa
574 1761 651 1826 facti,
674 1758 776 1814 eodem
803 1764 935 1828 tempore
954 1773 1047 1830 qrross
1066 1764 1155 1829 ipitur
1176 1762 1224 1830 qui
1246 1765 1328 1830 nepai
1353 1775 1451 1829 corpus
1480 1762 1587 1816 flamini
1608 1762 1715 1827 irrupi,
1737 1764 1829 1814 utrum
1843 1760 1915 1815 iliud

167 1846 250 1885 suum
282 1831 395 1901 scripsit
423 1831 604 1886 Retramnus.
635 1830 733 1902 Capite
749 1829 843 1900 primu
859 1829 1011 1896 Paschasii,
1067 1832 1435 1902 quodinaltarisaeramus
1454 1833 1649 1898 etsraupimus
1664 1829 1830 1885 credutesse
1852 1845 1913 1884 eor·

166 1917 232 1972 pag.
265 1903 332 1956 1555
357 1903 395 1971 (a)
420 1901 554 1956 editionis
582 1901 672 1957 Patris
713 1901 859 1957 sirmondi
885 1899 1012 1968 iesuitae,
1066 1918 1118 1973 pus
1132 1903 1244 1958 Christi.
1256 1903 1288 1959 Si
1302 1904 1470 1968 concesserit,
1489 1902 1623 1966 fractioni
1637 1903 1757 1970 eorporis
1778 1916 1832 1955 nan
1845 1915 1912 1955 ron·

166 1971 398 2045 praestaotissimi
410 1973 511 2040 critici,
524 1972 560 2027 ab
579 1971 700 2027 eruditis
715 1971 746 2026 in
760 1972 824 2027 falsi
849 1971 1010 2042 suspicione
1067 1973 1194 2039 tradicit;
1225 1974 1414 2040 sinepaoeril,
1436 1971 1541 2042 judicet
1566 1973 1681 2041 quisque
1701 1971 1788 2040 tidelis
1814 1973 1840 2025 si
1867 1972 1913 2026 iiie

166 2058 317 2126 nunquam
346 2042 445 2112 positi,
474 2043 515 2098 tii.
544 2045 586 2098 E:
608 2043 706 2099 Omnia
728 2057 891 2112 quecunque
916 2043 1011 2108 uoluit,
1065 2045 1154 2114 fidelis
1166 2042 1637 2113 judicandarumuideatipsecui
1654 2042 1845 2106 erederauetit,
1858 2045 1913 2167 ἕω·

168 2114 297 2168 Dominus
323 2114 387 2178 {ecit
415 2117 444 2168 iu
467 2114 529 2168 culo
554 2117 579 2168 et
611 2116 640 2167 in
667 2119 751 2180 terra,
782 2117 807 2166 et
830 2113 896 2181 quio
914 2113 1009 2167 uetuit.
1065 2131 1114 2171 nec
1141 2115 1300 2169 auctoritati
1322 2114 1492 2181 mauratica,
1520 2127 1566 2166 nec
1581 2114 1702 2182 propriis
1716 2113 1799 2167 aculis
1814 2128 1857 2166 cre
1879 2115 1909 2167 it.

167 2181 244 2237 Licet
270 2183 301 2236 in
316 2184 408 2254 ligura
432 2183 515 2255 penis
541 2187 569 2236 ei
595 2181 664 2248 vini,
681 2182 735 2237 boc
762 2181 801 2236 sic
815 2197 876 2236 esse
892 2183 1011 2237 omniuo
1065 2188 1121 2243 Nos
1147 2200 1212 2239 aera
1239 2200 1299 2239 cum
1326 2184 1469 2253 discipulis
1493 2197 1683 2251 roanoscumus
1710 2184 1852 2238 mminum
1883 2185 1914 2238 in

166 2252 237 2307 nihil
251 2253 328 2307 aliod
344 2268 431 2324 quam
446 2269 512 2308 caro
528 2253 632 2308 Christi
647 2257 676 2307 et
699 2253 815 2324 sanguis
831 2258 895 2323 post
909 2268 1009 2307 conse·
1064 2258 1199 2324 fractione
1214 2257 1304 2324 pane.
1322 2255 1509 2321 Capitaueram
1522 2258 1547 2308 et
1558 2255 1615 2308 illis
1629 2255 1724 2322 aliqua
1739 2253 1910 2322 respondere,

167 2323 323 2378 cretionem
347 2324 498 2379 credenda
531 2328 607 2378 sunt.
640 2324 680 2378 Ex
704 2323 749 2378 his
780 2323 1012 2378 adnotationibus
1065 2330 1114 2397 qui
1128 2327 1223 2381 dicunt
1245 2328 1333 2394 ipsum
1350 2340 1445 2394 carpus
1473 2339 1526 2379 noa
1543 2325 1648 2392 srarmi,
1662 2323 1709 2378 sed
1729 2326 1759 2377 in
1789 2324 1912 2379 albedine

166 2393 453 2465 patebitclarissimo,
469 2394 629 2449 continenti
644 2409 776 2448 sermone
791 2410 849 2449 non
862 2394 892 2448 in
912 2394 1008 2449 diuer-
1065 2399 1124 2466 ejus
1143 2402 1168 2451 el
1194 2396 1362 2451 rotunditate
1389 2393 1497 2466 aliquid
1521 2396 1662 2462 factitari3
1682 2392 1730 2449 sed
1759 2397 1911 2463 recepimus

167 2480 227 2518 sam
242 2464 277 2519 de
299 2465 352 2519 bac
379 2480 501 2520 ruusaa
527 2464 675 2520 Parrhasia
704 2464 790 2520 inisse
813 2465 1010 2520 sententiam:
1064 2471 1185 2537 ineptum
1207 2481 1262 2522 esse
1275 2469 1305 2521 in
1335 2467 1481 2532 Euaupetio
1497 2463 1604 2519 Christi
1619 2464 1653 2521 de
1677 2464 1801 2519 albedine
1819 2470 1844 2519 et
1870 2481 1912 2520 ra·

167 2534 297 2606 adeoque
310 2551 369 2589 non
384 2550 444 2590 esse
464 2535 610 2604 probabile
625 2535 759 2590 advorsus
779 2551 844 2590 eum
860 2536 1006 2605 scripsisse
1066 2538 1202 2593 tunditate
1213 2537 1365 2607 disputare,
1387 2537 1520 2591 amaturis
1544 2536 1613 2590 tatia
1626 2536 1739 2590 auribus
1762 2535 1910 2604 dimoveas,

166 2610 199 2660 ut
213 2605 268 2659 sibi
279 2605 452 2676 persuadent
464 2607 653 2661 Protestanles
667 2606 804 2671 haeretici,
820 2610 849 2660 et
867 2606 1010 2661 vindicare
1065 2610 1215 2664 dialecticis
1230 2614 1280 2665 aut
1305 2612 1375 2663 certe
1402 2609 1494 2677 pueris
1520 2606 1590 2660 tutia
1608 2608 1736 2676 permisi.
1759 2608 1912 2661 Praesertim

168 2681 281 2746 potant.
298 2677 368 2730 Cum
393 2693 427 2732 ex
449 2678 566 2732 adverso
590 2682 700 2732 constet
714 2675 896 2733 paschasium
909 2692 1010 2731 eorum
1064 2695 1123 2734 cum
1141 2681 1230 2748 quiuis
1242 2679 1326 2745 {acite
1346 2678 1440 2734 uideat
1454 2675 1616 2740 albedinem,
1641 2691 1688 2731 seu
1703 2677 1911 2743 rotunditatem,

166 2747 339 2801 senteutiam
366 2746 560 2819 impugnasse,
593 2748 643 2819 qui
671 2747 924 2818 putabantomnia
948 2763 1009 2802 esse
1064 2751 1098 2804 ab
1114 2753 1172 2818 ipsa
1189 2764 1298 2819 corpore
1325 2749 1453 2819 quadret
1467 2747 1614 2803 albrrmoet
1628 2747 1775 2802 rotundum
1790 2752 1841 2813 cst,
1870 2763 1912 2802 se·

168 2818 291 2887 figurata
310 2817 340 2872 in
368 2818 550 2883 eucharistia,
575 2819 655 2873 nulla
681 2833 772 2873 vera:
797 2818 927 2899 quamvis
954 2817 1010 2872 ati·
1061 2822 1161 2891 parari
1188 2835 1241 2876 non
1261 2835 1361 2888 passe:
1383 2823 1474 2875 itaut
1496 2819 1531 2872 ab
1555 2820 1616 2889 ipsa
1639 2833 1748 2888 corpore
1775 2817 1848 2886 quod
1872 2819 1914 2873 uei

167 2887 1010 3030 illltrttltttttttlt'ttttttttttilllrttl
1063 2889 1371 3031 tili-titilius
1390 2895 1444 3016 iit
1455 2891 1914 3030 ,titlmttttt‘ttttf

203 3029 298 3083 Altera
312 3044 378 3100 pars
404 3030 571 3100 questionis
591 3046 598 3084 ι
623 3032 669 3086 Ars
689 3033 777 3099 ipsius
797 3032 920 3085 ueritatis
933 3029 1008 3083 nuda
1023 3066 1044 3122 G
1062 2977 1172 3100 pentir.

167 3101 385 3166 manifestatione
398 3106 558 3170 pareatur,
585 3101 657 3156 nulli
682 3101 729 3155 dat
751 3102 843 3156 locum
874 3100 1007 3172 disputa·
1099 3102 1261 3158 Secundum
1277 3101 1456 3173 antiquitatis
1472 3102 1740 3155 mouumentumest
1753 3099 1842 3155 codex
1853 3097 1915 3154 ma'

167 3170 239 3224 tiooi
254 3175 303 3224 aut
312 3170 515 3227 concertationi
532 3171 607 3225 inter
620 3171 694 3225 viros
704 3171 859 3226 catholicos
871 3176 900 3226 el
913 3171 1010 3226 homi·
1064 3171 1470 3244 nuscriptusGualteri,sancli
1493 3170 1614 3226 Victoris
1626 3169 1791 3225 Parisicnsis
1813 3170 1912 3242 magni

167 3255 218 3295 nes
243 3241 446 3296 Protestantes.
465 3243 527 3295 Non
542 3241 619 3296 enim
639 3241 821 3298 defendimus
835 3244 933 3297 oculos
949 3257 1009 3296 cor·
1063 3243 1179 3312 prioris,
1195 3259 1229 3298 ex
1254 3243 1427 3298 bibliotheca
1441 3241 1527 3313 hujus
1544 3241 1665 3296 abbatiae
1677 3246 1818 3295 extructos
1842 3257 1910 3296 con·

166 3310 245 3382 poris
259 3310 290 3365 in
303 3311 355 3365 boc
372 3311 506 3382 msyteria
519 3312 627 3383 absque
646 3313 709 3367 velo
734 3312 949 3385 autpuropside
968 3312 1010 3366 in·
1064 3316 1291 3383 tiueusquatuar
1313 3315 1396 3369 libras
1424 3313 1557 3368 aduersus
1577 3316 1693 3381 quatuor
1719 3311 1844 3367 Francia
1859 3312 1911 3366 La·

166 3381 242 3436 tueri
257 3387 287 3436 et
299 3382 445 3453 percipere
456 3382 532 3454 quod
546 3383 666 3439 interius
681 3383 779 3438 vident
790 3383 866 3438 oculi
891 3383 1007 3448 animae,
1065 3385 1220 3454 operation
1248 3400 1306 3456 qua
1331 3401 1398 3440 voce
1427 3383 1598 3438 nominatim
1632 3382 1765 3453 designat
1802 3385 1910 3438 Petrum

167 3457 200 3507 ul
212 3452 329 3521 exponit
349 3454 522 3509 ltatramnus
536 3469 616 3508 num.
631 3455 658 3521 5,
679 3454 792 3523 inquo,
808 3452 917 3524 liquido
930 3468 1009 3523 quae·
1063 3456 1254 3518 Abollardum,
1272 3455 1385 3511 Petrum
1408 3455 1600 3520 Lamiardum,
1625 3455 1734 3508 Petrum
1756 3455 1909 3508 Naturan-

168 3522 260 3577 stioue
287 3523 417 3593 exposita
438 3523 473 3578 de
499 3538 556 3594 qua
577 3524 659 3594 jussu
683 3524 864 3594 imperatoris
892 3528 1008 3577 scalen·
1063 3541 1118 3581 sem
1146 3531 1175 3581 et
1200 3526 1349 3582 Giltertum
1374 3529 1561 3582 Parretunum.
1590 3524 1677 3592 Cujus
1712 3523 1818 3578 codicis
1855 3525 1912 3579 fra·

167 3594 237 3647 iiam
255 3593 383 3663 profarre
398 3592 635 3664 interpellabatur
650 3609 657 3648 :
675 3595 771 3648 Utrum
793 3593 901 3663 aliquid
916 3595 1010 3648 secreti
1064 3601 1213 3669 gmeotum
1234 3596 1399 3665 publicarit,
1424 3610 1457 3650 ar
1472 3595 1563 3676 capite
1579 3611 1599 3650 u
1613 3593 1690 3649 tertii
1705 3593 1781 3662 libri,
1802 3594 1909 3649 doctis-

167 3666 312 3730 eontineat,
334 3663 407 3732 quod
432 3665 515 3719 oculis
537 3663 701 3719 solummodo
729 3663 792 3732 idei
820 3666 916 3734 pateat
939 3679 946 3719 :
973 3679 1010 3718 an
1064 3669 1154 3721 simus
1180 3666 1370 3734 llabillonins,
1402 3666 1433 3720 in
1472 3682 1532 3720 suis
1569 3665 1646 3720 notis
1683 3663 1719 3718 ad
1756 3669 1910 3720 tractatum

167 3737 224 3790 sirie
251 3734 433 3804 cujuscunque
451 3735 582 3789 oratione
606 3737 737 3804 mpsterii,
754 3735 802 3790 hue
823 3739 946 3804 aspectus
964 3737 1007 3789 in·
1063 3737 1205 3804 Abbuudi,
1220 3743 1298 3792 tomo
1324 3739 1503 3793 tuscorum
1534 3738 1739 3791 Analectorum
1767 3740 1907 3802 veterum,

168 3808 277 3859 tueatur
307 3808 427 3874 eorporis
454 3807 573 3860 euterius
601 3804 674 3875 quud
689 3807 786 3860 mentis
813 3821 878 3860 usus
893 3807 1010 3875 aspiciat
1084 3825 1129 3879 ag.
1154 3809 1216 3863 teo.
1242 3811 1351 3864 firmum
1369 3812 1442 3864 uenit
1465 3808 1502 3862 od
1533 3808 1736 3875 Bereuparium.
1761 3807 1811 3860 llio
1836 3808 1908 3860 enim

166 3878 290 3930 interius.
318 3876 426 3930 Revera
448 3875 577 3930 uidemus
603 3892 652 3931 seu
684 3876 858 3946 percipimus
885 3877 1008 3930 exterius
1105 3881 1204 3934 relicus
1223 3880 1370 3944 arsnehut,
1386 3883 1414 3934 in
1429 3878 1523 3950 fipura
1541 3884 1566 3932 et
1587 3880 1616 3932 ia
1630 3881 1798 3933 sacramente
1823 3881 1907 3931 totum

168 3946 257 4000 oculis
268 3946 424 4017 corporeis,
441 3947 549 4016 species
589 3946 781 4012 anisetvini;
806 3948 1009 4002 interiusvero
1060 3951 1134 4016 fieri,
1161 3949 1234 4005 attii
1260 3954 1289 4004 in
1317 3954 1426 4004 uirtute.
1455 3951 1550 4003 Postea
1579 3963 1640 4002 rere
1664 3949 1798 4002 conuictus
1818 3962 1908 4002 corum

168 4016 262 4071 etsob
283 4016 328 4070 bis
349 4017 496 4086 speciebus
516 3963 659 4071 creillmus
682 4018 803 4071 existere
830 4017 1008 4071 reconditum
1063 4022 1173 4078 Nicotuo
1201 4035 1277 4090 papa
1307 4024 1334 4075 et
1356 4020 1482 4088 pluribus
1517 4020 1659 4088 episcopis,
1692 4020 1828 4085 consessus
1857 4021 1906 4085 est,

167 4103 271 4158 corpus
285 4091 315 4140 et
328 4088 498 4157 sanguinem
515 4087 628 4142 Christi.
641 4086 746 4156 Opinio
759 4086 876 4157 quidem
897 4088 966 4142 falsa
992 4105 1009 4142 a
1063 4095 1144 4146 etiam
1155 4094 1181 4146 et
1189 4091 1309 4160 iurauit.
1329 4105 1428 4161 penem
1451 4089 1553 4144 scilicet
1573 4094 1599 4143 et
1621 4091 1714 4143 uinum
1742 4092 1803 4157 post
1815 4102 1906 4143 ronse·

167 4162 264 4212 meute
279 4156 409 4211 Ecclesia
424 4157 570 4211 catholicae
585 4157 706 4210 alienior
719 4165 894 4226 est;c0rpus
905 4157 1008 4212 Christi
1063 4165 1209 4216 arationem
1231 4177 1285 4215 non
1303 4162 1388 4216 satum
1413 4164 1621 4227 sacramentum,
1650 4161 1840 4215 verumetiam
1862 4174 1906 4214 uc·

167 4228 198 4282 in
225 4225 396 4280 eucharistia
420 4242 480 4280 esse
500 4226 610 4282 visibile
626 4232 655 4281 et
680 4226 809 4281 sensibus
835 4227 1007 4298 subjectum,
1062 4247 1124 4286 rum
1150 4246 1246 4301 corpus
1264 4236 1293 4285 et
1306 4234 1463 4298 soliemnem
1479 4231 1582 4287 Christi
1604 4244 1669 4297 esse,
1698 4235 1724 4284 et
1747 4230 1908 4284 sensualiter

167 4296 262 4366 frangi
276 4301 305 4349 et
319 4296 428 4350 conteri
456 4296 588 4351 dentibus
614 4297 788 4365 recipientis.
805 4299 1008 4354 Verumtamen
1062 4318 1115 4358 non
1129 4303 1214 4357 solum
1228 4309 1406 4367 sacrumeato,
1426 4302 1473 4356 sed
1492 4303 1574 4355 etiam
1588 4303 1702 4355 ueritate
1722 4300 1848 4354 manitus
1862 4305 1908 4355 sd·

168 4366 1008 4509 tritttttt,litltfllltlt¹til⁸tmlttittttlt
1026 4391 1047 4444 ⁰
1062 4373 1400 4499 llllttdlttittt
1413 4371 1705 4512 tilltttlltie
1718 4370 1908 4496 litteus

169 4507 499 4564 Haceuimexduobus
523 4508 689 4569 insianioris
712 4515 786 4565 noter
814 4511 1008 4566 monumentis
1062 4512 1256 4584 (baricianos)
1284 4515 1322 4568 sic
1348 4516 1481 4582 reponit:
1511 4513 1577 4566 Vere
1596 4511 1714 4580 quidam,
1731 4510 1909 4580 ait,est,sed

168 4577 346 4648 antiquitatis
356 4577 556 4650 intelliguntur
564 4580 1007 4653 planissimaPrimumarumpit
1061 4588 1092 4639 ia
1116 4588 1284 4639 sacramenta
1316 4589 1431 4639 teritum.
1460 4584 1531 4637 Item
1556 4583 1619 4636 ait:
1641 4582 1714 4638 Sane
1736 4581 1793 4635 dici
1821 4586 1908 4650 potest

169 4664 202 4703 ax
217 4653 334 4729 tractatu
347 4648 458 4730 abbatis
477 4649 619 4719 Abbeudi,
632 4651 713 4732 cujus
727 4656 840 4722 tempos
855 4668 912 4724 quo
937 4652 1008 4706 vixit
1058 4656 1159 4721 fractio
1171 4655 1221 4708 itta
1234 4656 1334 4723 portia,
1351 4670 1404 4709 nou
1432 4654 1462 4708 in
1484 4653 1639 4707 substantio
1653 4653 1785 4720 corporis,
1805 4659 1853 4707 sed
1879 4655 1908 4707 iu

168 4724 360 4774 estrncertum
377 4735 384 4774 ε
405 4734 460 4774 nisi
474 4720 556 4787 forta,
581 4727 614 4776 ut
627 4726 694 4776 satis
708 4721 857 4792 probabile
886 4727 937 4784 est,
953 4737 1006 4778 sae·
1059 4728 1122 4794 ipsa
1134 4726 1225 4791 forma
1249 4727 1331 4793 punis
1350 4723 1543 4780 sacramentali
1557 4725 1627 4790 lteri,
1644 4727 1674 4776 ut
1690 4725 1907 4788 aasumensi

167 4790 232 4844 culo
249 4789 409 4858 undecima,
425 4806 511 4860 quern
525 4792 648 4846 domnus
674 4796 702 4846 et
720 4793 894 4847 reuerendus
922 4793 1007 4847 Pater
1056 4795 1172 4865 partitio
1187 4797 1224 4848 sit
1242 4795 1292 4860 ibi,
1308 4798 1418 4864 quasit
1443 4810 1497 4848 non
1511 4793 1719 4858 insubstantia,
1745 4807 1792 4846 seu
1806 4795 1836 4847 in
1859 4808 1906 4847 sa-

169 4860 350 4915 doctissimns
369 4860 548 4915 llabillooius
565 4861 673 4917 ordinis
685 4862 712 4917 S.
730 4862 872 4917 Benedicti
886 4878 1007 4932 congre-
1059 4870 1204 4924 maturato.
1234 4865 1264 4919 id
1278 4871 1318 4919 est
1332 4868 1361 4919 in
1382 4867 1478 4934 speeie.
1500 4865 1581 4927 ltem,
1609 4867 1648 4917 est
1671 4878 1736 4917 cera
1750 4865 1862 4929 (ructio,
1881 4868 1908 4919 et

167 4930 293 5002 gationis
307 4931 334 4986 S.
350 4930 438 4986 ldauri
454 4932 559 5003 publici
572 4932 645 5000 juris
659 4932 726 4986 fecii
740 4938 817 4986 tomo
842 4933 879 4987 lll
903 4934 1007 4988 Auale-
1059 4938 1303 5005 pueriliaquaefii
1320 4938 1349 4988 in
1366 4950 1445 5004 pane,
1466 4933 1550 4987 idest
1568 4935 1702 4999 informa
1717 4936 1810 5002 panis¹
1838 4935 1908 4988 Item

168 5008 279 5056 ctorum
301 5003 445 5064 Veterum,
463 5018 527 5072 pag.
543 5003 607 5069 tta,
634 5003 686 5057 sub
699 5002 753 5057 hoc
770 5001 875 5057 titulo:
894 5005 933 5058 De
950 5005 1008 5069 fro·
1059 5007 1198 5073 fructicat
1211 5011 1303 5075 partes
1320 5007 1374 5060 illa
1388 5020 1448 5075 quar
1467 5004 1596 5058 uidentur
1609 5005 1679 5073 peri,
1696 5005 1725 5058 in
1739 5009 1909 5059 sacramento

168 5075 254 5127 ctione
265 5074 396 5141 Corporis
408 5072 524 5138 Christi3
537 5073 567 5126 in
583 5089 640 5145 qou
656 5073 728 5128 benc
743 5072 913 5127 sententiam
929 5078 1010 5128 truan-
1059 5079 1140 5146 flunt,
1154 5075 1236 5130 idest
1250 5078 1279 5130 in
1294 5079 1380 5143 specie
1401 5074 1513 5129 uisibiti.
1539 5074 1656 5142 ideoque
1678 5074 1728 5128 itta
1746 5074 1911 5141 Berenparii

168 5143 234 5198 dam
249 5142 311 5196 siue
324 5143 388 5197 dola
399 5149 449 5196 aot
464 5142 563 5197 fraude
576 5142 684 5211 recipit.
703 5142 796 5206 Credo,
813 5142 919 5213 inquit,
935 5143 1008 5212 quad
1060 5146 1198 5201 amicita
1221 5144 1415 5211 distinpuenda
1428 5148 1502 5205 arnt,
1524 5149 1554 5198 ut
1568 5145 1738 5211 sensualiter,
1754 5160 1808 5199 non
1830 5145 1910 5200 modo

166 5228 264 5281 ponem
292 5228 369 5281 quem
395 5215 505 5280 accepit,
527 5212 703 5267 benedicendo
722 5228 819 5282 carpus
839 5228 918 5268 suum
932 5217 1007 5280 fecii.
1061 5217 1299 5277 sacramento,sed
1315 5217 1472 5270 insultate
1494 5215 1604 5268 dautur
1616 5229 1713 5282 corpus
1728 5216 1832 5271 Christi
1852 5221 1910 5269 tru-

169 5283 287 5353 Ideoque
301 5298 397 5353 eorpus
409 5299 488 5339 suum
512 5284 606 5352 serpit,
631 5287 655 5336 el
682 5282 818 5338 decadem
839 5299 947 5348 coruom
962 5301 1009 5340 sao
1062 5289 1133 5342 clari
1145 5286 1270 5342 munibus
1294 5285 1472 5351 scandatum,
1486 5288 1583 5352 tranei
1596 5299 1700 5354 quoque
1710 5290 1735 5339 et
1745 5288 1827 5340 atteri
1840 5286 1909 5343 deu·

165 5352 225 5420 jum
252 5353 444 5420 benedicturi
465 5356 565 5422 tracto,
594 5352 737 5423 discipulis
758 5354 855 5408 dicit:
884 5355 941 5409 lloc
967 5372 1011 5410 csr
1063 5359 1144 5413 tibus.
1158 5358 1224 5412 Vere
1237 5357 1355 5427 quidem,
1371 5355 1457 5410 sedin
1471 5360 1766 5410 samammtetuatum.
1787 5357 1910 5412 tuaest

169 5437 271 5476 corros
286 5440 374 5478 aeon:
392 5424 556 5479 Continenti
590 5439 723 5479 sermone
739 5424 858 5479 extricat
887 5437 920 5478 se
943 5441 1009 5480 ner·
1062 5426 1813 5496 inituribiattritioetpartitio.Eccedumcalboticam
1826 5426 1911 5494 ttdem

168 5507 234 5572 pose
252 5493 391 5548 tortuosis
417 5494 674 5549 contradictionum
688 5495 772 5549 nodis
786 5500 816 5550 et
829 5494 1008 5564 ambagibus,
1063 5499 1140 5554 nulla
1153 5511 1264 5567 prorsus
1292 5496 1464 5552 distinctione
1488 5497 1662 5566 indipentem,
1675 5498 1764 5551 salitis
1779 5497 1835 5552 siti
1857 5511 1910 5553 ar·

168 5576 198 5617 in
214 5576 286 5633 quas
297 5563 467 5637 precipites,
483 5563 745 5621 darccnitebentur
759 5580 933 5621 omnesaue
946 5567 1011 5638 opi·
1063 5567 1310 5639 frumentationibus
1328 5567 1486 5637 distinquit,
1515 5568 1632 5622 alterum
1648 5582 1676 5622 se
1693 5567 1792 5637 probrd
1810 5564 1912 5623 fierem

168 5631 263 5688 aionis
295 5632 472 5692 defensores.
502 5639 537 5692 st
573 5651 651 5703 uero,
686 5639 840 5709 postquam
866 5636 1011 5709 conceptis
1062 5640 1180 5766 piisima.
1209 5639 1278 5763 grec
1304 5638 1400 5765 aot'elgi
1423 5636 1585 5720 opininde
1610 5637 1750 5763 {rectione
1775 5637 1911 5764 lgm

1106 5723 1168 5764 nar
1190 5724 1216 5762 rr
1238 5724 1302 5763 aur
1327 5724 1362 5765 re
1392 5722 1592 5765 ecommunrs
1624 5721 1753 5764 uisseeo
1806 5723 1835 5763 m
1857 5724 1910 5765 ora

200 5781 235 5844 (o)
254 5782 312 5833 vid.
331 5783 486 5849 Patrotugtae
500 5788 563 5836 tour.
580 5784 658 5837 ω.
676 5785 747 5836 Eois.
1064 5795 1122 5852 quo
1135 5778 1258 5851 primam
1274 5795 1353 5861 suam
1380 5778 1623 5845 retractationem,
1650 5780 1701 5832 sair
1729 5779 1807 5852 palin
1848 5780 1909 5836 iam
