3930 6098
107 241 176 296 tlte
670 230 701 290 S.
721 231 857 290 uuillen
870 230 1114 290 tununnensis
1133 231 1288 289 uniscunt
1789 230 1858 288 llas

106 381 172 432 est:
191 396 205 423 a
218 374 300 439 Quod
316 374 412 428 nullus
432 370 584 425 hominum
608 369 672 435 luit,
693 375 744 434 est,
756 370 800 424 vel
815 368 879 436 erit,
900 384 951 440 pro
971 368 1146 440 laquihus
1169 369 1387 440 exspectabatur
1404 370 1473 436 illic,
1495 369 1641 440 Scriptura
1662 370 1757 425 dicit:
1775 391 1789 418 u
1809 371 1858 425 Re

106 481 164 537 qno
178 464 305 520 Christus
320 476 418 531 passus
442 476 497 515 uon
511 458 609 521 luerit,
625 480 636 507 ι
655 457 725 529 quid
740 457 817 513 alind
833 473 953 527 respon·
1007 457 1140 512 cordatus
1155 462 1198 510 est
1214 458 1353 513 Dominus
1367 463 1482 512 sanctus
1496 458 1581 511 lsrael
1595 461 1779 512 mortuorum
1793 475 1858 513 suo·

107 554 175 608 dere
188 567 350 624 possumus,
369 549 424 603 nisi
441 552 472 602 ιιι
493 548 621 618 primum
635 547 723 618 ipsos,
738 547 789 617 qui
813 547 867 601 hoe
882 545 953 600 deli·
1006 562 1072 601 rum
1088 547 1158 601 olim
1174 546 1381 602 dormientium
1404 547 1435 601 in
1450 547 1568 617 pulvere
1582 550 1676 601 terrae.
1696 567 1707 596 s
1727 549 1760 601 Et
1779 569 1793 598 a
1809 547 1857 601 de·

106 642 235 705 ulerunt,
253 639 353 693 sedulo
376 638 597 707 interrogemus,
621 641 649 690 et
668 635 895 702 admoneamus,
923 641 954 688 ut
1007 638 1140 692 scendum
1165 639 1198 692 ad
1226 654 1274 692 cos
1306 638 1456 692 ostendere
1485 637 1542 691 illis
1576 637 1703 691 salutare
1731 653 1856 691 suum.»

95 730 257 801 ‘vigilanter
269 727 431 782 ctlideliter
442 742 562 796 pensare
573 725 713 790 studeant,
725 741 761 778 ne
777 724 953 778 lortemiuus
1009 727 1087 783 h'nde
1110 732 1138 781 et
1154 742 1206 797 per
1220 726 1299 781 Oseae
1323 726 1504 797 prophetiam
1519 725 1574 796 ipsi
1593 726 1727 780 mortiet
1749 725 1858 780 inierno

105 817 312 873 considerando
335 815 412 888 quod
432 814 585 869 dicendum
608 818 679 881 erat,
703 819 803 867 contra
824 812 912 867 fidem
925 816 955 866 et
1006 812 1047 867 ita
1072 812 1245 879 minabatur,
1269 812 1366 866 dicens
1383 829 1421 866 :a
1446 814 1485 867 lte
1502 827 1589 867 mauu
1612 812 1717 866 mortis
1733 811 1858 867 liberabo

106 905 310 962 conscientiam
328 920 408 958 suam
423 904 491 957 talia
506 902 631 957 dixerint
646 906 673 956 et
691 901 865 972 scripserint.
882 901 951 955 llam
1006 917 1064 969 eos,
1088 902 1124 955 de
1139 906 1231 956 morte
1246 901 1385 956 redimam
1402 917 1451 955 eos
1467 916 1474 955 ι
1490 916 1540 955 ero
1555 916 1633 954 mors
1648 905 1708 968 tua,
1727 916 1744 955 o
1760 901 1854 955 mors!

105 1000 139 1051 ut
159 1001 303 1049 taceamus
325 992 360 1047 de
382 992 427 1046 his
442 991 491 1061 qni
507 1006 583 1045 nunc
597 995 674 1056 sunt,
692 991 734 1045 vel
755 991 848 1044 adbuc
862 1004 953 1059 usque
1007 1005 1120 1044 morsus
1130 995 1197 1044 tuus
1211 1006 1271 1053 ero,
1285 989 1396 1044 inlerne
1416 990 1489 1060 (Osc.
1504 1005 1562 1056 rur,
1581 989 1633 1059 14).
1651 1010 1666 1037 »

106 1084 241 1140 adfinem
263 1081 359 1137 saeculi
374 1081 464 1135 futuri
480 1084 557 1142 sunt,
574 1079 603 1133 in
620 1078 724 1150 quibus
742 1079 841 1150 utique
856 1082 954 1133 etrlu·
1042 1078 1124 1143 Quod
1139 1083 1231 1133 totum
1254 1079 1398 1151 quemodo
1418 1078 1539 1134 lideliter
1557 1083 1585 1132 et
1600 1078 1743 1133 catholice
1758 1077 1857 1131 intelli·

105 1172 250 1229 tichristus
264 1171 326 1236 erit,
344 1174 419 1224 certa
436 1168 470 1223 de
484 1169 534 1222 illa
547 1167 752 1222 innumerabili
769 1167 953 1222 multitudine
1006 1167 1132 1239 gendum
1158 1167 1204 1234 sit,
1231 1168 1350 1238 exponit
1374 1167 1494 1222 mirifice
1509 1167 1539 1221 B.
1563 1166 1733 1238 Gregorius,
1759 1165 1798 1219 ita
1819 1165 1857 1219 di-

105 1261 272 1332 impiorum,
288 1259 338 1329 qui
356 1258 472 1312 luerunt
487 1257 522 1310 ab
537 1256 620 1310 initio
637 1256 736 1310 mundi
749 1271 835 1326 usque
852 1255 888 1311 ad
903 1256 955 1310 ud·
1006 1273 1074 1311 cens
1087 1273 1093 1310 :
1108 1257 1199 1328 [Quod
1215 1261 1282 1310 ante
1306 1256 1471 1327 passionem
1493 1255 1574 1321 dixit,
1597 1255 1627 1309 in
1646 1253 1856 1309 resurreetione

105 1354 223 1404 rentum
247 1346 349 1401 Christi
366 1345 439 1400 etin
457 1361 507 1398 sna
523 1344 668 1415 impietate
690 1344 805 1409 mortui,
822 1344 852 1398 in
869 1349 953 1398 aeter·
1007 1362 1059 1401 sua
1074 1345 1212 1401 Donrinus
1236 1344 1388 1415 implevit:
1407 1366 1421 1394 a
1437 1345 1466 1400 Si
1481 1345 1620 1399 exaltatus
1643 1345 1727 1398 luero
1741 1359 1759 1396 a
1773 1347 1854 1409 terra,

105 1437 151 1493 nis
165 1426 258 1508 peinis
269 1440 335 1490 sunt
351 1434 550 1499 condemnati3
569 1448 621 1486 nec
637 1433 723 1504 ipsos,
736 1433 786 1503 qui
800 1432 863 1488 hoec
880 1433 955 1487 dixe·
1007 1434 1106 1490 omnia
1120 1435 1231 1489 traham
1247 1433 1284 1488 ad
1305 1449 1352 1488 me
1371 1435 1467 1502 (doun.
1488 1449 1537 1499 ιιι,
1553 1433 1609 1504 ³2).
1629 1453 1640 1480 ι
1659 1433 1762 1485 Omnia
1783 1431 1855 1485 enim

106 1532 183 1593 runt,
201 1524 315 1578 credere
330 1527 473 1593 putamus,
486 1521 564 1593 quod
580 1538 631 1591 prro
644 1522 727 1576 eisin
741 1538 792 1575 sua
805 1521 954 1592 impietate
1007 1524 1103 1591 traxit,
1120 1522 1170 1594 qui
1190 1523 1225 1577 de
1240 1523 1338 1577 electis
1359 1523 1418 1576 suis
1433 1522 1509 1592 apud
1534 1521 1641 1576 inferos
1666 1521 1781 1575 nullum
1796 1519 1855 1573 reli·

106 1615 237 1681 mortuis,
252 1618 282 1668 et
303 1618 411 1666 aterno
434 1611 494 1682 jam
507 1611 616 1681 judicio
637 1611 834 1664 condemnatis
859 1611 953 1666 [lomi-
1008 1612 1081 1683 quit.
1100 1613 1199 1666 Omnia
1212 1611 1328 1666 abstulit
1343 1612 1442 1682 utique
1458 1611 1555 1664 electa.
1573 1610 1673 1681 Neque
1689 1609 1796 1663 etenim
1812 1607 1854 1661 in·

104 1720 158 1759 nus
173 1717 273 1774 passus
288 1716 347 1754 essa
363 1699 522 1754 credendus
534 1698 580 1752 sit.
597 1698 626 1753 Si
640 1699 718 1753 enim
731 1715 784 1769 pro
798 1699 839 1752 eis
852 1715 952 1770 passus
962 1670 993 1735 ,B
1009 1699 1106 1753 lideles
1130 1715 1258 1770 quosque
1278 1704 1307 1753 et
1322 1715 1373 1770 pro
1396 1699 1454 1752 suis
1473 1698 1640 1753 criminibus
1662 1697 1780 1750 oeternis
1793 1711 1855 1765 sup·

105 1809 168 1847 esse
182 1790 316 1856 creditur,
332 1804 383 1842 cur
398 1803 455 1841 uon
478 1787 563 1841 eliam
580 1802 632 1856 pro
656 1785 770 1840 diabolo
794 1793 824 1841 et
843 1787 953 1858 angelis
1007 1787 1099 1858 pliciis
1116 1787 1237 1855 deditos,
1252 1788 1286 1841 ad
1301 1787 1413 1841 veniam
1433 1787 1569 1841 [taurinus
1583 1785 1765 1855 resurgendo
1780 1800 1854 1856 repa-

105 1879 166 1949 ejus
181 1877 314 1932 similiter
336 1892 436 1948 passus
459 1891 520 1929 esse
547 1873 701 1928 credatur?
725 1875 798 1940 Quia
825 1876 898 1930 sicut
917 1877 952 1931 dc
1007 1877 1095 1942 rarit;
1123 1876 1250 1930 sedilios
1271 1892 1304 1930 ex
1324 1876 1429 1930 inlcrni
1458 1875 1590 1929 claustris
1604 1874 1715 1945 rapuit,
1740 1873 1854 1945 quosin

105 1967 214 2022 eisdem
229 1965 338 2035 refugis
363 1963 563 2019 etimmundis
585 1963 732 2033 spiritibus
747 1963 951 2034 scriptumest,
1007 1964 1064 2020 fide
1086 1970 1114 2020 et
1144 1965 1253 2019 actibus
1285 1965 1460 2035 recognovit.
1487 1964 1565 2020 Unde
1589 1968 1666 2016 recte
1700 1963 1787 2016 etiam
1806 1977 1854 2032 per

106 2077 121 2105 a
144 2055 221 2127 quod
248 2055 322 2108 Deus
337 2052 447 2123 angelis
471 2052 654 2122 peccantibus
677 2068 734 2105 uon
748 2053 884 2124 pepercit,
903 2053 951 2108 sed
1008 2054 1109 2109 Ossam
1129 2052 1198 2107 dicit
1216 2069 1222 2106 :
1239 2053 1322 2106 «Ero
1348 2057 1499 2115 morstue,
1523 2050 1653 2106 onrorsl
1670 2068 1721 2105 ero
1747 2065 1853 2104 morsus

105 2144 275 2200 rudentibus
300 2142 385 2196 inleri
409 2141 552 2196 detractos
574 2141 625 2194 sub
639 2141 760 2211 caligine
783 2141 900 2196 tradidit
922 2142 952 2195 iu
1007 2148 1085 2210 tuus,
1099 2140 1220 2195 inferne.
1241 2163 1255 2190 »
1271 2141 1301 2195 Id
1317 2156 1443 2212 namque
1465 2140 1541 2212 quod
1556 2140 1725 2204 occidimus,
1748 2140 1853 2209 agimus

103 2233 244 2306 judicium
267 2231 435 2286 cruciandos
459 2229 597 2283 reservari
623 2230 670 2297 (11
684 2230 757 2285 Petr.
778 2247 806 2298 ιι,
831 2230 869 2300 4).
889 2251 903 2281 »
919 2231 968 2307 Et,
1007 2235 1040 2285 ut
1059 2231 1173 2300 penitus
1188 2245 1246 2284 non
1262 2230 1308 2284 sit.
1326 2231 1364 2285 Ex
1383 2246 1416 2283 eo
1429 2229 1508 2285 enim
1523 2229 1597 2299 qnod
1612 2227 1781 2282 mordemus
1796 2242 1853 2296 par·

104 2321 209 2377 idcirco
229 2319 376 2374 verissime
391 2317 547 2372 creduntur
569 2317 747 2372 irrevocabili
766 2318 863 2372 divino
878 2319 953 2389 judi·
1007 2324 1065 2373 tem
1080 2318 1281 2386 abstrahimus,
1296 2324 1466 2390 partemque
1479 2317 1683 2389 relinquimus.
1703 2316 1777 2380 Quia
1789 2330 1851 2384 ergo

104 2410 149 2464 cio
171 2411 206 2464 ad
220 2425 320 2480 poeuas
336 2413 364 2462 et
386 2407 533 2462 interitum
551 2412 721 2477 perpetuum
745 2407 970 2479 praedestinati„
1006 2409 1037 2463 iu
1052 2408 1148 2463 electis
1163 2408 1221 2461 suis
1235 2407 1365 2462 funditus
1380 2407 1483 2462 occidit
1501 2411 1634 2472 mortem,
1659 2421 1740 2460 mors
1760 2403 1851 2458 mortis

104 2499 147 2554 Ita
161 2504 190 2552 et
203 2497 245 2552 illi
260 2496 391 2551 homines
406 2494 490 2565 impii
506 2495 536 2549 in
552 2511 602 2548 sua
613 2494 761 2564 impietate
777 2496 895 2562 mortui,
910 2512 953 2550 eo·
1006 2497 1130 2564 exstitit;
1158 2496 1227 2567 quia
1255 2512 1321 2550 vero
1355 2513 1388 2551 ax
1410 2495 1522 2550 inlerno
1546 2501 1659 2566 partem
1681 2494 1809 2557 abstulit,
1826 2498 1851 2546 el

80 2581 170 2641 'dem
193 2584 374 2639 irrevocabili
398 2583 494 2638 divino
523 2583 633 2652 judicio
664 2583 724 2652 jam
748 2588 831 2638 erant
861 2585 952 2656 poenis
1007 2591 1117 2656 partem
1134 2585 1260 2655 reliquit,
1277 2600 1335 2638 non
1352 2584 1454 2639 occidit
1473 2583 1612 2652 funditus,
1629 2581 1681 2637 sed
1703 2580 1850 2636 momordit

104 2672 253 2745 perpetuis
262 2670 455 2726 condemnati.
1006 2673 1164 2728 infernum.
1189 2673 1237 2727 hit
1260 2688 1328 2742 ergo
1346 2688 1352 2726 :
1369 2694 1380 2722 ι
1396 2672 1450 2727 Ειο
1464 2687 1542 2726 mors
1558 2676 1608 2726 tua
1621 2686 1639 2724 o
1652 2669 1745 2724 mors!
1764 2691 1775 2719 ι
1789 2667 1849 2723 acsi

140 2761 302 2830 Sicutergo
331 2775 385 2830 pro
403 2758 461 2812 illis
487 2758 594 2830 impiis,
621 2764 650 2812 et
677 2760 819 2814 damnatis
841 2760 953 2831 angelis
1008 2759 1846 2833 apertedicat,quiainelectismeisteiuuditusperimo:
1878 2815 1881 2822 ,

105 2852 271 2907 nullatenus
303 2848 443 2902 Dominus
474 2849 555 2903 iesus
584 2848 712 2903 Christus
742 2848 880 2904 dicendus
910 2855 953 2905 est
1009 2852 1093 2905 «Ero
1108 2866 1221 2904 morsus
1236 2854 1310 2916 tuus,
1326 2848 1450 2914 interne,
1465 2869 1479 2899 u
1497 2849 1566 2919 quia
1581 2847 1703 2901 sublatis
1719 2849 1760 2900 cis
1780 2852 1844 2900 teex

105 2955 204 3012 passus
219 2956 226 2994 :
242 2939 281 2992 ita
296 2952 349 3007 pro
371 2936 432 2990 istis
452 2936 549 3007 impiis
573 2941 602 2991 et
617 2936 760 2991 damnatis
784 2937 952 2992 hominibus
970 2945 991 3001 c
1006 2943 1087 3012 parte
1104 2937 1264 3009 transfigo]
1291 2938 1355 2992 llaec
1368 2936 1551 2992 fidelissimus
1566 2936 1667 2990 doctor
1687 2938 1771 3007 juxta
1791 2931 1845 2988 lidei

105 3027 179 3083 absit
199 3026 318 3080 omnino
335 3030 366 3079 nt
378 3041 479 3094 passus
494 3040 556 3079 esse
580 3026 729 3091 credatur;
751 3026 819 3096 qnia
834 3026 888 3081 hoc
903 3026 951 3081 ni·
1006 3028 1151 3083 catholicae
1176 3027 1306 3097 regulam
1328 3025 1495 3081 fidelissime
1516 3026 1652 3091 tenenda,
1670 3029 1699 3079 et
1714 3022 1846 3095 sequenda

104 3116 160 3172 mis
175 3120 217 3169 est
231 3114 406 3170 contrarium
431 3112 536 3167 divinae
551 3115 674 3184 veritati,
698 3113 784 3168 nimis
799 3115 950 3169 adversum
1006 3115 1164 3189 proposuit.
1183 3115 1262 3170 Unde
1286 3119 1376 3169 cesset
1389 3115 1451 3169 haec
1466 3130 1540 3168 nora
1555 3118 1584 3168 et
1607 3113 1742 3167 inaudita
1756 3111 1844 3167 defiui-

98 3203 252 3260 'catholicae
275 3202 355 3271 lidei,
390 3218 455 3273 quae
479 3201 674 3256 indubitanter
704 3202 796 3258 credit
825 3203 952 3259 etdoeet
1006 3205 1056 3267 tio,
1072 3205 1130 3259 imo
1146 3220 1220 3258 nova
1233 3208 1262 3258 et
1284 3204 1415 3258 inaudita
1436 3202 1634 3275 praesumptio,
1653 3207 1685 3255 ιιι
1699 3202 1796 3256 nullus
1808 3202 1846 3256 hu

103 3290 183 3362 quod
199 3289 337 3346 Dominus
364 3296 461 3344 noster
480 3307 561 3344 suam
584 3289 749 3360 passionem
763 3295 792 3344 et
816 3296 950 3360 mortem,
1007 3293 1130 3362 minum,
1154 3292 1240 3347 etiam
1264 3292 1434 3362 impiorum,
1452 3297 1481 3346 et
1494 3292 1570 3359 apud
1586 3290 1695 3344 interos
1719 3290 1845 3345 irrevoca·

104 3383 191 3450 etque
215 3379 249 3434 ad
279 3379 386 3433 interos
409 3379 625 3432 descensionem
650 3379 707 3433 illis
734 3377 801 3432 solis
818 3379 876 3449 jam
902 3378 950 3432 de·
1006 3381 1104 3437 biliter
1125 3381 1328 3435 damnatorum
1344 3379 1441 3444 fuerit,
1458 3395 1511 3449 pro
1535 3395 1593 3450 quo
1612 3377 1745 3433 Christus
1758 3392 1845 3449 passus

13 3530 16 3537 ¹
103 3466 219 3533 iunctis,
240 3471 268 3521 et
299 3467 429 3538 quamvis
453 3467 529 3538 apud
561 3466 678 3531 interos,
709 3467 859 3521 tamenin
883 3466 951 3520 locis
1007 3485 1068 3524 non
1083 3470 1215 3537 sit;cum
1231 3485 1283 3540 pro
1305 3468 1372 3523 solis
1387 3468 1445 3522 illis
1458 3467 1610 3534 defunctis,
1627 3472 1662 3521 nt
1670 3466 1736 3536 jam
1750 3466 1843 3520 dietum

104 3555 321 3626 tranquillitatis
337 3559 365 3610 et
377 3556 449 3610 lucis
459 3555 619 3611 constitutis
632 3555 770 3622 exhibuit,
787 3556 837 3626 qui
853 3555 882 3609 in
896 3556 951 3609 lide
1006 3563 1060 3625 est,
1075 3558 1240 3627 passionem
1260 3557 1438 3623 sustinuerit,
1454 3555 1505 3627 qui
1520 3571 1588 3610 euru
1603 3555 1675 3610 dum
1694 3555 1845 3626 incorpore

104 3641 195 3697 luturi
211 3643 350 3697 adventus
364 3644 427 3714 ejus
448 3660 480 3697 ac
495 3644 710 3715 redemptionis,
738 3645 810 3698 etin
829 3646 884 3699 hoc
899 3661 951 3698 sae-
1005 3645 1144 3711 viverent,
1170 3646 1293 3700 lideliter
1318 3650 1479 3709 venturum,
1505 3643 1692 3698 aimundum
1718 3660 1771 3698 sua
1792 3658 1844 3713 pas·

103 3731 169 3787 culo
184 3732 229 3787 vix
253 3737 343 3801 erant,
358 3738 387 3787 et
407 3733 474 3788 illuc
487 3748 538 3804 per
553 3738 677 3787 mortem
701 3733 885 3796 transierant,
900 3732 951 3787 ubi
1006 3733 1086 3789 sione
1107 3735 1325 3804 redempturum
1349 3733 1543 3789 crediderunt.
1561 3731 1621 3786 lloc
1635 3732 1735 3802 itaque
1759 3738 1801 3786 est
1813 3746 1843 3784 ce

103 3819 190 3875 eham
205 3824 319 3890 tempus
333 3820 487 3890 implenda
504 3836 535 3874 uc
556 3820 739 3891 perficiendae
761 3820 890 3892 ejusdem
906 3838 951 3876 re·
1005 3822 1144 3877 tholicum
1161 3839 1167 3877 :
1186 3823 1238 3877 berc
1260 3822 1329 3877 lidei
1353 3821 1482 3877 Ecclesiae
1508 3821 1545 3876 ab
1566 3820 1652 3875 initio
1675 3819 1845 3875 commenda·

104 3907 278 3981 demptionis
297 3924 355 3962 suae
379 3924 430 3980 per
451 3909 612 3978 passionem
634 3914 663 3963 et
681 3909 894 3964 descensionem
914 3912 950 3966 ad
1004 3915 1067 3966 tum
1084 3928 1090 3966 :
1107 3911 1161 3966 hoc
1175 3911 1272 3967 divina
1283 3902 1442 3982 etpatern‘a
1459 3910 1628 3965 auctoritate
1644 3908 1793 3964 firmatum
1807 3909 1845 3962 :et

103 4010 164 4051 eos.
179 3996 294 4051 Domini
309 3996 356 4067 pio
381 3996 523 4052 desiderio
548 3998 759 4068 exspectabant.
780 3999 820 4054 lie
845 3999 950 4069 quibus
1005 3999 1069 4054 ideo
1086 4000 1236 4071 abjiciatur
1250 4001 1351 4070 procul
1363 3999 1447 4054 lallax
1460 4004 1488 4053 et
1500 3999 1586 4053 inane
1601 4004 1810 4053 commentum.

103 4089 132 4138 et
145 4085 174 4138 B.
196 4085 321 4140 loannes
346 4086 471 4156 Baptista
487 4086 656 4141 imminente
674 4085 736 4156 jam
751 4103 803 4141 sua
817 4088 950 4158 passione
1041 4088 1081 4142 De
1102 4088 1211 4142 caeteris
1234 4103 1301 4143 vero
1323 4087 1491 4143 hominibus
1514 4088 1565 4158 qui
1579 4087 1615 4141 ab
1639 4087 1705 4157 ejus
1723 4086 1844 4157 passione

104 4178 249 4241 etmorte,
273 4173 341 4245 quia
354 4179 382 4229 et
407 4174 467 4244 ipse
482 4190 557 4229 riuus
577 4180 685 4230 crater
701 4174 806 4229 talibus
830 4174 949 4229 sollicite
1004 4193 1096 4248 usque
1122 4193 1198 4232 nunc
1212 4178 1340 4244 fuerunt,
1355 4182 1405 4231 aut
1428 4181 1505 4242 sunt,
1527 4181 1577 4230 aut
1599 4191 1692 4246 nsque
1715 4175 1747 4229 in
1769 4173 1843 4228 tinen

104 4261 238 4317 eumdem
255 4264 409 4317 llomlnum
434 4262 632 4334 interrogabat
652 4279 705 4334 per
719 4263 884 4334 discipulos,
907 4264 949 4318 di·
972 4250 1099 4319 [lsaeeuti
1116 4264 1204 4320 luturi
1229 4271 1304 4332 sunt,
1324 4265 1491 4320 acatholica
1505 4263 1576 4319 fides
1599 4269 1691 4327 tenet,
1709 4284 1724 4311 ιι
1740 4267 1769 4316 et
1782 4259 1843 4316 Scri·

7 4350 9 4354 ’
104 4362 191 4403 cens:
210 4369 224 4400 a
244 4350 285 4404 Tu
301 4366 330 4403 es
345 4350 395 4420 qui
419 4354 556 4404 venturus
579 4366 617 4415 es,
638 4367 675 4404 an
691 4350 780 4405 alium
803 4355 950 4422 exspecta·
1004 4359 1098 4424 pturae
1115 4359 1220 4408 sanctae
1234 4356 1337 4409 veritas
1359 4355 1452 4420 docet,
1475 4353 1551 4424 quod
1573 4368 1627 4423 pro
1644 4350 1782 4406 omnibus
1795 4363 1844 4402 cre·

104 4440 191 4494 must
208 4458 222 4487 ι)
248 4440 358 4507 (Μαιιιι.
375 4454 414 4506 ιι,
437 4438 475 4509 3.)
497 4439 536 4493 lle
561 4439 667 4494 talibus
693 4455 819 4510 namque
843 4440 899 4511 piis
924 4445 951 4495 et
1006 4441 1149 4510 dentibus,
1165 4448 1196 4497 et
1216 4442 1403 4514 pergratiam
1424 4440 1559 4513 baptismi
1574 4457 1606 4495 ex
1624 4455 1701 4511 aqna
1715 4445 1744 4493 et
1759 4439 1844 4492 sanctu

103 4525 196 4582 beatis
209 4525 350 4582 defunctis
365 4527 463 4598 quales
476 4527 595 4582 fuerunt
606 4527 641 4583 ab
655 4528 737 4583 initio
752 4528 853 4583 mundi
862 4545 952 4599 usque
1007 4530 1114 4602 Spiritu
1146 4531 1332 4602 regeneratis,
1366 4536 1395 4585 et
1416 4531 1545 4585 Ecclesiae
1577 4528 1772 4600 incorporatis
1790 4538 1844 4579 vere

104 4615 140 4672 ad
155 4615 310 4671 adventum
327 4615 444 4670 Domini
456 4617 544 4671 sancti
558 4617 738 4688 patriarchae,
754 4623 781 4672 et
792 4617 949 4689 prophetae,
1007 4618 1145 4674 Dominus
1159 4627 1189 4674 ct
1203 4621 1332 4677 Salvator
1352 4624 1450 4674 nester
1464 4620 1501 4674 sil
1525 4634 1635 4690 passus.
1660 4618 1761 4688 Neque
1779 4615 1844 4669 enin

105 4710 134 4759 et
149 4706 244 4760 careri
269 4703 380 4775 antiqui
400 4704 481 4775 justi,
502 4705 552 4777 qui
580 4706 619 4760 ita
633 4706 824 4761 crediderunt·
839 4711 867 4761 et
882 4721 953 4778 pras
1005 4723 1071 4762 rere
1093 4708 1177 4763 aliter
1198 4708 1338 4779 baptizari
1357 4712 1525 4790 potuefunt,
1542 4706 1598 4763 nisi
1619 4706 1650 4760 in
1667 4711 1761 4760 morte
1776 4704 1845 4775 ejus3

105 4793 311 4848 nuntiaverunt
339 4799 504 4860 venturum,
538 4799 566 4849 et
599 4795 759 4849 humanum
780 4810 871 4865 genus
901 4811 953 4849 suo
1007 4811 1059 4850 nec
1075 4796 1380 4867 vereapeccatissuis
1401 4796 1489 4863 ablui,
1506 4795 1563 4849 nisi
1583 4792 1845 4865 insanguineejm,

106 4881 247 4952 sanguine
271 4882 502 4952 redempturum,
528 4883 600 4937 sicul
614 4899 691 4937 nunc
714 4899 781 4938 eum
797 4884 891 4938 omnis
908 4885 954 4938 Ec·
1007 4884 1127 4939 docente
1142 4885 1224 4940 beato
1239 4885 1327 4941 Paulo
1346 4886 1500 4956 apostolo:
1518 4906 1528 4933 ι
1549 4883 1621 4948 Quia
1644 4882 1811 4953 quicunque
1824 4878 1846 4930 iu

104 4969 190 5025 clesia
202 4969 262 5040 jam
279 4970 391 5026 venisse
407 4971 497 5025 credit
510 4975 538 5025 et
551 4970 713 5037 confitetur,
730 4972 818 5026 etiam
834 4971 864 5025 in
880 4971 953 5027 libro
1008 4973 1120 5029 Christo
1142 4974 1277 5046 baptizati
1298 4975 1555 5045 sumus(Rom.v1,
1574 4974 1613 5041 3).
1631 4992 1642 5019 ι
1661 4972 1696 5025 Et
1708 4970 1847 5023 attestante

105 5058 301 5114 Ecclesiastico
316 5060 377 5131 ipsa
391 5059 440 5114 Dei
453 5059 602 5130 sapientia,
618 5060 668 5130 qui
683 5065 726 5114 est
740 5060 839 5130 utique
856 5060 953 5114 ltomi-
1008 5061 1092 5116 beato
1116 5063 1223 5116 toanne
1247 5062 1278 5116 in
1303 5061 1473 5133 Apocalypsi
1490 5077 1496 5116 :
1515 5082 1526 5110 ι
1544 5059 1599 5124 Oui
1623 5058 1726 5113 dilexit
1751 5072 1814 5121 nos,
1826 5056 1848 5107 el

105 5162 161 5201 nus
184 5152 281 5201 noster
294 5147 375 5202 lesus
399 5147 529 5203 Christus
557 5147 710 5218 promittit,
732 5149 829 5203 dicens
845 5162 853 5199 ι
868 5170 882 5198 «
900 5151 954 5203 Pe·
1008 5149 1078 5204 lavit
1091 5165 1144 5204 nos
1158 5166 1172 5203 a
1188 5150 1310 5220 peccatis
1332 5150 1437 5204 uostris
1452 5149 1481 5203 in
1497 5147 1638 5218 sanguine
1653 5163 1707 5201 sno
1723 5144 1821 5216 (Apoc.
1833 5158 1847 5206 ι,

105 5232 225 5288 netrabo
258 5233 288 5287 in
319 5233 470 5289 inferiores
495 5241 591 5306 partes
623 5239 717 5300 terrm,
744 5241 772 5289 et
804 5235 953 5307 inspiciam
1008 5238 1046 5308 5).
1063 5257 1077 5290 ι
1095 5239 1133 5293 lle
1157 5237 1202 5291 his
1217 5239 1313 5303 etiem,
1328 5238 1357 5292 id
1373 5242 1417 5292 est
1430 5237 1564 5292 fidelibus
1580 5236 1639 5290 suis
1653 5236 1686 5289 in
1700 5240 1794 5290 morte
1806 5245 1848 5286 sua

107 5338 208 5376 omnes
223 5322 409 5391 dormientes,
427 5329 455 5378 et
470 5322 639 5379 illuminabo
650 5339 748 5378 omnes
764 5330 909 5395 sperantes
923 5326 954 5380 in
1008 5327 1169 5396 baptizatis,
1193 5326 1264 5382 etin
1294 5326 1502 5398 sanguinesno
1525 5330 1712 5396 peccatorum
1737 5322 1849 5378 ablutio·

108 5409 166 5463 ueo
182 5412 275 5478 (ticeli.
298 5427 374 5482 xxrv,
405 5413 493 5482 llil.»
519 5414 648 5484 itemque
669 5413 804 5467 alioloco
824 5414 859 5468 de
882 5414 955 5484 ejus·
1007 5432 1075 5471 nem
1088 5416 1255 5481 consecutis,
1270 5415 1340 5471 dicit
1353 5415 1414 5488 ipse
1429 5415 1568 5472 Dominus
1580 5418 1610 5469 et
1621 5406 1849 5469 Salvatorzes't

107 5495 174 5551 dem
199 5496 382 5555 descensione
402 5500 437 5555 nd
471 5501 587 5570 interos,
604 5505 632 5556 et
664 5517 764 5558 corum
786 5502 954 5558 liberatione
1010 5509 1058 5559 cut
1074 5504 1154 5559 norit
1169 5520 1214 5560 me
1237 5506 1332 5574 Pater,
1347 5509 1443 5576 etego
1465 5519 1587 5575 agnosco
1603 5504 1728 5571 Patrem,
1753 5497 1849 5558 etaui-
