3930 6098
67 269 120 321 269
572 272 709 329 CONTRA
728 274 929 331 GRAEGORUM
949 275 1125 332 orrostrt.
1140 308 1173 315 —
1187 278 1250 334 Llll.
1271 278 1305 334 ll.
1765 292 1818 344 ιιι)

65 396 177 453 iontem
194 414 252 453 non
267 398 364 467 habel,
381 399 468 455 tontis
483 401 592 473 irriguo
606 419 663 458 uon
673 402 838 459 inundatur.
849 405 914 471 Qui·
932 406 1141 475 Acontineuti,
1158 412 1350 480 comparatur.
1374 411 1413 465 lle
1430 426 1488 482 quo
1509 420 1720 486 consequenter
1743 418 1817 491 adji-
1891 417 1898 427 '

66 486 120 541 bus
147 487 283 543 omnibus
307 488 452 544 evidenter
474 492 637 547 ostenditur
651 510 666 547 a
678 492 790 548 Christo
817 510 914 566 proce-
967 495 1054 561 ciens,
1072 496 1147 567 quod
1163 496 1265 551 catoris
1280 497 1341 568 ejus
1353 498 1418 569 igne
1438 516 1521 554 nemo
1545 503 1583 557 sit
1611 503 1735 575 quinon
1751 525 1817 563 con·

65 575 133 630 dere
149 575 288 648 Spiritum
302 585 443 632 sanctum.
967 583 1104 654 tingatur,
1120 584 1189 639 illud
1206 587 1414 657 testaturquod
1425 587 1459 641 de
1478 588 1547 643 Filio
1563 607 1678 664 quoque
1693 595 1815 654 dicitur:

102 666 136 719 Et
153 665 229 719 intra
242 668 317 738 (cap.
335 666 378 737 ll)
395 683 402 720 τ
421 690 431 716 ι
452 669 497 723 Nil
513 668 610 741 itaque
637 669 665 723 iu
688 670 794 741 Spiritu
817 679 913 725 sancto
967 673 1020 739 Qui
1051 675 1189 729 illuminat
1217 690 1320 729 omnem
1348 677 1480 732 homiuem
1514 682 1662 737 uenientem
1687 686 1717 738 iu
1744 685 1816 742 huuc

64 753 257 825 semiplenum
273 761 400 824 putetur,
418 757 486 828 quia
507 758 682 828 plenitudini
707 768 912 830 comparatur:
966 761 1097 815 muudum
1112 763 1207 833 (Joau.
1230 780 1251 832 ι,
1270 764 1312 832 9);
1331 769 1494 819 monstrans
1519 766 1647 837 ejusdem
1663 787 1729 826 eum
1753 788 1815 829 esse

64 857 132 896 narn
158 842 209 914 qui
233 842 267 897 ad
290 843 380 899 vicem
397 845 447 899 Dei
468 845 597 916 pignoris
619 846 681 901 loro
706 848 855 914 tribuitur,
872 850 913 902 tes
966 851 1113 921 potentia,
1148 852 1228 923 cujus
1256 858 1286 907 et
1320 852 1418 920 Filius,
1452 855 1685 927 quandoquidem
1726 860 1815 915 Filius

63 932 434 1003 nonest,utaliudquam
457 935 792 990 Deusessecredatur.»
818 937 911 992 Semi·
967 955 1081 993 omnem
1117 939 1264 995 homiuem
1296 941 1450 1009 illuminat,
1481 946 1509 998 et
1534 961 1549 997 a
1575 946 1669 1001 calore
1692 946 1815 1019 Spiritus

62 1022 183 1091 plenum
194 1021 332 1092 Spiritum
362 1029 492 1077 saucturu
516 1022 632 1094 deputa,
655 1024 787 1096 quisquis
813 1043 912 1080 euma
967 1027 1085 1081 extorris
1109 1044 1193 1082 nemo
1216 1028 1275 1083 fiat.
1300 1033 1429 1101 Cumque
1453 1037 1482 1086 et
1507 1048 1523 1085 a
1549 1015 1682 1088 Patreet
1703 1052 1718 1088 a
1743 1038 1814 1093 Filio

64 1108 134 1163 Filio
162 1109 317 1180 procedere
345 1111 537 1182 denegatret
556 1119 641 1183 negat
662 1130 728 1168 eum
759 1115 792 1169 ad
821 1115 912 1170 vicera
966 1115 1042 1170 mitti
1059 1116 1174 1187 dicitur,
1196 1123 1223 1172 et
1246 1118 1281 1172 de
1308 1120 1438 1190 ipsorum
1458 1119 1617 1175 substantia
1645 1125 1812 1192 procedere.

64 1197 686 1274 Deipignorislococontribui,quicumque
702 1204 912 1274 processionem
966 1209 1143 1258 monstratur
1169 1205 1278 1275 pariter
1302 1213 1330 1260 et
1355 1223 1370 1259 a
1398 1223 1456 1277 quo
1485 1205 1522 1261 sit
1536 1207 1668 1278 Spiritus,
1685 1212 1713 1263 et
1735 1208 1815 1279 cujus

63 1287 221 1342 aFilioilli
236 1304 295 1343 nou
311 1288 506 1345 tribuitzuon
524 1291 600 1345 enirn
614 1296 706 1362 potest
720 1292 822 1362 plenus
839 1294 912 1347 Deus
965 1293 1078 1347 virtutis
1093 1294 1207 1361 eristat;
1233 1310 1286 1365 per
1303 1295 1399 1349 omnia
1430 1296 1520 1350 Deum
1547 1296 1630 1350 illurn
1663 1296 1816 1351 ostendens

64 1376 200 1447 intelligi,
229 1377 275 1432 cui
289 1378 567 1434 consubstantialitas
582 1380 741 1450 denegatur
766 1380 844 1447 l'ilii;
862 1398 912 1435 nec
965 1382 1140 1454 coaequalem
1161 1383 1238 1437 Patri
1253 1384 1381 1455 Filioque
1397 1389 1454 1438 tam
1470 1385 1609 1455 potentia,
1631 1400 1719 1456 quam
1746 1385 1816 1439 sub-

63 1466 156 1519 vieem
185 1465 257 1521 valet
284 1468 332 1522 Dei
360 1473 574 1538 reprensentare,
602 1469 648 1522 oui
676 1468 763 1522 Filius
788 1485 845 1523 non
871 1474 913 1524 est
965 1471 1079 1540 stantia,
1090 1477 1118 1525 et
1131 1471 1199 1542 qrria
1216 1471 1336 1542 prodeat
1347 1472 1381 1526 ab
1393 1477 1538 1544 utroque:
1558 1477 1586 1528 el
1607 1472 1693 1540 inira,
1712 1474 1816 1529 Filium

64 1552 328 1609 consubstantialis.
353 1556 458 1610 Verum
471 1556 625 1611 catholicus
644 1557 740 1612 nullus
756 1557 796 1611 sie
815 1559 911 1626 sentit,
966 1560 1150 1614 introducens
1170 1560 1313 1615 dicentem
1334 1577 1340 1614 :
1361 1582 1374 1609 ιι
1388 1562 1541 1616 Puructitus
1556 1563 1606 1632 qui
1627 1579 1645 1616 u
1658 1565 1739 1618 Putre
1754 1579 1818 1633 pro-

64 1642 114 1697 sed
131 1643 251 1714 plenum
267 1644 356 1698 lleum
371 1661 402 1697 ac
427 1645 697 1701 consubstantialem
717 1647 803 1712 Petri,
828 1647 909 1701 Filio·
967 1648 1274 1720 restruendarum),
1293 1665 1349 1703 nou
1386 1650 1458 1704 dixit
1473 1651 1523 1721 qui
1548 1668 1563 1704 a
1592 1652 1672 1706 Patre
1705 1656 1817 1707 creatus

64 1749 122 1803 que
137 1731 309 1787 confitetur:
326 1732 437 1788 noverit
450 1734 515 1789 iude
533 1735 687 1805 procedere
705 1734 820 1805 Filium,
839 1737 912 1791 uude
932 1707 953 1762 B
968 1740 1020 1800 est,
1037 1737 1084 1791 sed
1105 1740 1216 1792 aPutre
1227 1738 1360 1808 procedit,
1374 1738 1401 1793 id
1426 1744 1479 1804 est,
1507 1739 1542 1793 da
1568 1744 1697 1809 paterne
1723 1740 1814 1796 socie·

64 1834 184 1890 quoqne
212 1821 300 1874 sumit
329 1821 532 1888 substantiam,
570 1828 599 1879 et
617 1823 667 1895 qui
686 1824 763 1878 Patri
786 1822 914 1896 Filioque
968 1827 1026 1878 tate
1041 1826 1190 1895 potentiae,
1202 1829 1230 1879 et
1246 1826 1281 1880 de
1301 1825 1476 1897 proprietate
1492 1832 1621 1892 naturoe;
1643 1832 1672 1882 et
1692 1844 1727 1882 ex
1750 1827 1814 1899 ipso

64 1908 220 1978 copulatur
244 1909 414 1979 substantia,
439 1912 574 1982 procedat
589 1928 702 1967 necesse
717 1918 760 1967 est
784 1913 819 1967 ab
839 1919 913 1968 utro·
969 1929 1102 1969 sermone
1113 1914 1282 1982 ostenditur,
1305 1931 1370 1969 cum
1386 1915 1520 1970 dicituro
1543 1916 1626 1970 Patre
1649 1917 1815 1988 procedere,

64 2014 134 2068 qrre.
146 1998 216 2052 ltem
229 1998 386 2070 subjungit,
402 1999 560 2070 capitulum
576 2017 684 2072 ponens
699 2002 828 2072 ejusdem
840 2004 913 2072 Apo·
969 2005 1130 2057 crrrnl’atre
1155 2002 1272 2058 initium
1290 2019 1349 2058 nou
1373 2004 1488 2058 habere.
1516 2027 1530 2054 a
1555 2006 1611 2058 Nec
1639 2010 1724 2076 putes
1747 2021 1814 2060 euru

64 2085 131 2140 stoli
154 2085 191 2139 ad
216 2086 362 2141 Titum:«
396 2086 492 2143 Suluos
520 2104 568 2144 uos
594 2092 660 2156 [ecit
693 2106 743 2160 per
775 2091 915 2145 torcorum
969 2106 1074 2160 negare
1101 2091 1221 2144 votuisse
1244 2091 1380 2162 Spiritum
1406 2097 1536 2147 sanctum
1559 2093 1593 2146 de
1620 2092 1689 2146 Filio
1720 2108 1816 2163 proce·

63 2176 276 2241 repereratiouis
312 2182 337 2231 et
362 2180 544 2232 renovationis
570 2180 691 2248 Spiritus
719 2181 808 2234 sancti
837 2195 915 2249 quem
969 2179 1045 2246 dere,
1063 2179 1130 2250 quia
1145 2179 1216 2233 dixit
1226 2195 1293 2233 eum
1308 2180 1342 2234 de
1359 2183 1442 2235 Patre
1461 2180 1630 2250 processisse
1653 2197 1660 2234 ι
1681 2181 1815 2252 superius

64 2263 413 2331 effuditiuuobisutuude
434 2281 486 2334 per
511 2268 600 2321 iesum
623 2265 761 2323 Christum
781 2267 846 2338 (Tit.
873 2283 913 2334 ιιι,
969 2283 1094 2338 namque
1118 2285 1182 2322 eum
1209 2268 1316 2332 mittia
1344 2268 1427 2323 Putre
1442 2274 1500 2323 eta
1529 2268 1598 2323 Filio
1618 2269 1700 2336 dixit,
1729 2269 1816 2325 etde

66 2354 103 2422 5).
120 2352 570 2410 EeeeetiamhicsubTriuitate
591 2354 741 2409 manifesta
761 2356 844 2411 Pater
864 2372 916 2427 per
969 2357 1096 2428 ipsorum
1126 2358 1283 2413 substantia
1310 2358 1476 2428 procedere,
1506 2362 1535 2412 et
1564 2374 1654 2413 unum
1679 2374 1746 2413 curn
1773 2357 1815 2414 eis

67 2441 171 2495 lilium
208 2441 392 2496 abundatiam
419 2442 540 2514 Spiritus
573 2444 661 2499 suncti
699 2443 830 2499 effundit.
872 2446 914 2513 Et,
970 2462 1041 2516 opus
1058 2462 1153 2515 agere.
1176 2447 1256 2500 Nunc
1279 2462 1395 2517 quoque
1418 2446 1515 2501 dicens
1539 2462 1604 2501 eum
1629 2445 1664 2500 de
1689 2451 1817 2517 paternas

67 2531 146 2602 quod
164 2529 210 2584 vel
223 2532 348 2586 maxime
364 2531 568 2586 advertendum
580 2537 631 2598 est,
647 2531 702 2604 ipsi
713 2533 832 2604 Spiritui
849 2551 914 2588 san·
970 2535 1103 2589 societate
1118 2535 1266 2605 potentia,
1283 2541 1310 2590 et
1326 2535 1361 2590 de
1382 2534 1559 2606 proprietate
1584 2539 1695 2589 naturae
1714 2551 1818 2607 proce·

66 2626 111 2673 eto
122 2620 283 2690 potentiam
302 2620 525 2692 regenerationis
541 2626 570 2676 et
596 2621 790 2676 renovationis
814 2622 916 2676 adseri·
970 2624 1060 2678 dere:
1078 2624 1213 2695 quoniam
1237 2624 1309 2678 sieut
1329 2623 1413 2678 Pater
1438 2629 1466 2678 et
1490 2623 1578 2678 Filius
1602 2640 1654 2678 nee
1677 2624 1815 2695 potentia,

66 2708 916 2781 hit.»uuucitruertnnobisspiritumsancturnabunde
969 2729 1022 2767 nec
1046 2719 1148 2767 natura
1178 2718 1358 2783 separantur,
1385 2712 1425 2767 sic
1454 2712 1484 2766 in
1513 2712 1663 2767 existentia
1694 2711 1817 2785 Spiritus
1877 2769 1881 2775 ,

67 2798 233 2868 pertesum
248 2797 392 2853 Christum
408 2815 415 2853 :
437 2803 468 2852 ut
483 2799 613 2854 ostendat
631 2798 697 2870 quia
712 2799 841 2868 procedit
854 2804 882 2853 et
899 2816 916 2854 a
970 2817 1029 2855 non
1044 2807 1247 2868 secernuntur;
1265 2800 1403 2872 quoniam
1419 2817 1484 2855 cum
1499 2801 1535 2854 sit
1555 2801 1703 2872 utriusque
1726 2800 1816 2872 Spiri-

66 2887 150 2941 Patre
160 2887 290 2942 etalesu
305 2886 426 2942 Christo.
438 2889 509 2942 llum
522 2887 780 2955 nobisellunditur‚
796 2888 917 2943 elluudit
970 2893 1026 2957 tus,
1044 2888 1173 2960 procedit
1188 2889 1222 2943 ab
1239 2895 1376 2960 utroque;
1393 2895 1422 2943 et
1437 2906 1509 2960 quos
1523 2894 1619 2961 aequat
1641 2894 1744 2944 natura
1761 2906 1816 2961 po·

66 2977 150 3029 Pater
159 2975 299 3047 Spiritum
314 2978 453 3044 sanctum,
469 2976 607 3048 quoniam
632 2976 757 3032 mittitur
775 2994 791 3030 a
816 2978 914 3044 Patre,
934 3001 955 3058 C
971 2978 1127 3048 tertiaque,
1140 2976 1321 3048 processione
1335 2992 1395 3030 uon
1409 2981 1532 3047 separat.

67 3064 257 3135 effunditper
281 3065 379 3119 lesum
401 3064 556 3132 Christum,
578 3063 720 3137 {quoniam
745 3071 915 3136 cooperatur
1006 3065 1079 3119 llicit
1097 3064 1237 3118 interius:
1264 3084 1277 3115 α
1307 3063 1380 3128 Quid
1409 3069 1452 3117 est
1480 3069 1575 3117 autem
1603 3065 1678 3135 quod
1704 3079 1738 3118 ex
1758 3067 1816 3121 neo

65 3153 142 3207 Patri
159 3153 247 3208 simul
266 3151 439 3208 effundendo
463 3153 623 3225 Spiritum:
647 3170 699 3208 nec
713 3154 792 3208 euim
816 3154 856 3208 sic
874 3153 915 3207 ait
968 3157 1051 3211 Patre
1066 3152 1153 3208 Filius
1177 3151 1252 3206 nasci
1279 3151 1394 3217 dieitur,
1420 3156 1448 3205 et
1471 3150 1597 3222 Spiritus
1619 3156 1733 3207 sanctus
1754 3168 1817 3223 pro

65 3241 216 3297 effundere
238 3242 352 3297 Patrem
381 3257 434 3312 per
468 3243 565 3297 lesum
592 3243 747 3309 Christum,
776 3247 915 3313 tanquam
969 3241 1070 3296 cedere
1099 3237 1295 3310 significaturi
1326 3238 1355 3293 Si
1390 3239 1520 3310 requiras
1548 3238 1619 3310 quid
1653 3238 1728 3293 inter
1766 3256 1816 3294 na·

66 3331 197 3386 Christus
216 3346 274 3385 non
287 3329 431 3396 attundet;
456 3347 511 3386 non
533 3331 612 3386 enirn
637 3337 808 3401 separantur
830 3332 914 3385 Pater
969 3335 1095 3384 scentem
1118 3334 1147 3383 et
1167 3328 1368 3398 procedentem
1387 3327 1483 3393 distet,
1500 3326 1715 3381 evidentarhoe
1730 3326 1817 3383 inter-

68 3420 395 3491 etFiliusoperatione;
417 3419 467 3474 sed
496 3419 617 3474 ellundit
643 3420 805 3491 pertesum
834 3419 915 3475 Chri·
970 3423 1021 3486 est,
1043 3416 1111 3489 quia
1125 3416 1176 3470 iste
1191 3432 1222 3470 ex
1242 3432 1300 3471 uuo
1315 3416 1453 3482 nascitur,
1474 3416 1521 3471 ille
1546 3432 1579 3487 er
1611 3421 1734 3489 utroque
1753 3433 1819 3488 pro-

68 3508 325 3580 stum,quiacum
351 3509 435 3562 Pater
462 3508 594 3575 effundit,
624 3514 652 3563 et
676 3510 759 3564 iesus
789 3508 917 3563 Christus
970 3507 1109 3576 graditur.
1136 3526 1150 3556 u
1174 3505 1281 3571 Quibus
1303 3510 1330 3559 et
1345 3521 1528 3576 progressum
1554 3508 1674 3561 aPatre
1690 3506 1818 3578 Filioque

70 3596 205 3666 effundit,
232 3597 300 3668 quia
315 3596 441 3651 mittitur
455 3596 490 3650 ab
518 3601 659 3668 utroque3
686 3596 822 3668 quoniam
848 3613 916 3668 pro·
972 3597 1112 3668 Spiritum
1137 3595 1298 3665 profitetur.
1317 3596 1349 3648 Et
1362 3595 1433 3649 ratio
1454 3596 1583 3650 redditur
1599 3601 1724 3652 curete
1748 3596 1820 3651 Filio

68 3685 219 3740 reditium
245 3685 363 3740 aPatre
389 3701 476 3756 quam
506 3685 624 3740 al’ilio.
657 3685 817 3741 Potentiam
851 3702 917 3740 vero
971 3685 1156 3756 progreditur
1173 3701 1179 3737 :
1197 3700 1262 3737 nam
1278 3684 1302 3737 si
1324 3683 1453 3737 dicamus
1469 3684 1578 3755 quoda
1601 3685 1684 3739 Patre
1708 3689 1820 3740 tantum

69 3773 196 3845 Spiritus
215 3773 306 3828 sancti
335 3777 455 3828 testatur
483 3779 583 3829 auctor
602 3775 655 3829 iste
679 3775 769 3829 Patris
798 3774 918 3846 filiique
972 3775 1118 3845 procedat,
1136 3772 1205 3828 lldei
1228 3772 1389 3841 periculum
1416 3789 1475 3826 non
1502 3773 1666 3828 evitamus:
1695 3774 1821 3844 qualiter

68 3879 230 3935 remquam,
245 3862 316 3919 dum
335 3862 403 3918 dicit
427 3862 529 3918 ascribi
550 3862 670 3934 Spiritui
697 3868 795 3917 sancto
820 3867 919 3934 poten·
974 3865 1052 3919 euim
1067 3861 1153 3917 Filius
1176 3861 1278 3916 unicus
1300 3876 1361 3915 esse
1384 3861 1474 3915 Patris
1498 3861 1619 3926 dicatur,
1644 3877 1710 3916 cum
1733 3862 1819 3916 etiam

67 3951 140 4006 tiam
156 3950 829 4023 regenerationisetrenovationis,utostendat
847 3953 920 4023 ejus-
973 3958 1001 4007 et
1016 3951 1140 4023 Spiritus
1156 3950 1284 4021 ejusdcm
1301 3965 1362 4004 esse
1378 3965 1437 4004 non
1451 3948 1598 4004 ueeatur‘t
1627 3951 1660 4004 Et
1674 3950 1820 4020 quomodo

68 4040 138 4095 dem
154 4056 221 4095 eum
234 4056 296 4095 esse
313 4039 426 4094 virtutis
446 4040 528 4110 cujus
552 4044 595 4094 est
616 4040 699 4094 Pater
713 4045 742 4094 et
758 4040 862 4106 Filius3
888 4055 920 4093 ac
974 4039 1177 4111 comprobetur
1191 4055 1247 4092 non
1264 4054 1325 4092 esse
1341 4037 1440 4103 Filius,
1455 4038 1504 4109 qui
1530 4037 1606 4091 velut
1630 4037 1717 4092 Filius
1734 4038 1820 4092 aPa·

64 4146 121 4202 per
140 4129 196 4183 hoc
208 4133 239 4184 st
251 4128 501 4184 consubstantialis
516 4132 544 4183 et
560 4128 595 4182 de
617 4133 741 4200 utroque
763 4129 920 4200 procedens
973 4134 1017 4183 tre
1046 4126 1203 4182 consistat?
1228 4125 1367 4196 fugienda
1402 4129 1454 4194 est,
1483 4126 1540 4179 imo
1569 4125 1733 4180 subruenda
1757 4124 1823 4181 talis

68 4220 245 4274 affirmatur.
974 4214 1164 4286 blasphemia,
1187 4219 1218 4269 ut
1245 4214 1316 4269 tides
1341 4213 1481 4268 catholica
1503 4213 1607 4284 jaculis
1638 4213 1821 4269 inimieorum

105 4310 182 4363 Item
195 4305 336 4379 posterius
350 4307 422 4378 (cop.
437 4308 478 4373 lt)
496 4321 502 4360 :
517 4305 674 4361 Psalmistae
704 4321 815 4376 ponens
837 4303 919 4359 testi·
940 4299 1035 4358 Dnou
1047 4304 1094 4358 fiat
1108 4303 1245 4374 exposita.
1263 4302 1378 4356 Dicatur
1392 4301 1489 4373 itaque
1507 4302 1584 4372 quod
1609 4303 1699 4356 nostri
1726 4303 1823 4359 dixere

66 4395 484 4465 monium,dicentis:10uo
507 4394 551 4450 uo
575 4410 593 4448 n
616 4395 723 4464 Spiritu
747 4397 812 4449 tuo?
834 4394 918 4462 (Paul.
976 4394 1117 4464 majores:
1140 4391 1276 4446 Filiusex
1300 4392 1382 4446 Patre
1396 4397 1490 4460 natus,
1521 4391 1597 4445 solus
1627 4392 1661 4447 dc
1691 4393 1763 4461 solo,
1792 4408 1824 4448 ac

63 4501 206 4552 cmrru,
237 4484 276 4557 ι.)
305 4485 362 4540 lloc
392 4487 447 4554 est,
479 4482 529 4538 ubi
556 4499 604 4538 me
627 4499 648 4537 a
678 4488 829 4550 conspectu
859 4483 921 4553 ejus
975 4481 1294 4555 perhocunigenitus:
1313 4480 1438 4550 Spiritus
1460 4496 1527 4534 sero
1548 4485 1663 4534 sanctus
1686 4482 1720 4536 de
1741 4484 1824 4538 Patre

63 4572 261 4641 abscondam,
291 4588 376 4644 quem
402 4578 507 4644 praesto
531 4588 592 4627 esse
624 4572 804 4642 peremnia,
831 4570 922 4625 idest
976 4570 1093 4642 quilem
1107 4569 1274 4641 procedens,
1291 4568 1340 4623 sed
1356 4584 1414 4622 non
1438 4568 1473 4622 de
1489 4568 1548 4621 solo
1571 4568 1664 4635 sotus;
1688 4569 1824 4641 qnoniam

63 4665 152 4720 intra
173 4667 309 4733 extraque
332 4677 390 4716 nou
413 4660 551 4732 ambigo?
570 4680 584 4712 n
612 4661 644 4715 Et
658 4660 732 4715 iutra
748 4677 784 4714 :u
810 4661 848 4714 De
864 4674 921 4731 quo
976 4659 1113 4730 procedat
1127 4663 1181 4711 eta
1201 4657 1283 4725 Filio,
1299 4672 1336 4711 ue
1355 4656 1429 4710 duos
1448 4656 1531 4711 Filios
1547 4655 1695 4711 videamur
1721 4659 1825 4728 praedi·

59 4754 185 4809 dictum
200 4750 344 4805 evidenter
359 4749 532 4821 intelligitur
552 4766 559 4804 :
585 4751 636 4806 Nec
651 4754 690 4805 est
710 4751 758 4818 qui
771 4764 799 4804 se
814 4748 923 4803 utscou·
978 4764 1051 4814 care,
1075 4745 1287 4817 processionem
1306 4744 1428 4816 Spiritus
1443 4743 1466 4798 si
1490 4744 1525 4799 de
1538 4744 1621 4800 Patre
1643 4745 1825 4801 solummodo

60 4843 122 4898 dut
150 4855 171 4895 a
196 4840 284 4894 calore
307 4839 465 4908 eiurlPsot.
491 4855 568 4900 rvru,
594 4838 632 4909 t).
662 4838 751 4909 Cujus
771 4837 924 4892 inellabitis
978 4836 1176 4890 conliteamur.
1210 4834 1300 4905 lgitur
1327 4834 1425 4889 doctor
1457 4833 1510 4888 iste
1538 4834 1681 4904 majorum
1718 4832 1825 4888 doctri·

61 4928 246 5000 magnitudo
269 4928 414 4999 protunda
440 4927 610 4992 inferorum,
640 4927 743 4981 diffusa
771 4926 922 4992 ssuetuum,
978 4941 1046 4981 nam
1081 4930 1194 4978 secutus
1230 4938 1360 4989 suorum,
1389 4923 1447 4976 suis
1484 4922 1607 4993 posteris
1650 4920 1827 4991 transcripsit

59 5021 193 5076 extenta
206 5022 358 5078 terrarum,
384 5015 494 5072 excelse
518 5015 657 5070 coelorum
685 5015 783 5079 intret,
811 5014 924 5084 implet,
980 5012 1162 5086 quodasuis
1177 5011 1320 5083 prioribus
1348 5011 1480 5083 accepit:
1507 5025 1630 5082 cumque
1652 5009 1687 5065 de
1716 5007 1826 5080 Spiritu

60 5105 193 5172 excidit,
207 5104 310 5160 mittia
323 5105 405 5159 Patre
425 5109 454 5159 et
470 5104 540 5160 Filio
561 5103 676 5169 dicitur,
700 5107 728 5157 et
741 5104 775 5158 de
797 5103 925 5173 ipsorum
981 5107 1078 5157 sancto
1090 5103 1247 5156 Romanam
1262 5100 1378 5166 sentire,
1397 5099 1471 5154 sicut
1490 5099 1576 5154 hodie
1602 5098 1698 5164 sentit,
1719 5096 1827 5169 proba·

59 5194 238 5254 substantia
256 5192 423 5266 procedere,
446 5198 576 5247 etenum
592 5208 659 5247 cum
686 5191 726 5246 eis
746 5208 819 5263 opus
841 5206 926 5261 agere
981 5191 1019 5246 rit
1029 5188 1191 5256 Ecclesiam,
1208 5188 1376 5243 nullomodo
1390 5193 1487 5243 tamen
1502 5187 1635 5253 ostendit,
1658 5185 1688 5239 iu
1703 5184 1755 5239 tali
1771 5183 1829 5239 ilde

61 5280 265 5354 diguoaeitur.
297 5302 308 5329 ι
340 5280 389 5335 llis
426 5281 560 5336 omnibus
589 5279 678 5334 sancti
711 5279 833 5350 Spiritus
869 5294 928 5332 ma·
982 5282 1198 5349 permanentem
1238 5276 1274 5331 ab
1302 5275 1493 5331 Orientalibus
1530 5273 1658 5329 Ecclesiis
1691 5272 1737 5327 vel
1774 5273 1830 5328 ali-

59 5371 188 5447 jestatis
199 5369 362 5426 ostenditur
376 5374 407 5424 et
427 5369 594 5441 processio:
622 5385 687 5424 curu
707 5368 785 5423 enim
808 5371 929 5422 testetur
983 5364 1098 5438 quando
1118 5365 1204 5419 luisse
1218 5365 1348 5431 disisam,
1364 5365 1408 5419 rel
1430 5378 1557 5434 unquam
1574 5361 1686 5416 diversa
1712 5361 1748 5417 de
1765 5362 1830 5435 Spi-

63 5463 193 5520 nullum
207 5476 269 5515 esse
286 5461 380 5516 locum
396 5458 543 5531 aSpiritus
557 5458 648 5514 sancti
661 5457 814 5528 praeseutia
832 5472 929 5512 remo·
984 5456 1039 5511 ritu
1055 5458 1152 5508 sancto
1170 5455 1213 5508 vel
1242 5454 1364 5508 sensisse
1384 5453 1426 5506 vel
1454 5449 1751 5507 docuissehstnunc
1773 5451 1833 5507 mi-

64 5561 149 5617 tum,
166 5549 261 5605 Patris
275 5547 397 5620 Filiique
412 5547 554 5603 divinitati
565 5552 666 5602 cuncta
682 5545 855 5618 penetranti,
873 5545 930 5599 sire
985 5543 1108 5598 randum
1123 5542 1192 5613 quid
1205 5547 1329 5614 arguent
1342 5539 1409 5595 nori
1424 5537 1567 5609 dogmatis
1584 5545 1761 5610 repertores;
1782 5555 1833 5595 cur
