3930 6098
542 235 589 291 nn
606 235 773 293 TENENDA
790 233 995 293 SCRIPTURAE
1016 234 1202 293 vnnlrlrn.
1679 245 1747 300 loto

96 371 179 429 iram.
208 370 234 422 id
260 372 311 435 ost,
334 369 418 438 juste
441 368 634 424 damnationis
657 385 772 440 penam
794 370 841 423 in·
860 368 1019 427 Aliberum
1043 385 1102 424 non
1131 370 1302 426 deseruisset
1331 373 1497 435 arbitrium.
1527 391 1642 447 sempor·
1673 385 1747 436 esset

90 477 201 529 3qnanr
225 462 323 527 postca
346 457 447 511 inillis
470 458 521 528 qui
545 475 579 512 ex
602 460 664 528 ejus
686 457 844 528 propagine
900 458 1008 524 bonus,
1032 458 1082 511 sed
1106 457 1241 526 deseruit,
1258 466 1286 514 et
1307 461 1435 515 desertus
1459 462 1522 534 est}
1548 465 1582 518 Et
1606 471 1671 534 post
1694 468 1746 522 ali·

85 548 112 602 ei
132 545 526 614 misericordiaursalvautur,
547 547 623 616 juste
645 563 674 600 se
690 544 844 601 incurrisse
899 549 1017 615 quanta,
1038 544 1116 599 idem
1132 544 1231 600 doctor
1245 547 1413 619 subjungit:
1433 547 1520 622 [Tunc
1542 566 1610 622 ergo
1628 553 1747 610 dederat

85 651 174 707 gens,
209 656 224 685 a
256 634 426 689 humiliatus
454 635 507 688 snb
537 634 648 704 potenti
676 650 764 689 manu
793 632 844 688 Dei
900 632 1009 687 homini
1031 631 1474 704 tlensbonamroluntatem;in
1491 639 1746 712 illaqnippeeum

85 741 143 789 κν,
162 723 200 794 5),
217 742 231 774 s
247 722 283 777 ad
306 723 403 794 ipsum
427 723 488 777 siue
502 722 717 778 intermissione
729 723 843 790 clamat,
899 720 1014 789 feceret,
1049 721 1100 791 qui
1130 721 1236 777 fecerat
1264 729 1392 791 rectum,
1424 726 1542 781 dederat
1569 730 1745 798 adjutorium

85 828 127 868 rm
152 812 322 882 deprecatur
337 817 369 866 ut
391 811 507 866 liberari
524 817 552 866 et
575 812 671 866 senari
686 816 843 866 mereatur.
899 809 961 863 sine
982 824 1040 879 quo
1063 807 1094 863 in
1115 825 1149 864 ea
1171 826 1229 864 non
1245 816 1341 880 posset
1363 829 1532 883 permanere
1554 816 1578 870 si
1597 816 1698 886 rollet3
1714 823 1745 874 ut

85 905 165 957 otum
184 899 331 954 verissime
353 899 394 953 ita
419 916 491 965 esse,
512 916 547 955 ex
568 916 692 971 persona
714 900 844 970 ejusdem
898 902 995 952 antem
1018 897 1112 965 vellet,
1134 898 1165 952 in
1185 899 1247 969 ejus
1269 898 1361 955 libero
1391 902 1509 974 reliquit
1530 903 1667 973 arbitrio;
1696 907 1745 963 sed

85 988 119 1044 ris
138 987 211 1042 bene
232 987 348 1054 conditi,
372 988 494 1059 benigne
514 988 616 1059 adjuti,
644 987 845 1042 miserabiliter
898 985 966 1055 quia
980 984 1074 1040 noluit
1087 1001 1270 1056 permanere,
1286 987 1414 1058 prolecto
1430 990 1492 1059 ojus
1509 996 1551 1045 est
1565 993 1648 1062 culpa
1662 994 1744 1065 qu'us

101 1093 166 1131 rere
193 1076 334 1144 conversi,
356 1082 384 1130 et
407 1077 633 1148 lacrymabiliter
655 1075 844 1147 supplicantis
896 1073 1033 1128 meritum
1048 1073 1158 1142 fuisset,
1175 1074 1199 1128 si
1222 1091 1391 1146 permanere
1410 1077 1569 1151 voluisset]
1591 1081 1630 1135 De
1652 1083 1745 1153 gratia

88 1163 148 1219 rbis
171 1162 323 1218 Psalmista
342 1161 491 1232 implorat,
517 1162 632 1218 dicens:
660 1183 674 1215 τ
701 1162 843 1229 Quoniam
897 1176 1013 1233 quoqne
1032 1162 1136 1217 sanctis
1160 1163 1270 1233 angelis
1294 1164 1431 1219 divinitus
1449 1166 1560 1235 collate,
1577 1168 1607 1223 in
1620 1185 1678 1240 qua
1695 1169 1745 1226 elii

95 1251 296 1322 indignatione
317 1251 390 1321 ejus,
408 1255 437 1305 et
460 1250 518 1305 vita
542 1251 574 1306 in
598 1252 745 1307 voluntate
768 1250 841 1321 ejus,
898 1253 1120 1317 monserantur
1142 1266 1250 1322 exque
1273 1251 1322 1306 alii
1340 1259 1521 1321 corrnerunt,
1539 1255 1579 1309 ita
1592 1258 1742 1329 adjungit:

85 1355 205 1412 sperum
229 1338 428 1393 demorabitur
450 1337 546 1407 fletus,
561 1344 589 1394 et
609 1340 645 1395 ad
668 1339 842 1394 matutinum
898 1336 1010 1407 [Angeli
1025 1338 1125 1404 sancti,
1140 1338 1189 1409 qui
1202 1339 1368 1395 cadentibus
1384 1342 1447 1395 aliis
1462 1359 1514 1413 por
1529 1343 1651 1398 liberum
1666 1346 1742 1401 arbi-

85 1447 100 1484 ι.
123 1428 185 1499 Ego
209 1431 306 1481 antem
332 1426 391 1481 dixi
415 1426 446 1480 in
470 1426 649 1482 abundantia
673 1443 755 1484 mea:
779 1427 842 1483 lton
896 1423 996 1487 trium,
1020 1441 1072 1497 per
1094 1426 1171 1481 idem
1192 1428 1317 1483 liberum
1338 1429 1490 1485 arbitrium
1513 1437 1654 1487 steterunt
1677 1433 1743 1504 ipsi,

85 1533 130 1573 >or
162 1516 192 1570 in
223 1520 374 1569 eternum.
404 1515 537 1582 Domine,
562 1516 592 1569 in
618 1516 763 1570 voluntate
791 1521 843 1570 tua
895 1511 983 1584 hujus
999 1513 1296 1570 mansionisdebitam
1313 1518 1475 1573 mercedem
1490 1520 1618 1591 recipere
1634 1537 1744 1577 merae·

85 1604 152 1660 ltisti
195 1604 291 1659 decori
332 1619 395 1658 meo
432 1604 585 1670 virtutem;
629 1604 754 1659 avertisti
799 1605 841 1659 la·
896 1604 1104 1656 runtlantam
1124 1603 1670 1676 scilicetbeatitudinisplenitudinem,
1686 1626 1745 1680 qua

85 1708 159 1748 tuam
174 1709 191 1747 a
208 1708 265 1759 me,
282 1696 310 1745 et
327 1691 419 1746 iactus
442 1708 506 1747 sum
531 1692 726 1748 conturbatus.
744 1693 788 1747 Ad
802 1699 840 1760 te,
862 1674 939 1744 Beis
953 1689 1146 1746 certissimum
1167 1691 1204 1747 sit
1218 1708 1332 1764 semper
1346 1711 1376 1748 sc
1396 1693 1427 1748 in
1441 1696 1491 1749 illa
1504 1711 1564 1749 esse
1580 1712 1741 1753 mansuros.

85 1797 123 1849 re,
144 1780 284 1849 clamabo,
302 1787 331 1834 et
352 1781 387 1835 ad
411 1780 565 1835 nominum
581 1796 680 1836 meum
703 1780 843 1852 depreca-
896 1777 926 1832 Si
940 1782 1036 1834 antem
1052 1780 1107 1835 boc
1120 1780 1294 1851 adjutorium
1310 1783 1355 1837 vel
1374 1784 1477 1854 angelo
1492 1785 1536 1838 vel
1551 1784 1663 1839 homini
1677 1802 1741 1841 cum

85 1872 143 1927 bel.
163 1887 237 1937 xxix,
254 1873 281 1937 6,
298 1874 324 1937 7,
340 1873 367 1938 8,
385 1871 422 1941 9).
448 1870 551 1935 »Quia
574 1871 662 1925 homo
686 1875 753 1926 tunc
767 1876 843 1925 certe
896 1866 1025 1937 primum
1048 1868 1114 1923 lacti
1135 1874 1202 1924 sunt
1223 1870 1371 1933 defuisset,
1387 1871 1524 1942 quoniam
1539 1889 1599 1927 non
1611 1873 1675 1927 talis
1691 1890 1743 1928 na·

85 1964 275 2029 tresperum,
295 1974 360 2013 cnm
380 1959 407 2013 ei
423 1959 553 2030 peccanti
573 1960 615 2014 sol
636 1959 756 2030 justitie
772 1959 843 2014 occi·
897 1960 962 2010 tura
976 1955 1049 2011 lecte
1064 1961 1135 2024 erat,
1153 1962 1185 2012 nt
1204 1958 1265 2012 sine
1285 1959 1382 2015 divino
1404 1960 1547 2030 adjutorio
1563 1966 1660 2031 posset
1682 1978 1743 2017 ma·

85 2049 137 2103 ‚ln
152 2065 210 2120 qna
226 2053 310 2103 nocte
327 2064 401 2102 ceca
416 2064 449 2103 ex
462 2048 525 2119 ipso
540 2048 729 2103 descendente
743 2048 843 2103 demo·
897 2059 965 2099 nare
988 2044 1012 2100 si
1040 2045 1135 2112 vellet,
1161 2063 1219 2101 non
1252 2047 1351 2118 utique
1378 2064 1430 2102 sua
1458 2051 1541 2121 culpa
1565 2050 1741 2106 cecidissent.

85 2137 116 2192 in
130 2135 202 2191 fletu
221 2152 312 2207 genas
327 2136 499 2203 humanum,
516 2137 561 2190 cui
577 2157 591 2186 a
616 2136 652 2190 ad
667 2136 842 2191 matutinum
895 2133 1078 2203 adjutorium
1098 2134 1206 2206 quippe
1220 2137 1366 2203 defuisset,
1391 2138 1451 2191 sine
1471 2154 1528 2209 qao
1551 2154 1668 2194 manere
1685 2156 1744 2195 non

85 2241 144 2294 r,»
169 2224 309 2280 matutina
331 2224 436 2279 Christi
461 2224 670 2279 resurrectione
693 2224 842 2294 promitti·
896 2219 1036 2293 possent]
1058 2221 1088 2277 Si
1111 2223 1189 2277 enim
1212 2239 1265 2278 nos
1289 2224 1325 2279 de
1349 2224 1505 2296 Scriptnris
1531 2227 1635 2281 sanctis
1662 2243 1744 2283 nosse

85 2319 95 2371 t
108 2330 161 2386 per
176 2330 240 2370 eam
251 2330 286 2368 ex
300 2319 393 2368 morte
410 2313 444 2368 ad
460 2313 547 2367 vitam
562 2317 721 2384 reparetur.
895 2308 1055 2378 potuimus,
1076 2315 1188 2365 sanctos
1203 2312 1320 2382 angelos
1339 2311 1399 2382 jam
1414 2314 1509 2367 nullos
1530 2330 1590 2368 esse
1605 2330 1741 2371 casuros:

85 2419 106 2458 ιτ
120 2404 181 2474 ejus
194 2402 307 2458 felicem
323 2407 353 2456 et
366 2402 479 2456 beatam
496 2401 526 2456 in
547 2401 679 2473 paradiso
692 2401 778 2455 vitam
794 2400 842 2454 ln·
896 2397 1109 2469 quantomagis
1128 2399 1180 2453 boc
1204 2400 1258 2470 ipsi
1277 2401 1402 2456 revelata
1423 2401 1477 2456 sibi
1497 2402 1649 2458 sublimius
1668 2403 1744 2458 reri-

85 2492 139 2547 imo
168 2491 526 2547 etdnlcissimosermoue
542 2490 642 2544 beatus
666 2489 842 2559 Augustinus
895 2490 953 2542 tate
978 2487 1133 2543 noverunt!
1159 2486 1257 2560 [Nobis
1273 2488 1381 2559 quippe
1404 2489 1488 2543 beata
1508 2490 1571 2544 aine
1598 2492 1656 2545 tine
1685 2490 1745 2546 vita

85 2580 133 2635 bro
168 2579 280 2634 decimo
308 2583 410 2650 quarto
449 2578 484 2633 de
512 2578 630 2634 Ciuitate
657 2578 708 2632 liei
736 2576 842 2632 descri-
896 2575 1038 2646 promissa
1059 2579 1111 2643 est,
1127 2583 1156 2630 et
1179 2576 1328 2647 equalitas
1344 2578 1532 2649 angelorum3
1547 2595 1580 2633 ex
1601 2595 1744 2651 quapro-

85 2668 123 2723 ita
160 2669 257 2723 dicens
286 2666 316 2737 (l.
352 2684 410 2735 xiv,
444 2684 467 2722 c.
495 2669 561 2737 26);
592 2665 722 2739 [Vivebat
745 2665 841 2737 itaque
896 2664 1031 2720 missione
1053 2665 1123 2720 certi
1138 2681 1246 2733 sumus,
1263 2682 1329 2721 cnm
1350 2666 1386 2721 ad
1400 2667 1479 2721 illam
1504 2667 1592 2722 vitani
1614 2674 1680 2739 post
1696 2669 1744 2740 jn·

116 2757 146 2811 in
183 2757 332 2826 paradiso,
366 2756 437 2810 sicut
469 2755 597 2821 volebat,
629 2755 757 2826 qnandiu
788 2754 842 2808 hoc
895 2753 1003 2809 dicium
1019 2755 1192 2824 venerimus,
1208 2770 1268 2809 non
1281 2755 1348 2810 inde
1365 2771 1417 2810 nos
1429 2771 1492 2811 esse
1506 2756 1646 2827 lapsuros.
1663 2757 1745 2822 Quod

85 2850 109 2901 st
154 2845 232 2916 quod
289 2845 363 2898 Dens
402 2845 537 2914 jusserat.
582 2843 700 2897 Vivebat
742 2843 841 2897 truens
896 2842 920 2895 si
943 2844 978 2897 de
1001 2842 1103 2912 seipsis
1127 2843 1222 2913 angeli
1243 2845 1384 2911 nesciunt,
1410 2860 1498 2899 non«
1521 2847 1644 2915 equales
1664 2847 1744 2901 »sed

85 2949 112 2988 τι
127 2950 185 3005 qao
206 2933 281 2987 bono
296 2937 358 2987 erat
377 2933 480 2986 bouus.
496 2931 612 2985 Vivebat
625 2931 687 2984 sine
699 2930 759 2984 ulle
773 2945 839 3000 ege·
862 2947 882 3001 (2
896 2930 1066 2985 beatiores«
1084 2931 1192 2986 erimus
1207 2933 1316 3002 (nortl.
1334 2947 1401 3000 xxrr,
1418 2933 1472 3004 ³0).
1490 2953 1504 2985 u
1523 2934 1631 2988 Veritas
1646 2940 1744 2991 autem

93 3021 132 3077 ita
155 3037 270 3092 semper
290 3020 384 3074 rivere
403 3019 512 3075 habeus
533 3019 564 3074 in
586 3022 737 3090 potestate.
756 3018 841 3073 Cibus
896 3018 979 3072 nobis
994 3034 1094 3074 eornm
1117 3019 1249 3091 promisit
1268 3021 1471 3091 equalitatem.
1495 3023 1610 3076 Cortum
1631 3027 1675 3077 est
1687 3021 1742 3093 igi·

84 3114 104 3178 t,
120 3127 156 3165 ne
181 3110 318 3175 esuriret3
334 3114 430 3179 potus,
456 3124 492 3164 ne
513 3109 615 3175 sitiret,
636 3107 749 3177 lignum
763 3107 840 3173 rite,
895 3111 943 3161 tur
957 3108 1013 3163 lroc
1027 3124 1076 3163 eos
1099 3124 1181 3163 nosse
1196 3124 1248 3179 ρττ
1263 3110 1387 3180 speciem
1410 3109 1488 3180 quod
1505 3126 1556 3166 nos
1578 3126 1629 3182 per
1645 3111 1743 3179 fidem,

85 3215 130 3254 nm
153 3202 266 3254 senecta
290 3197 467 3252 dissolveret.
493 3197 570 3252 Nihil
592 3195 787 3267 corruptionis
810 3196 841 3249 in
896 3197 1006 3251 nullam
1028 3197 1134 3252 scilicet
1157 3199 1272 3253 ruinam
1285 3200 1455 3270 cujusquam
1470 3201 1560 3255 sancti
1574 3201 1669 3271 angeli
1682 3200 1744 3272 jam

85 3303 124 3356 re,
144 3287 187 3341 vel
211 3303 244 3340 ex
269 3301 388 3356 corpore
411 3285 471 3339 ulla
493 3284 623 3340 molestia
643 3300 673 3339 se
694 3284 751 3338 illis
778 3283 841 3354 ejus
894 3283 1042 3357 laturam]
1549 3307 1551 3311 ’

85 3392 123 3431 us
136 3374 296 3445 ingerebat.
317 3374 417 3428 Nullus
441 3374 614 3428 intrinsecus
634 3372 841 3440 morbus,uul-
930 3375 986 3429 llac
1015 3375 1065 3429 Dei
1088 3374 1181 3445 gratia
1205 3379 1316 3430 sanctos
1342 3376 1458 3446 angelos
1488 3375 1618 3446 indigere
1644 3375 1744 3431 beatus

85 3480 126 3520 ’.us
150 3464 333 3519 metuebatur
356 3462 540 3517 extrinsecus.
563 3461 681 3517 Summa
703 3461 734 3515 in
755 3477 840 3515 carne
896 3461 983 3516 etiam
1006 3460 1176 3517 Ambrosius
1203 3461 1233 3515 in
1260 3463 1438 3533 expositione
1464 3464 1568 3534 psalmi
1596 3463 1744 3519 centesimi

86 3569 111 3620 s,
138 3552 168 3606 in
197 3552 294 3606 auimo
323 3551 387 3622 [al.,
411 3550 515 3620 animo]
544 3553 604 3605 tota
634 3550 839 3622 tranquillitas.
896 3549 988 3604 octavi
1003 3550 1105 3605 decimi
1131 3550 1171 3605 ite
1194 3551 1355 3619 confirmat,
1380 3551 1584 3622 dicenslserm.
1605 3553 1654 3623 8):
1672 3551 1744 3625 [nti-

84 3643 117 3696 in
131 3642 263 3713 paradiso
282 3640 379 3694 nullus
394 3644 481 3694 estus
496 3644 546 3693 aut
560 3638 662 3709 frigus,
677 3640 719 3693 ita
733 3639 763 3692 in
779 3638 841 3709 eius
894 3643 938 3694 ter
962 3643 1026 3709 eget
1041 3638 1238 3694 misericordia
1253 3639 1452 3709 archangelus,
1473 3639 1558 3695 aliter
1575 3640 1679 3708 homo;
1693 3654 1746 3695 an·

85 3733 154 3786 itore
176 3728 257 3783 nulla
279 3744 315 3782 ex
337 3727 493 3799 cupiditate
516 3727 559 3782 vel
574 3727 678 3782 timore
696 3727 843 3782 accidebat
895 3726 952 3796 geli
966 3726 1045 3781 enim
1070 3731 1172 3781 natura
1186 3742 1244 3781 non
1265 3726 1363 3798 utique
1383 3727 1423 3782 ita
1437 3729 1607 3799 corruptele
1622 3728 1746 3784 obnoxia

95 3816 398 3873 voluntatisotlensio.
422 3815 500 3870 Nihil
520 3815 640 3869 omnino
661 3813 752 3883 triste,
770 3815 841 3869 nibil
895 3820 939 3869 est
962 3818 994 3869 ut
1020 3818 1123 3869 natura
1150 3814 1266 3885 generis
1292 3815 1422 3869 bomani.
1452 3817 1485 3871 Et
1510 3817 1575 3871 ideo
1605 3817 1654 3871 ille
1680 3823 1745 3888 eget

85 3905 202 3961 ,nauiter
225 3907 339 3971 letum;
359 3905 495 3975 gaudium
523 3919 591 3958 vero
614 3902 843 3975 perpetuabatur
896 3901 1092 3957 misericordia
1114 3903 1164 3957 lloi
1187 3919 1223 3957 ne
1249 3903 1338 3973 possit
1362 3918 1467 3972 errare,
1492 3910 1520 3959 et
1543 3921 1642 3960 aversa
1670 3922 1687 3960 a
1714 3922 1744 3961 se

84 4012 111 4059 o,
126 3995 158 4048 in
172 4010 259 4066 quem
274 3993 414 4064 flagrabat
435 4014 448 4042 a
471 3992 593 4047 charitas
607 3993 643 4047 de
656 3991 742 4047 corde
756 4006 841 4063 puro,
897 3987 946 4042 Dei
962 3987 1065 4058 gratia,
1090 3989 1203 4043 labatur
1215 3989 1245 4042 in
1270 3989 1382 4043 vilium.
1400 3991 1491 4045 llomo
1506 3995 1604 4045 antem
1618 3989 1671 4045 etsi
1683 3991 1744 4062 jam

85 4081 211 4136 noientie
231 4081 307 4135 bone
320 4085 348 4134 et
367 4079 424 4134 ilde
439 4094 497 4133 non
519 4080 584 4133 licta
605 4081 631 4145 (l
649 4081 718 4135 Tim.
736 4095 755 4146 1,
771 4078 809 4150 5),
827 4099 839 4128 ι
895 4074 1022 4130 firmiora
1036 4075 1231 4146 propositione
1246 4075 1305 4146 [at.
1322 4076 1503 4147 propositiol,
1516 4082 1613 4133 tamen
1625 4081 1746 4148 propter

92 4169 170 4225 inter
190 4186 219 4223 se
243 4169 398 4239 conjugum
415 4167 472 4222 lida
493 4183 525 4221 ex
540 4168 661 4223 honesto
677 4183 776 4223 amore
796 4184 839 4222 so·
895 4165 1107 4218 contractorum
1149 4162 1254 4218 seriem
1295 4171 1476 4236 peccatorum
1518 4164 1745 4220 misericordiam

85 4272 95 4328 ;
115 4272 234 4312 concors
253 4256 359 4311 mentis
378 4255 566 4326 corporisque
580 4254 691 4326 vigilia,
706 4261 736 4310 et
755 4271 840 4310 man·
860 4250 1009 4324 unaerit.
1035 4254 1134 4323 ltaque
1158 4257 1187 4307 et
1208 4253 1232 4306 si
1256 4259 1377 4326 uterque
1400 4254 1597 4311 misericordia
1619 4255 1743 4325 indiget,

85 4346 137 4402 tine
162 4346 261 4401 labore
285 4344 424 4400 custodie.
451 4344 514 4398 Non
538 4343 678 4398 lassitudo
703 4343 842 4415 fatigabat
895 4340 978 4395 aliter
992 4346 1090 4396 tamen
1112 4342 1214 4412 angelo
1237 4343 1441 4413 misericordia,
1458 4344 1542 4399 alitor
1564 4344 1678 4399 homini
1693 4343 1743 4399 de·

89 4450 128 4503 m,
142 4449 202 4489 non
217 4450 334 4488 somnus
349 4428 655 4504 premebatinvitum.]
895 4428 1000 4499 betur]
1030 4429 1110 4483 Hunc
1135 4431 1222 4500 primi
1243 4430 1369 4487 hominis
1392 4438 1498 4488 statum
1521 4432 1613 4488 libero
1636 4432 1745 4489 scilicet

85 4539 99 4578 a
123 4522 200 4578 idem
221 4524 321 4578 doctor
348 4521 539 4588 beatissimus,
562 4519 598 4574 de
625 4519 726 4574 eadem
753 4518 841 4590 primi
895 4517 1015 4571 arbitrio
1040 4519 1208 4588 preditum,
1231 4520 1280 4574 sed
1296 4520 1393 4576 divine
1414 4523 1517 4591 gratia,
1541 4527 1573 4577 nt
1587 4522 1698 4578 bonum
1713 4521 1745 4577 in

85 4611 118 4665 ris
148 4627 164 4665 a
199 4611 256 4666 [leo
289 4615 404 4681 accepta
426 4609 531 4681 gratia,
560 4613 589 4663 et
613 4608 731 4680 proprie
756 4609 842 4678 culpa
895 4605 1100 4674 quoconditus
1122 4606 1217 4662 luerat
1236 4609 1342 4663 servari
1367 4615 1473 4680 posset,
1490 4611 1743 4684 adjutumbeatis·

85 4714 109 4768 s,
123 4699 153 4752 iu
170 4699 243 4752 libro
260 4698 294 4752 de
309 4698 495 4769 Correptione
508 4701 536 4753 et
550 4697 655 4763 Gratia,
672 4699 711 4750 ita
727 4696 840 4762 astruit,
895 4692 961 4745 simi
978 4693 1075 4748 Patres
1088 4694 1199 4764 prelati
1213 4697 1302 4750 sancti
1317 4697 1444 4752 doctoris
1463 4701 1637 4755 sententiam
1651 4699 1742 4755 secuti

85 4787 136 4856 t(c.
161 4788 205 4855 ll)
218 4802 225 4840 :
238 4784 335 4859 [latam
355 4786 477 4855 gratiam
498 4785 600 4840 babuit
615 4785 703 4839 bomo
718 4782 840 4855 primus,
895 4781 1050 4837 venerandi
1071 4783 1185 4838 concilii
1205 4784 1249 4839 sni
1263 4787 1434 4843 auctoritate
1448 4787 1490 4844 ite
1502 4789 1743 4844 commendarunt

85 4890 111 4942 a,
125 4874 148 4928 si
163 4890 332 4944 permanere
356 4875 450 4941 vellet,
472 4889 622 4945 nunquam
642 4873 736 4928 malus
750 4876 840 4938 esset;
895 4868 983 4931 (Cone.
1010 4869 1150 4939 Arausio,
1174 4887 1236 4927 can.
1255 4874 1314 4944 ¹9i²
1339 4874 1458 4944 [Natura
1476 4876 1613 4941 bumana,
1629 4874 1743 4930 etiamsi

85 4979 167 5035 aqua
181 4965 267 5019 etiam
283 4980 349 5019 cum
360 4964 452 5019 libero
468 4963 587 5018 arbitrio
602 4963 694 5018 bonus
705 4977 766 5017 esse
782 4977 840 5016 non
894 4956 925 5011 iu
948 4957 997 5012 illa
1016 4956 1182 5031 integritate
1205 4961 1235 5017 in
1258 4978 1316 5034 qua
1342 4969 1385 5018 esi
1412 4964 1525 5019 conditu
1549 4968 1742 5035 permaneret,

85 5090 97 5120 .,
113 5053 240 5108 sedeam
265 5060 361 5108 tamen
377 5069 428 5125 per
443 5052 566 5107 liberum
583 5051 733 5107 arbitrium
755 5051 839 5107 dese-
895 5046 975 5102 nullo
991 5048 1075 5103 modo
1092 5048 1213 5120 seipsam
1231 5051 1364 5106 creatore
1379 5068 1431 5106 suo
1447 5068 1504 5106 non
1519 5052 1671 5124 adjuvante
1686 5067 1737 5107 ser

85 5147 176 5198 tosset.
202 5143 258 5197 Nec
274 5142 369 5212 ipsam
394 5158 462 5212 ergo
487 5142 562 5196 Dens
587 5154 648 5194 esse
673 5138 763 5193 voluit
779 5138 841 5192 sine
894 5139 992 5190 varet:
1010 5136 1085 5190 unde
1106 5152 1172 5191 cum
1196 5137 1257 5193 sine
1273 5140 1325 5194 Dei
1341 5140 1433 5210 gratia
1458 5141 1579 5196 salutem
1600 5158 1659 5197 non
1672 5157 1742 5212 pos·

86 5232 167 5299 retia,
183 5247 269 5303 quern
293 5230 355 5302 lot,
372 5229 473 5302 quam]
488 5228 606 5299 reliquit
619 5227 650 5281 iu
673 5228 734 5297 ejus
751 5227 840 5281 libero
895 5230 939 5278 set
957 5225 1099 5280 custodire
1113 5242 1200 5297 qnam
1221 5229 1339 5298 accepit,
1365 5229 1512 5300 quomodo
1528 5230 1590 5284 sine
1613 5232 1663 5285 Dei
1677 5246 1743 5301 gra·

84 5320 273 5391 io,quoniam
289 5321 412 5375 liberum
424 5318 574 5373 arbitrium
589 5316 625 5371 ad
638 5317 745 5371 malum
760 5314 840 5370 sulii·
894 5313 935 5367 tia
958 5314 1064 5382 poterit
1088 5330 1222 5385 reparare
1245 5315 1322 5387 quod
1345 5316 1502 5389 perdidit‘l]
1525 5318 1573 5374 llis
1595 5319 1693 5390 itaque
1707 5319 1743 5374 de

85 5408 229 5465 lbonnm
245 5413 342 5464 eutem
363 5424 467 5478 parum
490 5411 542 5473 est,
560 5404 616 5461 nisi
638 5403 790 5476 adjuretur
806 5403 841 5459 ab
895 5402 990 5473 prime
1011 5403 1171 5475 questione
1196 5403 1320 5458 breviter
1346 5405 1498 5475 adnotatis,
1528 5407 1658 5478 quisquis
1684 5406 1743 5462 sin-

85 5498 290 5570 potentibono:
305 5496 382 5568 qnod
397 5492 572 5566 adjutorium
587 5492 611 5548 si
624 5492 711 5549 bomo
726 5491 775 5549 ille
789 5506 842 5563 per
895 5506 970 5560 cere,
995 5496 1025 5547 et
1047 5507 1130 5564 pure,
1148 5496 1176 5547 et
1198 5491 1337 5549 catholice
1363 5493 1399 5550 de
1420 5494 1471 5550 illa
1494 5495 1582 5570 primi
1603 5495 1743 5565 hominis,
