3930 6098
69 275 137 328 troi
620 274 665 331 DE
684 275 849 334 Tarauna
867 277 1071 335 SCRIPTURAE
1092 278 1279 338 vautram,
1752 289 1822 345 ltus

67 406 220 476 perculsus
250 410 293 460 est
323 405 438 476 (natac.
463 406 610 473 113Geaes.
636 406 760 475 rivulo
792 407 870 462 Sicut
891 395 922 462 et
937 411 1116 478 Aagnitum,
1141 415 1200 465 eta
1230 411 1341 466 saeculis
1374 412 1405 466 in
1426 414 1491 477 Deo,
1508 414 1558 484 qui
1584 415 1682 470 omnia
1702 418 1820 483 creavit,

67 495 219 548 Psalmista
242 510 328 564 super
344 485 442 547 eadem
467 493 662 564 profunditate
687 494 855 561 admiratus,
871 500 916 550 at·
972 499 1184 566 absconditum;
1204 490 1281 554 nunc
1301 508 1397 557 autem
1415 520 1469 574 per
1484 504 1644 575 Scripturas
1666 507 1821 578 propheta·

67 599 125 655 que
142 581 356 653 obstupefactus
378 582 502 636 clamat:
518 601 532 633 a
549 582 639 647 Quam
656 583 839 653 magnificata
852 588 920 639 sunt
972 605 1037 643 rum
1053 594 1081 643 et
1097 589 1327 659 praedicationem
1343 593 1535 662 apostolorum
1553 594 1786 652 manifestatum:
1805 619 1817 648 ι

66 687 157 741 opera
188 678 247 738 tua,
277 670 413 736 Domine3
439 671 527 724 nimis
558 671 711 741 prolundae
739 672 821 726 factae
853 676 920 728 sunt
974 680 1070 731 tamen
1084 678 1170 731 etiam
1190 679 1351 747 specialiter
1369 682 1444 735 istud
1467 683 1503 736 de
1517 683 1749 740 inscrutabilibus
1773 685 1821 741 di-

65 760 258 830 cogitationos
291 765 349 813 tuce
388 759 473 829 (Prot.
509 776 562 827 rer,
602 761 639 831 6).
677 781 688 808 ι
722 761 778 815 lt'ec
814 761 921 816 trustra
973 764 1044 817 vinis
1057 765 1184 834 judiciis,
1206 771 1234 821 et
1254 767 1500 837 dispositionibus,
1517 771 1574 825 sive
1589 772 1618 825 in
1632 775 1820 829 excaecatione

67 851 224 920 Apostolus
251 849 286 904 ad
318 849 463 903 Romanos
487 849 624 915 scribens,
658 855 687 904 et
709 850 744 904 de
765 851 919 905 altitudine
973 850 1145 920 intidelium,
1162 853 1219 907 sire
1242 853 1272 907 in
1287 855 1496 913 illuminatione
1516 860 1645 914 fidelium
1668 869 1775 932 aperte,
1792 868 1821 918 et

66 939 257 1008 praescientiae
283 943 312 992 ct
326 936 587 1008 praedestinationis
601 938 705 993 divinae
729 940 919 994 attentissime
973 939 1118 1010 precipue
1142 942 1308 1011 mysterium
1331 945 1502 1014 appellatur,
1528 948 1639 1004 dicente
1658 952 1818 1022 Apostolo:

67 1026 219 1098 disputans
252 1029 338 1095 (Rom.
365 1028 416 1096 ιι),
442 1032 476 1081 ut
505 1028 669 1098 quicunque
696 1028 842 1083 salvantur
860 1044 919 1083 non
974 1028 1083 1083 «Nolo
1115 1030 1193 1083 euim
1227 1047 1276 1084 vos
1318 1031 1462 1102 ignorare,
1496 1035 1609 1105 tratres,
1651 1040 1819 1109 mysterium

66 1117 127 1170 suis
148 1115 258 1170 meritis
273 1119 322 1168 aut
336 1115 454 1180 viribus,
477 1114 526 1169 sed
542 1116 661 1169 omnino
683 1118 742 1171 sola
757 1117 807 1171 [lei
827 1117 920 1188 gratia
972 1115 1036 1185 hoc,
1060 1122 1166 1172 utnon
1190 1118 1251 1173 sitis
1277 1119 1488 1193 vobismetipsis
1513 1124 1656 1196 sapientes
1676 1127 1743 1198 quia
1762 1144 1817 1182 cae·

67 1205 173 1259 salvari
198 1205 407 1274 intelligantur,
421 1203 502 1273 juxta
517 1205 722 1275 sempiternum
739 1207 918 1277 propositum
973 1205 1042 1260 citas
1055 1221 1088 1260 ex
1104 1212 1184 1276 parte
1200 1209 1322 1280 contigit
1336 1210 1366 1264 in
1381 1212 1467 1267 lsrael
1483 1211 1575 1267 donec
1589 1215 1736 1284 plenitudo
1751 1233 1819 1287 gen·

67 1293 225 1348 voluntatis
244 1309 313 1360 suae,
336 1309 408 1364 quos
433 1293 533 1361 voluit,
558 1294 745 1364 praescientis,
770 1294 917 1366 predesti-
973 1294 1046 1348 tium
1079 1295 1208 1365 intraret,
1241 1298 1333 1352 etsie
1366 1300 1459 1354 omnis
1493 1302 1579 1356 isreel
1612 1303 1707 1358 salvus
1739 1305 1821 1362 flerat

67 1383 174 1447 nantis,
200 1381 337 1446 vocantis,
363 1381 557 1451 justificantis,
573 1386 602 1436 et
627 1382 835 1452 glorificantis3
860 1400 918 1438 uon
972 1383 1061 1453 (llum.
1081 1400 1118 1451 ri,
1134 1387 1179 1451 ut,
1195 1386 1291 1456 ι6))ι

66 1470 182 1538 frustra,
200 1469 332 1540 inquam,
349 1469 384 1524 de
400 1469 504 1523 talibus
518 1468 677 1540 disputans,
693 1475 720 1525 et
735 1472 920 1526 vehementer
1296 1513 1408 1567 (APUT
1428 1514 1485 1568 Vffl

66 1559 225 1624 inculcans,
253 1573 318 1612 cum
344 1557 482 1628 pleraque
506 1564 606 1628 postea
630 1564 658 1612 et
681 1558 916 1630 alia‚posuisset;
1308 1545 1315 1563 ¹
1489 1555 1494 1566 ’

66 1644 145 1701 istud
160 1645 240 1701 velut
259 1645 449 1716 precipuum,
465 1651 493 1699 et
507 1647 665 1700 marimum
691 1647 777 1718 elegit
793 1648 918 1702 testimo·
972 1635 1010 1687 De
1032 1632 1269 1717 praefllslinstffffle
1297 1637 1471 1705 rel'fflb‘ll'ltm
1502 1639 1540 1691 “d
1569 1640 1720 1693 interilum·
1751 1642 1821 1697 ΡΜ·

67 1734 149 1788 nium
173 1733 216 1788 rel
240 1735 404 1804 exemplum
429 1734 464 1789 de
487 1735 613 1805 praelatis
634 1735 764 1790 videlicet
783 1736 915 1807 geminis,
937 1715 957 1770 Β
1053 1710 1168 1758 mmm
1182 1708 1229 1759 Μ
1244 1707 1348 1761 '‘unm’'
1364 1707 1579 1777 “dpoefflndum
1593 1711 1736 1779 ⁰⁰mpelm·

67 1823 147 1893 quod
161 1822 256 1887 primo
270 1822 333 1876 loco
348 1828 471 1893 poneret
486 1823 521 1877 ad
538 1829 595 1877 tom
619 1824 794 1894 protundum
812 1831 916 1896 myste-
1008 1829 1084 1882 ilaue
1098 1827 1251 1899 Scriptura
1274 1830 1323 1885 Dei
1341 1831 1500 1900 veritatem,
1520 1839 1606 1904 atque
1621 1835 1820 1891 auctoritatem

43 1911 144 1988 ⁸rium
160 1910 345 1981 probandum
361 1922 388 1966 et
412 1913 682 1967 commendandum.
708 1915 811 1968 Totum
835 1930 916 1968 narn-
972 1922 1085 1971 secutus
1100 1917 1280 1972 beatissimus
1302 1921 1394 1983 Pater,
1413 1926 1440 1974 et
1456 1922 1587 1992 egregius
1604 1923 1705 1978 doctor
1724 1927 1820 1993 hugu-

66 2015 125 2069 que
149 2000 181 2054 in
198 2016 232 2054 co
257 2000 382 2054 breviter
402 2000 658 2071 comprehenditur
678 2017 744 2056 cum
767 2003 805 2057 ait
821 2019 828 2056 :
847 2025 861 2052 κ
883 2004 918 2058 Ut
972 2004 1074 2068 stiuus,
1093 2010 1120 2059 et
1144 2007 1179 2060 de
1196 2008 1448 2064 predestinatione
1473 2015 1634 2064 sauctorum
1651 2011 1756 2066 librum
1778 2013 1820 2067 lu·

67 2089 228 2143 secundum
252 2089 421 2143 electionem
434 2090 616 2160 propositum
634 2091 684 2144 ltei
705 2097 845 2159 maneret,
860 2107 916 2146 non
964 2093 1199 2149 ‘culentissimum
1225 2096 1345 2166 scripsit,
1364 2103 1391 2152 et
1405 2098 1440 2153 de
1465 2098 1716 2168 predestinatione
1732 2100 1818 2156 etiam
1918 2109 1921 2115 '

66 2193 100 2230 ex
125 2177 269 2248 operibus,
287 2178 334 2231 sed
352 2194 385 2231 ex
401 2184 520 2232 vocante
540 2178 648 2233 dictum
670 2184 721 2245 est,
743 2180 811 2251 quia
826 2181 918 2250 major
971 2182 1160 2252 reproborum
1170 2183 1248 2252 justo
1257 2184 1365 2253 judicio
1378 2186 1472 2241 Deiad
1484 2186 1641 2255 interitum,
1652 2187 1740 2257 atibi,
1752 2190 1819 2245 etin

66 2266 173 2321 serviet
195 2266 301 2320 minori
324 2267 409 2333 (ltom.
435 2283 478 2332 rr;
503 2269 570 2322 Gen.
589 2267 665 2339 xxv).
684 2290 697 2318 o
715 2269 756 2323 lbi
775 2269 853 2324 enim
874 2273 918 2324 est
972 2267 1036 2321 aliis
1050 2269 1195 2338 opusculis
1218 2269 1276 2322 suis
1291 2269 1394 2341 saepius
1412 2271 1589 2326 memoravit.
1604 2271 1683 2327 Sicut
1696 2272 1726 2326 in
1744 2273 1817 2328 libro

67 2355 169 2410 electio
185 2355 235 2410 Dei
256 2356 392 2426 gratuita,
417 2355 505 2410 idest
526 2357 633 2428 absque
656 2358 800 2428 operibus,
827 2359 917 2414 inla—
972 2356 1006 2410 de
1022 2357 1194 2412 Perfectione
1220 2358 1340 2428 justitiae
1363 2359 1487 2414 hominis
1516 2360 1586 2431 (cup.
1611 2362 1668 2431 riu)
1694 2362 1817 2418 manile-

67 2446 131 2509 c0b‚
158 2445 198 2500 ibi
225 2445 404 2516 propositum
430 2449 545 2500 oeternae
569 2447 723 2501 voluntatis
746 2448 817 2518 ejus,
839 2447 917 2519 quod
972 2442 1094 2507 stissime
1126 2444 1258 2511 ostendit,
1291 2445 1387 2499 diceus
1409 2446 1592 2515 :louomodo
1616 2463 1684 2518 ergo
1709 2447 1818 2503 dictum

67 2535 171 2605 utique
192 2534 252 2589 sine
268 2534 447 2606 prescientia
462 2539 490 2588 et
511 2534 761 2605 predestinatione
783 2552 917 2591 essenon
972 2536 1034 2585 est:
1053 2553 1065 2579 a
1091 2532 1152 2586 Non
1169 2537 1212 2587 est
1233 2533 1284 2604 qui
1304 2533 1388 2588 faciat
1402 2534 1520 2602 bouum,
1545 2551 1604 2589 non
1621 2542 1664 2590 est
1677 2552 1768 2608 usque
1783 2537 1819 2592 ad

67 2627 163 2694 potest
181 2639 187 2676 :
204 2622 241 2677 ibi
266 2623 376 2677 vocatio
399 2622 468 2693 quia
491 2643 504 2673 u
529 2639 585 2677 uon
602 2640 636 2678 ex
658 2623 802 2694 operibus,
819 2623 869 2678 sed
883 2640 916 2678 ex
972 2622 1277 2690 unuthsat.x1u‚t,
1301 2622 1341 2692 ι),
1362 2623 1446 2676 »nisi
1470 2624 1538 2694 quia
1552 2625 1692 2695 populum
1718 2640 1819 2696 quem·

67 2712 311 2766 vocantedictum
336 2717 388 2778 est,
405 2712 499 2782 major
514 2712 618 2766 serviet
635 2712 748 2767 minori.
765 2735 779 2763 »
802 2714 834 2767 Et
846 2712 917 2767 sicut
972 2709 1037 2763 dam
1053 2708 1180 2780 psalmus
1201 2710 1250 2764 ille
1269 2711 1377 2780 culpat,
1402 2711 1505 2782 inquo
1528 2728 1581 2766 nec
1593 2728 1669 2767 unus
1692 2718 1753 2767 erat
1769 2713 1819 2784 qni

67 2799 172 2855 electio
188 2799 312 2869 gratuita
326 2803 369 2852 est
383 2798 412 2852 in
428 2798 514 2853 Jacob
528 2799 563 2854 de
580 2817 636 2871 quo
648 2801 755 2855 dictum
768 2806 831 2855 ast:
851 2803 917 2856 «ιιι-
971 2796 1075 2851 faceret
1087 2797 1206 2865 bonum,
1222 2797 1290 2852 dum
1307 2800 1406 2852 volunt
1422 2815 1571 2854 remanere
1587 2799 1639 2854 filii
1654 2801 1818 2871 hominum,

67 2888 123 2943 cob
138 2886 235 2953 dilexi,
250 2886 312 2940 »ita
320 2887 396 2957 justa
408 2885 593 2940 damnatioin
604 2888 688 2949 Esau,
701 2887 736 2942 de
747 2904 804 2959 quo
818 2887 917 2957 adjun·
972 2889 1068 2938 utnon
1084 2901 1144 2939 esse
1159 2885 1211 2940 litii
1232 2884 1292 2953 Dei,
1309 2888 1390 2956 cujus
1405 2887 1497 2957 gratie
1518 2888 1606 2941 homo
1622 2887 1654 2942 fit
1667 2888 1770 2956 honus,
1786 2893 1819 2944 ut

66 2976 170 3046 gitur:
187 2996 201 3023 u
219 2975 292 3028 Esau
306 2983 402 3030 autem
420 2973 486 3028 odio
500 2974 599 3028 habui.
617 2995 632 3024 ι)
937 2973 1056 3065 Ciaciat
1072 2971 1208 3046 bonum‘l]
1224 2975 1257 3028 Et
1269 2979 1334 3044 post
1347 2976 1517 3046 paululum:
1538 2974 1605 3047 [lloc
1615 2991 1695 3046 ergo,
1712 2976 1816 3048 inquit,

105 3066 164 3119 lloc
186 3063 348 3118 divinorum
372 3063 547 3133 judiciorum
573 3064 603 3118 iu
634 3067 916 3134 utramquepartem
972 3063 1090 3130 bonum,
1116 3062 1193 3133 quod
1218 3067 1259 3117 est
1283 3064 1430 3135 requirere
1456 3066 1588 3132 Deum,«
1612 3071 1746 3120 nouerat
1767 3066 1817 3138 qui
1845 3058 1847 3063 ’

65 3153 245 3225 protundum
267 3152 435 3223 mysterium
454 3168 486 3206 ex
506 3150 725 3206 auetoritatibus
743 3152 917 3224 propheticis
971 3151 1085 3217 faceret,
1101 3167 1159 3205 non
1175 3154 1236 3205 erat
1251 3168 1342 3223 usque
1357 3153 1393 3207 ad
1411 3169 1511 3219 unum,
1528 3174 1542 3202 »
1558 3154 1606 3208 sed
1623 3154 1652 3208 in
1667 3170 1700 3208 ao
1713 3170 1819 3226 genere

67 3245 97 3294 et
114 3239 277 3311 apostolicis
299 3239 463 3293 firmissime
487 3243 565 3293 tenet
581 3239 714 3305 Ecclesia,
740 3240 809 3311 quia
828 3239 916 3293 nimi·
971 3238 1132 3307 hominum,
1167 3240 1243 3311 quod
1268 3241 1503 3312 praedestinatum
1525 3247 1569 3296 est
1590 3242 1623 3296 ad
1657 3241 1815 3299 interitum.

66 3345 134 3384 rum
149 3328 294 3399 praecipue
309 3328 436 3398 pertinet
458 3328 493 3383 ad
516 3328 786 3394 commendandam,
812 3332 841 3383 et
865 3328 917 3383 da·
972 3328 1063 3398 Super
1087 3330 1137 3383 hos
1161 3329 1237 3383 euim
1253 3331 1377 3400 respexit
1392 3331 1443 3385 liei
1465 3330 1654 3400 prescientia,
1680 3332 1816 3402 protulit-

66 3417 232 3472 clarandam
259 3416 380 3486 gratiam
408 3415 520 3484 Christi,
548 3438 559 3466 ι
585 3420 617 3471 ιιι
644 3416 694 3487 qui
718 3416 867 3486 gloriatur,
888 3416 918 3470 in
971 3433 1028 3487 que
1045 3417 1240 3488 sententiam]
1256 3420 1336 3485 ltem,
1355 3418 1389 3473 do
1406 3404 1526 3475 Ciuitate
1543 3420 1603 3488 Dei,
1620 3419 1817 3475 librodecimo

67 3507 192 3562 Domino
208 3504 347 3577 glorietur
367 3506 390 3575 (l
404 3507 464 3562 Cor,
484 3521 504 3573 1,
522 3505 577 3573 stt.
596 3526 609 3554 u
632 3505 838 3560 Absconditum
854 3504 919 3576 qui-
972 3505 1160 3575 quintolcop.
1184 3505 1334 3578 ut):[1ra,
1354 3507 1458 3577 inquit,
1485 3508 1535 3562 liei
1554 3523 1616 3562 non
1638 3507 1817 3579 perturbatio
1911 3504 1917 3510 “

66 3596 135 3652 dem
157 3595 300 3650 asseculis
313 3595 344 3648 in
364 3597 431 3658 beo,
449 3594 499 3649 sed
520 3595 596 3648 inter
610 3595 770 3665 Scripturas
795 3595 918 3666 prophe·
973 3593 1063 3647 animi
1084 3594 1147 3663 ejus
1169 3597 1220 3658 est,
1247 3592 1296 3647 scd
1316 3593 1469 3663 judicium,
1494 3609 1551 3664 quo
1574 3595 1719 3665 irrogatur
1734 3610 1819 3666 poena
1895 3595 1898 3599 “

66 3689 165 3739 tarum
191 3683 320 3738 Ecclesia
344 3683 405 3754 ejus
429 3682 504 3737 inter
528 3687 641 3751 catera,
669 3698 734 3753 quie
749 3683 785 3737 ad
812 3689 916 3754 myste-
971 3685 1087 3751 peceato
1113 3681 1273 3752 :cogitatio
1290 3697 1356 3736 vero
1372 3682 1443 3752 ejus,
1460 3687 1489 3737 et
1512 3683 1680 3753 recogitatio
1705 3693 1819 3738 mutan·

65 3774 144 3828 rium
167 3772 320 3827 Salvatoris
344 3772 499 3842 pertinent,
520 3771 724 3842 predicatione
744 3772 917 3843 patefactum
972 3769 1074 3824 darum
1098 3786 1195 3824 rerum
1215 3776 1259 3824 est
1288 3769 1478 3824 immutabilis
1501 3770 1585 3824 ratio.
1619 3770 1717 3841 Neque
1741 3770 1819 3824 enim

66 3862 235 3932 apostolica,
259 3861 373 3915 dicente
389 3861 491 3915 eodem
514 3862 652 3931 apostolo
672 3861 702 3914 in
718 3861 775 3915 tine
789 3860 917 3930 praelatae
972 3859 1045 3913 sieut
1063 3857 1221 3926 homiuem,
1238 3858 1381 3913 italicum
1397 3859 1565 3929 cujusquam
1588 3858 1654 3913 lacti
1669 3858 1713 3912 sui
1729 3859 1818 3930 pieni-

67 3950 203 4021 Epistolea
228 3951 263 4005 ad
285 3950 480 4004 Romanurn
506 3949 539 4004 Ei
560 3954 657 4004 autem
681 3949 847 4020 quipotens
876 3954 918 4004 est
971 3950 1032 4002 tet:
1051 3947 1131 4017 cujus
1152 3948 1244 4001 estde
1276 3947 1410 4001 omnibus
1429 3946 1546 4003 omuino
1571 3947 1657 4001 rebus
1678 3951 1737 4001 tam
1760 3946 1819 4002 flxa

67 4056 119 4094 ros
145 4039 317 4093 confirmare
352 4038 509 4093 secundum
541 4037 726 4109 Evangelium
760 4053 856 4092 meum
889 4043 918 4093 et
972 4036 1124 4098 sententia,
1149 4051 1236 4106 quam
1264 4040 1339 4090 certa
1367 4035 1569 4105 prescientia]
1598 4035 1628 4088 ln
1652 4035 1819 4091 tractatibus

67 4128 305 4200 praedicationem
328 4129 394 4182 lesu
409 4126 523 4194 Christi,
539 4127 697 4181 secundum
716 4127 917 4182 revelationem
972 4140 1088 4196 qnoque
1100 4140 1171 4196 quos
1186 4124 1216 4178 in
1232 4123 1440 4195 expositionem
1456 4124 1574 4178 loannis
1588 4123 1768 4194 evangelistae
1782 4123 1819 4178 ad

68 4216 202 4288 mysterii
220 4217 335 4271 aetcrnis
357 4215 536 4286 temporibus
557 4215 645 4283 taciti,
662 4214 827 4286 quoduunc
843 4220 919 4286 pate·
972 4214 1112 4285 populum
1135 4213 1273 4284 loquitur,
1307 4213 1341 4267 de
1367 4213 1419 4267 hac
1443 4213 1528 4267 reita
1550 4212 1619 4267 dicit
1641 4214 1743 4278 (tract.
1763 4211 1817 4283 te).

69 4305 179 4360 lactum
205 4308 248 4359 est
262 4320 313 4375 per
339 4303 500 4374 Scripturas
524 4303 730 4374 prophetarum
755 4303 841 4371 (Rom.
863 4319 917 4370 rvr,
940 4301 1055 4366 uQuod
1071 4318 1138 4356 vero
1164 4302 1295 4372 sequitur
1310 4318 1316 4356 ε
1332 4299 1365 4373 [ιι
1382 4302 1537 4373 Propterea
1558 4317 1608 4354 ros
1622 4317 1680 4356 non
1701 4300 1818 4370 auditis,

68 4397 115 4462 25,
132 4394 191 4464 re),
208 4414 222 4443 ι
246 4398 300 4447 etc.
317 4393 351 4447 Et
365 4392 422 4446 alio
446 4393 508 4447 loco
525 4409 531 4446 :
550 4413 564 4442 u
581 4392 669 4445 Prout
685 4389 802 4461 potestis
822 4392 920 4463 legen·
973 4389 1043 4459 quia
1054 4405 1089 4443 eir
1104 4390 1163 4443 lleo
1176 4405 1235 4443 nou
1258 4390 1326 4444 estis
1347 4392 1434 4456 (Joort.
1460 4405 1518 4458 vrri,
1535 4389 1590 4460 tr),
1615 4409 1629 4441 u
1646 4389 1687 4444 eis
1711 4389 1821 4444 dictum

68 4485 112 4536 tes
127 4482 289 4552 intelligere
303 4481 484 4553 prudentiam
501 4497 593 4535 meam
606 4479 788 4551 in'mysterio
804 4480 919 4547 Christi,
974 4481 1025 4546 est,
1051 4477 1102 4548 qui
1117 4493 1176 4531 non
1200 4479 1292 4531 solum
1308 4484 1423 4547 peccato
1445 4479 1539 4532 vitiosi
1563 4483 1646 4533 erant
1672 4478 1747 4548 (nam
1767 4477 1820 4533 hoc

69 4571 148 4642 quod
162 4570 226 4624 aliis
247 4570 479 4640 generationibus
494 4586 552 4624 non
570 4571 612 4624 est
634 4569 764 4641 agnitum
779 4568 846 4623 filiis
867 4570 920 4624 ho·
975 4567 1083 4620 malum
1106 4581 1259 4619 commune
1283 4573 1344 4620 erat
1369 4566 1525 4636 omnibus),
1542 4567 1589 4621 sed
1614 4566 1701 4622 etiam
1714 4581 1821 4637 praeco·

68 4659 196 4724 minum,
221 4657 293 4712 sicut
307 4674 383 4711 nuuc
403 4658 616 4712 manifestatum
633 4663 675 4712 est
689 4657 793 4712 sanetis
808 4663 922 4729 aposto·
975 4655 1048 4724 gniti
1069 4654 1146 4725 quod
1167 4660 1224 4708 ‘uon
1239 4653 1352 4708 fuerant
1373 4654 1518 4735 credituri.
1543 4655 1723 4726 Quapropter
1746 4671 1819 4726 prra-

70 4749 106 4802 lis
120 4747 195 4818 ejus,
213 4751 242 4801 et
256 4746 405 4818 prophetis
418 4747 449 4800 in
465 4747 567 4818 spiritu
583 4746 665 4817 (Epi.
680 4763 721 4814 ιιι,
738 4747 764 4813 ι,
782 4745 819 4818 5),
839 4768 850 4795 ι
867 4752 919 4802 etc.
975 4741 1081 4796 sciebat
1094 4740 1168 4807 illos,
1181 4739 1286 4810 quibus
1300 4740 1368 4794 talia
1383 4740 1505 4808 dicebat,
1516 4741 1546 4795 in
1559 4758 1592 4795 eo
1606 4758 1819 4813 permansuros,

70 4838 105 4892 Et
126 4836 234 4890 iterum
251 4852 257 4889 :
274 4858 284 4883 ι
303 4835 371 4891 llihi
386 4835 517 4890 omnium
532 4839 698 4890 sanctorum
718 4835 839 4890 minimo
856 4835 920 4891 data
976 4828 1054 4899 quod
1068 4845 1102 4884 ex
1123 4828 1237 4883 diabolo
1254 4833 1344 4894 eraut,
1368 4828 1396 4883 id
1412 4832 1454 4882 est
1473 4829 1503 4882 in
1519 4829 1578 4883 suis
1600 4830 1722 4901 peccatis
1733 4834 1821 4901 atque

71 4928 114 4979 est
127 4922 220 4995 gratia
241 4923 303 4978 haec
317 4924 347 4977 in
362 4923 496 4995 gentibus
520 4925 716 4996 evangelizare
734 4922 921 4993 investigabi·
974 4917 1123 4988 impietate
1147 4916 1312 4979 morituros,
1338 4932 1390 4970 nec
1410 4922 1546 4970 venturos
1569 4916 1602 4970 ad
1627 4915 1820 4988 regeneratio-

71 5014 112 5066 les
125 5011 242 5067 divitias
255 5012 370 5079 Christi,
394 5017 422 5066 et
435 5013 599 5067 illuminare
614 5029 723 5079 omnes,
740 5028 802 5084 qua
824 5012 860 5066 sit
875 5011 927 5078 ιιι·ι
975 5022 1052 5073 uem,
1078 5006 1108 5060 in
1123 5022 1180 5077 qua
1194 5009 1289 5059 esseut
1311 5004 1364 5058 litii
1383 5005 1444 5071 Dei,
1461 5005 1515 5059 hoc
1538 5009 1580 5057 est
1595 5020 1627 5058 ex
1645 5005 1703 5058 Deo
1718 5003 1822 5066 nati,a

70 5100 217 5173 speusatio
242 5101 412 5155 sacramenti
443 5101 603 5156 absconditi
633 5119 650 5156 a
675 5101 786 5156 secutis
809 5101 838 5156 in
865 5102 922 5155 lleo
976 5099 1133 5166 quoerant
1157 5093 1288 5148 homines
1308 5093 1404 5147 creati.
1430 5092 1593 5148 Secundum
1615 5092 1689 5146 hanc
1710 5092 1821 5163 prade-

71 5190 122 5260 qui
145 5188 245 5243 omnia
274 5188 380 5243 creavit
405 5189 494 5258 libid..
528 5193 555 5256 8,
578 5191 651 5260 9).»
687 5189 854 5245 Lieetenim
875 5193 923 5242 to·
976 5182 1160 5237 stinatianam
1194 5182 1304 5235 locutus
1337 5184 1380 5235 est
1412 5181 1559 5246 Dominus,
1584 5177 1651 5250 eta]
1687 5181 1758 5233 ltem
1781 5178 1821 5234 ibi

71 5283 134 5333 tum
151 5278 230 5348 quod
251 5277 286 5332 de
300 5278 415 5332 Domini
430 5278 520 5332 nostri
539 5277 696 5345 divinitate,
722 5280 808 5348 atque
830 5275 922 5330 incar·
975 5273 1077 5340 (Troct.
1092 5271 1135 5363 ιι)
1152 5287 1158 5323 :
1173 5269 1221 5324 lsti
1232 5275 1328 5324 autem
1343 5268 1538 5340 indignantes,
1556 5267 1672 5337 mortui,
1693 5270 1721 5321 et
1735 5267 1822 5321 morti

72 5367 192 5421 natione
207 5382 259 5436 per
273 5367 420 5436 apostolos
433 5366 631 5432 annuntiatur,
648 5365 922 5436 generaliterrma·
976 5359 1159 5430 sempiterne
1190 5357 1386 5431 predestinati
1422 5356 1633 5428 respondebant
1664 5354 1822 5410 conviciose

73 5470 140 5527 gnra
155 5454 272 5525 pietatis
296 5454 464 5526 mysterium
490 5455 558 5509 »sit
577 5475 590 5503 r
609 5453 787 5525 temporibus
810 5452 924 5508 oeternis
976 5454 1004 5503 et
1024 5448 1177 5503 dicebant:
1197 5467 1211 5499 a
1233 5447 1314 5502 tlodo
1336 5446 1533 5518 cognovimus,
1556 5445 1625 5517 qnia
1647 5443 1822 5500 daemonium

73 5544 212 5613 tacitum3
237 5558 291 5598 uec
315 5542 378 5596 aliis
408 5542 641 5613 generationibus
673 5541 741 5596 tiliis
772 5540 922 5598 hominum
977 5537 1067 5593 habes
1094 5538 1183 5607 (locu.
1210 5552 1267 5600 rur,
1287 5536 1344 5607 ιιι).
1371 5557 1384 5585 ι
1408 5537 1478 5590 ltem
1494 5535 1549 5589 elio
1573 5533 1752 5604 loco(Troct.
1777 5532 1822 5600 te)
