3930 6098
102 260 157 324 329
604 263 743 326 CONTRA
764 263 964 327 GRAECORUll
985 260 1161 327 berosus.
1180 296 1210 312 -·
1226 265 1293 327 ala.
1316 266 1359 328 IV.
1803 275 1857 334 330

102 400 183 455 nime
196 398 300 455 licebat
314 415 363 455 eos
381 397 548 472 contingere
570 400 621 472 qrri
637 417 695 456 non
710 400 992 456 sanctificatiluis·lt
1046 401 1078 457 ln
1104 401 1225 457 concilio
1253 401 1471 474 Carthaginensi
1494 404 1576 477 (coac.
1597 406 1700 474 Afric,
1726 425 1763 464 an
1792 411 1855 477 424,

102 495 166 543 sent
192 506 209 543 a
238 489 419 553 mulieribus,
445 490 691 561 quemadmodum
717 491 852 562 expediat
875 507 954 545 sacra
1008 507 1070 546 can.
1088 491 1151 562 3ης
1169 510 1184 542 a
1202 491 1353 559 Praeterea,
1378 509 1443 546 cum
1465 493 1499 548 de
1518 496 1710 566 quorumdam
1735 498 1855 555 clerico·

103 578 273 648 contingere
302 578 450 633 [lominica
483 578 653 634 mulieribus
686 579 889 647 deservientes,
926 584 955 633 et
1007 596 1084 647 rum,
1108 580 1240 652 quamvis
1259 597 1326 651 arga
1348 596 1449 635 uxores
1472 583 1615 654 proprias,
1644 585 1856 644 incontinentia

103 667 251 738 conjugali
263 673 328 721 toro
343 667 539 739 mancipatos?
562 667 644 733 Quod
666 667 834 739 mysterium
862 667 953 721 Thes·
1007 670 1171 736 referretur,
1188 669 1296 740 placuit
1314 668 1474 740 episcopos,
1489 675 1516 726 et
1527 673 1721 745 presbyteros,
1743 681 1772 731 at
1790 677 1855 732 dia-

103 755 289 811 saloniceusis
306 756 429 812 Ecclesia
452 757 610 828 diligenter
635 757 813 823 examinans,
836 755 953 811 clericos
1007 774 1094 813 conos
1117 758 1275 814 secundum
1301 758 1398 829 priora
1421 763 1538 827 statuta,
1554 762 1641 817 etiarn
1657 764 1692 818 ab
1718 766 1855 820 uxoribus

105 851 168 899 ante
182 844 349 901 clericatum
373 844 502 917 legitime
518 846 615 900 ductas
632 862 733 900 uxores
761 845 784 900 si
800 846 953 917 cognovis—
1007 848 1165 903 continere.
1182 846 1335 912 Quodnisi
1356 847 1485 915 iecerint,
1502 849 1538 904 ab
1554 851 1744 908 ecclesiastico
1763 870 1855 910 remo·

106 940 178 1000 sent,
194 935 381 1006 deponendos
399 934 460 989 lare
484 940 669 989 censuerunt.
687 933 765 989 Unde
790 934 954 988 mirandum
1007 941 1127 990 veantur
1143 935 1250 990 allicio.
1267 957 1281 985 υ
1293 936 1431 990 Praesenti
1443 937 1570 1007 capitulo
1590 954 1650 992 non
1673 941 1765 996 solam
1780 959 1854 1014 prae-

106 1022 267 1077 Graecorum
297 1022 444 1094 principes
463 1022 494 1076 in
514 1023 652 1077 Romanis
676 1023 859 1093 redarguere,
877 1021 954 1093 quod
1007 1023 1177 1093 latigradus
1193 1040 1292 1078 uxores
1307 1023 1411 1078 ducere
1424 1025 1624 1096 prohibentur,
1640 1043 1740 1082 rerum
1755 1045 1772 1083 a
1786 1046 1856 1100 pro·

105 1111 135 1165 in
148 1111 453 1166 Thessalonicensibus
477 1112 620 1183 patienter
647 1110 818 1165 concedunt.
834 1110 913 1176 Quod
931 1109 955 1166 si
1007 1111 1088 1183 puis,
1104 1128 1176 1183 quas
1201 1113 1370 1184 priusquam
1389 1114 1592 1170 ordinarentur
1612 1115 1751 1181 habuere,
1766 1121 1856 1173 conti·

106 1200 244 1255 moderno
263 1205 393 1272 tempore
416 1217 475 1255 suae
498 1201 625 1255 fortassis
653 1201 851 1271 superstitioni
878 1216 953 1271 prae.-
1008 1217 1076 1255 ncre
1092 1200 1323 1273 praecipiuntur:
1349 1202 1428 1273 quod
1454 1205 1477 1257 si
1509 1221 1568 1258 non
1589 1206 1719 1273 fecerint,
1748 1206 1856 1278 deponi

106 1289 192 1343 buere
217 1289 639 1361 consensum,quolihctmodo
654 1294 772 1345 teneant
792 1305 953 1360 persuasos,
1005 1289 1153 1360 jubentur.
1180 1290 1364 1346 Consentitur
1384 1290 1414 1345 in
1437 1290 1490 1347 hoc
1515 1293 1628 1348 decreto
1653 1300 1711 1349 tam
1740 1294 1855 1351 Nireeno

105 1377 238 1432 noverint
262 1383 360 1432 tauma
383 1379 526 1449 majorum
549 1379 636 1433 talem
670 1394 788 1432 suarum
813 1379 954 1433 exstitisse
1007 1394 1095 1450 quam
1120 1379 1341 1436 Neocaesariensi
1356 1381 1497 1437 concilio:
1520 1397 1587 1436 nam
1604 1386 1758 1454 utrumque
1778 1399 1856 1454 prae-

106 1466 356 1522 ransuetudinem.
1007 1467 1075 1537 cipit
1089 1467 1268 1539 presbyteros
1291 1470 1326 1523 ab
1342 1469 1479 1524 uxoribus
1494 1469 1593 1524 arceri.
1618 1470 1679 1535 Qua
1705 1472 1740 1527 de
1763 1488 1794 1528 re
1814 1472 1856 1526 ri·

139 1555 194 1611 Sed
223 1555 374 1611 veniamus
402 1556 437 1611 ad
464 1556 652 1611 ecclesiastica
686 1555 804 1611 tandem
829 1555 952 1622 decreta,
1007 1555 1093 1610 deant
1107 1557 1271 1627 imperiales
1288 1558 1535 1630 reprehensiones,
1552 1559 1676 1630 qualiter
1684 1560 1797 1631 justum
1820 1560 1857 1615 sit

106 1661 161 1716 quo
176 1661 383 1716 cognoscamus
396 1645 465 1717 quid
489 1646 643 1701 decernere
669 1661 756 1715 super
783 1645 828 1700 his
843 1644 954 1699 malue·
1007 1651 1107 1699 contra
1130 1646 1244 1700 decreta
1264 1647 1405 1719 majorum
1421 1647 1602 1718 presbyteros
1619 1664 1721 1702 uxores
1740 1649 1854 1717 ducere,

105 1734 172 1787 rint.
186 1734 219 1788 ln
235 1733 350 1788 Nicaeno
365 1734 488 1789 concilio
505 1735 558 1789 sub
575 1734 762 1789 Constantina
776 1733 951 1804 imperatore
968 1703 989 1758 B
1008 1734 1112 1805 quibus
1136 1734 1285 1790 inhibetur
1307 1735 1443 1808 propriis,
1460 1752 1532 1807 quas
1557 1741 1622 1790 ante
1645 1736 1855 1792 ordinationem

106 1823 199 1894 prima
214 1839 270 1894 per
291 1827 433 1878 trecentos
452 1824 614 1878 octodecim
638 1823 788 1895 episcopos
803 1821 844 1876 sic
858 1821 954 1876 decer·
1007 1822 1157 1892 duxerant,
1181 1823 1332 1878 abstinere.
1359 1825 1434 1890 Quas
1460 1824 1537 1894 leges
1562 1824 1587 1878 si
1608 1840 1720 1878 serrare
1742 1826 1854 1880 malue-

107 1912 183 1966 nitur
203 1912 278 1983 (cau.
294 1914 322 1978 3,
337 1928 370 1966 ex
386 1928 459 1966 rers.
479 1912 607 1983 Dionysii
622 1911 733 1983 Exigui)
750 1927 756 1966 :
776 1933 788 1960 a
805 1910 953 1965 luterdirit
1007 1911 1075 1977 rint,
1089 1916 1262 1983 cognoscant
1277 1913 1353 1984 quod
1368 1913 1474 1983 injuste
1496 1914 1641 1968 Romanas
1656 1913 1853 1984 redarguant:

106 2001 269 2072 peremnia
286 2016 392 2071 magna
412 2001 547 2072 synodus,
572 2018 629 2056 non
643 2001 787 2072 episcopo,
804 2016 862 2053 non
877 2015 953 2070 pres·
1007 2000 1121 2072 quodsi
1136 2001 1291 2067 noluerint,
1309 2003 1395 2055 etiam
1411 2017 1476 2055 cum
1498 2001 1634 2056 llomanis
1651 2001 1739 2056 latius
1753 2002 1854 2061 Atricae

107 2088 608 2160 bytero,nondiacono,necalicui
628 2087 857 2160 omninoquiin
877 2090 952 2142 clero
1007 2089 1195 2161 provinciales
1223 2090 1373 2161 episcopos
1407 2089 1630 2160 reprehendant,
1659 2096 1688 2144 et
1716 2106 1782 2145 cum
1811 2091 1855 2146 his

107 2184 158 2249 cst,
184 2177 273 2233 licere
302 2178 548 2233 subintroductam
572 2177 678 2233 habere
704 2177 871 2244 mulierem;
898 2176 952 2230 nisi
1008 2178 1094 2233 etiam
1113 2194 1180 2233 suos
1194 2177 1362 2246 Orientalcs,
1384 2179 1433 2250 qui
1446 2178 1603 2233 constituta
1628 2179 1772 2250 majorum
1796 2195 1856 2232 scr·

107 2267 176 2322 locta
192 2271 327 2334 matrem,
345 2272 395 2321 aut
408 2282 546 2332 sororem,
563 2271 613 2321 aut
632 2266 759 2333 amitam,
771 2265 815 2320 vel
832 2281 880 2319 eas
891 2268 953 2320 tau·
1007 2273 1115 2336 rantes,
1140 2268 1299 2340 episcopas,
1329 2267 1522 2339 presbyteros,
1552 2270 1581 2321 et
1608 2266 1855 2322 diaconosrirere

107 2360 166 2410 tum
179 2371 320 2426 personas
338 2370 404 2426 quae¹
424 2353 601 2426 suspiciones
628 2354 779 2426 effugiunt.
799 2375 809 2402 ι
826 2353 953 2408 Audiant
1006 2357 1187 2410 continenter
1201 2357 1319 2410 omnino
1334 2357 1505 2438 decernunt,
1533 2355 1590 2410 nisi
1613 2371 1731 2411 suorum
1746 2357 1856 2426 delege-

107 2442 164 2498 haec
180 2443 473 2514 constantinopoleos
494 2444 696 2515 imperatores,
711 2447 739 2497 et
756 2442 898 2514 judicent,
915 2459 953 2496 an
1006 2445 1065 2499 rint
1079 2444 1152 2499 forte
1167 2445 1345 2500 decretorum
1360 2451 1594 2517 transgressores.

108 2532 228 2587 debcant
248 2532 296 2587 isti
317 2532 433 2604 gradus,
458 2548 545 2603 super
559 2532 664 2604 quibus
684 2532 740 2585 hac
761 2530 887 2602 capitulo
906 2531 953 2586 de·
1042 2536 1075 2588 ln
1099 2533 1172 2588 libro
1198 2534 1441 2590 constitutionum
1468 2533 1573 2588 tustini
1600 2533 1786 2605 imperatoris
1815 2534 1856 2588 ita

108 2620 243 2690 cernitur,
261 2620 446 2676 matrimonia
460 2620 566 2688 sortiri,
584 2621 689 2692 quibus
699 2637 757 2674 non
769 2620 836 2674 licet
850 2620 952 2674 mulie·
1007 2623 1170 2678 decernitur
1180 2624 1303 2694 capitula
1315 2622 1453 2695 vigesimo
1464 2628 1586 2695 quarto:
1604 2645 1617 2672 a
1629 2624 1749 2694 Oportet
1759 2625 1853 2677 autem

109 2710 184 2764 ribus
197 2709 374 2776 cohabitare,
390 2708 447 2764 nisi
467 2708 649 2763 solummodo
666 2708 795 2781 personis
810 2707 866 2763 illis
881 2724 952 2779 qrras
1006 2728 1072 2767 eum
1089 2712 1139 2782 qui
1154 2713 1306 2784 episcopus
1320 2712 1361 2780 lit,
1380 2727 1474 2784 neque
1489 2728 1607 2767 uxorem
1622 2712 1740 2776 habere,
1755 2726 1851 2782 neque

109 2801 183 2854 nulla
203 2798 328 2870 suspicio
352 2798 445 2870 possit
472 2798 690 2852 commaculare.
726 2797 798 2852 Nam
822 2797 953 2869 quisquis
1007 2801 1207 2869 concubinam,
1218 2800 1435 2872 nequaliberos,
1445 2817 1495 2854 seu
1509 2799 1621 2871 legibus
1637 2798 1807 2872 incognitos.
1822 2799 1855 2853 Et

108 2902 224 2942 uxorem
249 2886 373 2954 duxerit,
402 2901 462 2941 non
489 2891 582 2956 potest
605 2892 711 2958 praeter
738 2901 856 2940 uxorem
883 2886 953 2940 alias
1007 2889 1031 2945 si
1046 2889 1111 2962 quis
1125 2896 1225 2944 contra
1237 2889 1298 2944 haec
1311 2889 1489 2957 lecerit,etis
1504 2889 1554 2960 qui
1565 2889 1713 2955 lactusest,
1730 2888 1791 2942 etis
1802 2888 1853 2959 qui

109 2977 188 3031 ctiam
203 2975 340 3031 mulieres
351 2973 382 3029 in
398 2975 483 3030 domo
499 2990 558 3029 non
584 2974 699 3041 habere,
717 2973 824 3046 quibus
852 2975 953 3029 uxoria
966 3008 986 3062 C
1006 2979 1162 3043 eumfacit,
1178 2977 1357 3050 episcopatus
1367 2977 1527 3048 expellatur
1541 2977 1650 3031 honore
1661 2986 1683 3031 ⁸.
1697 2997 1712 3026 s
1733 2976 1854 3031 Videant

110 3063 270 3130 necessitas,
296 3068 324 3119 et
342 3079 412 3118 cura
434 3062 591 3119 domestica
615 3063 792 3135 suppleatur.
814 3062 869 3119 Ubi
886 3079 952 3117 vero
1007 3083 1082 3121 nunc
1097 3067 1261 3121 Graecorum
1276 3066 1475 3136 imperatores,
1490 3065 1540 3135 qui
1555 3064 1697 3118 Romanos
1718 3064 1854 3118 damnare
1883 3089 1888 3099 ·

111 3159 274 3210 tractuum
301 3151 484 3209 interdicitur
509 3151 738 3207 subintroductio
767 3152 951 3220 feminarum,
1006 3155 1120 3226 nuptias
1141 3153 1366 3220 calumniantur,
1388 3169 1421 3207 eo
1437 3152 1586 3223 quodnou
1611 3151 1770 3223 episcopos,
1797 3168 1854 3207 non

111 3250 210 3314 praeter
227 3241 348 3298 omnino
372 3257 508 3313 personas
534 3257 599 3313 quae
622 3244 738 3295 careant
758 3241 838 3295 omni
862 3241 953 3312 suspi·
1006 3243 1199 3316 presbyteras,
1213 3259 1271 3296 non
1286 3242 1433 3303 diaconos,
1445 3256 1548 3295 uxores
1564 3241 1667 3295 ducere
1681 3240 1851 3309 concedunt,

111 3333 198 3401 cione,
211 3331 399 3388 manifestum
415 3335 457 3386 est
471 3330 549 3402 quod
563 3328 753 3385 interdicatur
776 3330 862 3384 etiam
882 3346 953 3384 uxo·
1007 3348 1064 3405 quo
1080 3330 1110 3386 in
1129 3332 1191 3386 loco
1203 3330 1292 3386 relint
1307 3331 1413 3385 habere
1428 3345 1494 3383 suas
1517 3328 1607 3399 leges,
1633 3329 1661 3383 id
1682 3333 1735 3396 est,
1755 3346 1772 3382 a
1795 3328 1854 3382 suis

111 3421 146 3477 rie
158 3422 270 3494 pariter
284 3408 398 3492 copula,
422 3435 486 3491 quie
501 3418 583 3474 nullo
597 3419 683 3474 modo
699 3423 794 3490 potest
808 3418 871 3473 lieri
892 3419 953 3473 sine
1007 3421 1164 3493 maj0ribus
1173 3420 1328 3475 institutas.
1341 3420 1409 3474 Ecce
1418 3417 1546 3473 tustinus
1557 3420 1752 3474 Romanorum
1761 3416 1854 3486 impe·

113 3511 284 3583 reliquarum
299 3503 462 3565 accessione
475 3507 662 3564 feminarum.
1007 3512 1084 3563 rator
1100 3507 1212 3579 legibus
1226 3505 1355 3580 decrerit
1366 3522 1433 3561 eum
1444 3504 1494 3576 qui
1509 3505 1661 3576 episcopus
1675 3504 1789 3558 laturus
1806 3497 1853 3571 si't,

139 3602 172 3656 ln
185 3598 309 3656 concilio
327 3596 547 3654 Neocaesariensi
570 3597 611 3652 sic
633 3595 768 3652 statuitur
786 3594 860 3668 (eun.
879 3598 904 3666 l,
920 3611 955 3651 ex
1007 3612 1102 3668 neque
1122 3611 1242 3651 uxorem
1256 3595 1371 3658 habere,
1394 3610 1489 3666 neque
1504 3593 1693 3649 concubinam
1710 3607 1716 3647 :
1735 3607 1784 3646 ros
1805 3608 1855 3647 au-

114 3688 234 3761 ejasdem
257 3688 424 3756 versione):
444 3687 633 3758 «Presbyter,
658 3685 684 3740 si
707 3699 955 3756 uxoremaccepe·
1007 3689 1096 3739 teme
1121 3680 1265 3737 contrario
1289 3681 1461 3736 constituitis
1482 3684 1588 3736 uttam
1612 3679 1740 3752 episcopi
1769 3695 1855 3750 quam

113 3777 151 3843 rit,
168 3777 204 3833 ah
219 3776 325 3833 ordine
348 3777 519 3849 deponatur.
544 3775 573 3830 Si
596 3791 663 3830 vero
682 3773 840 3829 fornicatus
855 3773 953 3840 luerit,
1008 3771 1168 3845 presbyteri
1183 3769 1358 3824 matrimonii
1377 3769 1444 3839 jura
1459 3769 1626 3823 sortiantur.
1650 3768 1738 3838 Leges
1759 3785 1774 3822 a
1799 3785 1857 3823 ma·

114 3865 340 3922 autadulterium
355 3864 572 3936 perpetraverit,
590 3864 715 3936 amplius
728 3863 798 3934 pelli
812 3863 906 3930 debet,
927 3866 956 3915 et
1004 3859 1120 3932 joribus
1135 3860 1235 3913 restris
1258 3857 1433 3926 constituta,
1457 3856 1507 3928 qui
1529 3856 1584 3910 hoc
1602 3855 1734 3920 fecerint,
1750 3853 1857 3925 gradus

114 3955 144 4011 ed
168 3955 372 4028 paenitentiam
397 3953 501 4025 redigi.
522 3953 634 4019 »Quod
657 3952 686 4007 hi
704 3967 829 4007 canones
854 3951 955 4006 decer·
1008 3950 1054 4004 sui
1067 3947 1363 4019 precipiunthonore
1377 3946 1505 4019 privare3
1521 3962 1571 4000 ros
1595 3949 1691 3999 autem
1706 3944 1781 4011 illos,
1807 3944 1857 4015 qui

116 4050 187 4115 nunt,
203 4047 344 4101 hactenus
364 4047 392 4098 et
412 4042 536 4099 Ecclesia
559 4043 688 4098 Romana
701 4045 731 4096 et
750 4057 852 4096 omncs
876 4039 955 4096 Occi·
1008 4054 1067 4093 non
1086 4037 1216 4106 fecerint,
1241 4035 1362 4106 culpatis
1385 4034 1500 4105 nuptias
1528 4032 1731 4101 condemnare,
1758 4030 1857 4109 necin

117 4132 235 4189 dentales
262 4148 376 4188 serrare
398 4131 582 4202 studuerunt,
614 4131 735 4185 scientes
762 4128 872 4184 cunctis
896 4145 955 4183 esse
1009 4132 1132 4182 vestram
1146 4142 1194 4182 eos
1208 4125 1293 4180 vultis
1313 4123 1441 4194 recipere
1461 4120 1706 4176 communionem.
1730 4124 1857 4191 Apparet

120 4223 282 4278 serrandum
302 4221 380 4294 quod
400 4224 481 4292 patet
502 4237 562 4275 esse
589 4219 767 4290 religiosum,
796 4221 825 4272 et
852 4217 956 4272 dirinis
1010 4214 1171 4286 igiturtam
1195 4210 1392 4268 ecclesiasticis
1413 4210 1536 4281 legibus,
1560 4224 1647 4280 quam
1672 4209 1771 4263 restris
1794 4224 1858 4262 sau-

120 4311 268 4368 cultorihus
292 4311 423 4383 dignum.
447 4309 566 4365 Videant
586 4308 685 4376 Graeci,
715 4308 739 4362 si
762 4307 840 4380 quod
863 4311 953 4361 slatu-
971 4304 992 4359 D
1012 4303 1154 4358 ctionibus
1170 4318 1220 4356 ros
1233 4316 1416 4373 repugnare:
1433 4302 1607 4370 quapropter
1621 4297 1744 4368 duplicis
1764 4302 1860 4352 reatus

121 4398 551 4465 tamesttenerecantendunt;
569 4397 645 4470 quod
668 4396 691 4450 si
709 4395 829 4463 faciunt,
853 4393 958 4450 frustra
1013 4407 1061 4445 vos
1087 4393 1171 4462 culpa
1195 4388 1400 4460 constringitis,
1434 4387 1525 4442 relati
1547 4391 1772 4456 transgressores
1800 4390 1860 4440 tam

123 4485 253 4543 Romanos
276 4487 466 4560 redarguant,
481 4501 555 4559 quos
568 4484 622 4540 sihi
643 4500 727 4557 pares
743 4483 771 4538 in
789 4482 958 4539 ecclesiasti-
1011 4480 1101 4538 divini
1122 4485 1150 4535 et
1165 4478 1284 4535 humani
1296 4478 1380 4550 juris,
1397 4492 1485 4548 quam
1505 4474 1702 4530 ecclesiastica
1718 4474 1860 4529 constitu·

124 4574 156 4629 cis
170 4576 317 4634 amandis
333 4575 463 4633 conciliis
481 4574 600 4629 omnino
616 4572 803 4645 perspiciunt.
830 4572 911 4636 Quod
935 4571 959 4627 si
1011 4570 1100 4625 tionis
1116 4569 1293 4641 (lastiniam,
1316 4565 1366 4622 ubi
1391 4582 1489 4637 supra,
1512 4565 1609 4620 norell.
1637 4567 1697 4626 lua.
1717 4579 1780 4634 cap.
1803 4565 1859 4630 29).

126 4666 299 4722 amaracum
319 4665 373 4721 hoc
391 4665 512 4719 licenter
532 4661 766 4734 prevaricantur,
790 4659 960 4715 ecclesiasti·
1015 4680 1029 4709 a
1055 4657 1231 4728 Presbyteris
1256 4660 1353 4709 autem
1381 4659 1409 4708 et
1431 4652 1568 4719 diaconis,
1594 4655 1622 4706 ct
1648 4651 1711 4706 aliis
1739 4651 1771 4705 in
1786 4651 1861 4706 clero

127 4767 210 4810 carum
222 4753 464 4811 constitutionum
478 4751 522 4807 rei
544 4749 796 4823 deprehenduntur
813 4765 820 4804 ς
837 4752 866 4804 et
890 4748 960 4803 dum
1014 4745 1137 4816 seriptis,
1164 4759 1223 4799 non
1246 4741 1419 4797 habentibus
1441 4757 1545 4796 uxores
1568 4740 1726 4795 seeundum
1753 4739 1862 4794 divinas

127 4840 378 4898 aduentantem
401 4840 456 4895 hac
470 4839 671 4906 constitutum,
688 4843 717 4893 et
735 4836 876 4893 nimirum
901 4851 960 4890 ser·
1014 4835 1140 4906 regulas,
1153 4833 1354 4889 interdicimus
1366 4836 1395 4886 et
1407 4847 1459 4886 nos
1475 4830 1627 4886 mulierem
1647 4829 1752 4883 babere
1767 4828 1797 4881 in
1811 4843 1862 4880 sua

126 4931 240 4988 seturab
262 4928 468 4995 Orientalibus,
496 4926 573 5000 quod
599 4943 653 4999 pro
668 4925 797 4980 Ecclesiae
811 4923 960 4996 disciplina
1014 4925 1109 4990 domo,
1138 4924 1255 4993 excepta
1283 4925 1386 4987 matre,
1415 4924 1443 4974 et
1470 4920 1540 4986 lilia,
1570 4923 1723 4983 etsororc,
1754 4920 1781 4968 et
1800 4912 1863 4966 aliis

126 5017 249 5086 probatur
262 5033 324 5074 asse
349 5016 503 5083 sancitum,
520 5015 627 5070 mirum
650 5030 702 5069 cur
721 5013 751 5068 in
773 5012 961 5069 Occidentali-
1014 5009 1146 5082 personis
1166 5025 1229 5080 quae
1249 5023 1366 5062 omnem
1391 5007 1548 5078 querelam
1573 5004 1725 5074 ellugiunt.
1742 5000 1771 5057 Si
1799 4999 1863 5071 quis

116 5103 169 5161 'bas
180 5109 295 5181 culpare
308 5106 454 5171 nituntur,
469 5105 547 5176 quod
567 5103 643 5176 apud
672 5101 830 5158 Orientales
849 5115 962 5155 servare
1015 5103 1112 5153 autem
1138 5096 1273 5151 adversus
1295 5096 1381 5150 istam
1397 5094 1627 5149 observationem
1661 5089 1813 5145 mulierem
1834 5086 1864 5141 in

125 5208 174 5250 nan
185 5195 327 5252 dubitant.
343 5193 426 5260 Quod
449 5193 474 5249 si
494 5194 573 5265 leges
596 5191 800 5247 ecclesiasticas
815 5189 961 5262 ignorant,
1016 5203 1068 5240 sua
1083 5185 1169 5239 domo
1188 5183 1332 5252 habuerit,
1355 5199 1420 5253 quae
1435 5187 1531 5253 potest
1546 5178 1742 5249 suspicionem
1757 5176 1865 5230 inlerre

124 5285 280 5355 qaisnescit
298 5285 362 5340 fore
377 5283 482 5340 merito
496 5280 733 5347 contemnendos,
749 5295 822 5351 quos
836 5293 896 5333 non
918 5293 964 5332 sa·
1016 5271 1214 5345 turpitudinis,
1241 5275 1270 5325 et
1296 5270 1344 5325 illc
1371 5286 1388 5324 a
1407 5270 1516 5325 clericis
1546 5267 1605 5321 suis
1631 5262 1765 5329 audierit,
1788 5264 1866 5337 quod

121 5373 231 5444 pientiae
246 5373 382 5445 gravitas,
404 5372 454 5429 ssd
467 5369 641 5444 ignorantiae
660 5367 759 5424 levitas
785 5367 820 5422 ad
844 5367 963 5439 loquen·
1018 5379 1082 5418 eum
1103 5361 1154 5416 tali
1180 5359 1300 5414 muliere
1327 5374 1386 5413 non
1412 5358 1515 5413 debeat
1537 5353 1674 5417 habitare,
1692 5356 1720 5405 et
1744 5351 1868 5408 noluerit

120 5463 184 5520 dum
195 5461 357 5537 propellit?
1018 5467 1081 5506 eam
1097 5467 1148 5504 sua
1168 5449 1253 5504 domo
1269 5448 1429 5519 repellere;
1445 5445 1488 5499 rel
1517 5444 1678 5497 accusatore
1700 5447 1867 5513 emergente

148 5592 276 5650 nverbis
290 5593 440 5666 aliquanto
454 5589 573 5647 dirersis
587 5588 634 5644 lcx
646 5586 703 5642 ista
717 5583 890 5657 exprimitur
905 5581 1014 5639 Novell.
1029 5584 1118 5636 const.
1133 5577 1197 5634 coll.
1215 5593 1233 5644 r,
1249 5576 1292 5631 tit.
1311 5578 1337 5641 6,
1354 5588 1418 5629 nor.
1441 5575 1468 5640 6,
1484 5586 1545 5642 cap.
1564 5574 1588 5624 l.

278 5689 426 5753 Parnon.
449 5686 563 5751 CXXI.
1672 5669 1708 5728 ll
