3930 6098
58 237 108 293 393
138 254 152 284 ⁰

758 243 894 300 Nostris
911 244 1107 300 sustentes.

1759 256 1810 310 let

56 371 291 426 innumerositates
306 374 467 426 utuntur.»
493 373 596 427 Destrui
608 387 658 442 pro
681 373 775 429 domus
803 375 832 429 in
864 375 947 445 gib
1000 375 1034 430 11.
1052 374 1098 430 Ad
1118 376 1255 443 loannem,
1278 391 1363 446 quam
1384 374 1430 429 hic
1444 377 1569 448 primum
1590 385 1671 434 vocat
1694 383 1809 452 spolea-

56 441 162 510 guendi
177 459 243 495 cassu
258 442 442 497 retinendum
458 442 608 514 utrobique
623 445 784 511 credimus:
801 445 831 499 iu
856 448 907 500 ln-

56 513 151 567 diculo
166 528 290 582 nempe:
306 533 319 563 n
331 514 556 584 Pudetnamque
567 515 706 568 insaniam
721 509 796 569 illius
816 516 909 571 dornui

56 583 203 654 sigillatim
221 600 382 655 exponera;
400 605 413 631 e
429 585 501 637 etin
522 584 642 654 epistola
657 587 803 640 secunda:
827 590 908 642 Deco-

56 669 110 707 rrm
130 654 225 708 domm
244 660 348 709 uestrae.
369 656 491 709 Alterius
514 656 629 725 generis
640 656 816 710 substantiva
842 675 907 712 cum

961 460 1026 498 sem.
1045 447 1160 500 Lemma
1177 461 1184 499 :
1201 448 1315 500 Aurelio
1333 448 1426 501 Plocio
1446 450 1544 503 loanni
1554 451 1656 505 Pacilus
1676 455 1809 510 Alearus.

962 517 1065 585 Incipit
1082 533 1087 569 :
1106 519 1241 571 Hactenus
1258 519 1404 570 amicorum
1415 533 1495 572 more.

998 587 1041 641 lli.
1070 587 1118 640 Est
1146 589 1257 641 lautitiis
1288 587 1425 656 Spalensis
1453 605 1517 642 cum
1547 590 1597 645 hac
1629 592 1808 664 epigraphe:

961 659 1073 711 Aurelio
1088 659 1180 711 Flauio
1197 660 1299 712 Alaero
1315 659 1468 728 illustrique
1487 663 1546 715 siro
1564 665 1672 717 minimi
1689 666 1809 720 Joonnis

56 725 175 779 alterius
189 725 338 795 adjectivis
348 726 459 795 juncte,
481 730 511 780 ul
525 725 672 793 finiamus,
688 728 805 798 passim,
821 729 860 781 itu
877 732 908 782 ut
960 731 1105 795 suppestio.
1136 727 1227 796 Vides,
1253 734 1284 782 ιιι
1304 730 1428 783 ioannes
1451 735 1479 783 et
1503 732 1620 786 Alvarus
1642 735 1763 789 invicem
1779 753 1809 791 se

55 796 83 849 in
99 796 235 866 epistolis,
254 795 283 849 in
300 796 429 850 lndiculo
451 796 536 850 eliam
557 798 702 866 leguntur.
718 797 756 852 Ex
779 798 906 853 indiculo

57 869 116 919 haec
131 867 305 938 selegimus:
319 889 333 916 «
344 866 562 921 libilaredecuit
574 871 678 935 sactum
700 869 877 939 probabilem.
892 891 906 919 ι

56 937 136 1003 llam,
161 939 318 1006 conjupium
338 953 425 1006 prtem,
442 943 495 991 ete.
519 937 556 992 Ex
570 938 718 1009 epistolas
734 940 794 994 hanc
810 955 816 994 ε
835 960 848 991 a
864 941 906 995 ad

56 1008 133 1061 illum
163 1007 277 1062 flectere
306 1009 459 1062 articulum
496 1009 637 1078 congruit,
672 1009 751 1080 quod
779 1018 905 1066 mentem

57 1084 191 1133 macerat.
208 1100 222 1125 o
239 1083 291 1133 etc.
309 1079 348 1133 Ex
367 1084 382 1133 7
399 1095 405 1133 :
422 1081 545 1148 Apostoli
558 1095 617 1133 eum
630 1079 741 1135 dictum.
760 1081 846 1152 Epist.
864 1085 879 1136 9
897 1098 903 1137 :

56 1150 294 1204 ‚thurtdantiorern
307 1153 435 1220 pretinm.
457 1149 524 1213 Qum
544 1151 731 1230 grammatica
744 1159 785 1205 est
799 1152 903 1208 Alieni.

57 1220 214 1274 difficilime
236 1236 302 1274 cum
318 1221 380 1275 aliis
395 1220 529 1275 omnibus
548 1237 608 1291 Jam
624 1221 768 1276 adnotatis
793 1223 904 1277 duobus

57 1291 223 1345 auctoribus
243 1292 421 1357 commanis:
451 1290 555 1360 ntjam
579 1293 613 1347 de
639 1292 760 1347 Indicnli
787 1300 904 1348 anctore

57 1361 180 1432 emplius
194 1362 384 1435 quaerendum
406 1377 463 1416 non
477 1362 522 1416 sit.

88 1433 190 1504 Neque
218 1449 298 1487 novae
325 1433 410 1486 amici
439 1433 528 1487 nostri
561 1433 591 1486 n.
621 1433 737 1504 iosephi
764 1434 902 1489 Pellizerii

57 1504 186 1574 apiniani
201 1503 399 1569 deserendum,
417 1503 511 1574 quiex
526 1519 559 1556 eo
570 1508 681 1557 lautum
697 1505 773 1575 quod
784 1507 904 1559 Ali'arus

57 1575 82 1627 iu
98 1575 225 1645 quadam
241 1575 361 1646 epistola
373 1575 408 1628 ad
431 1574 582 1644 Eulogium
603 1576 707 1645 scripta
722 1576 760 1629 sic
779 1576 879 1647 incipit
896 1593 902 1631 :

960 800 1105 853 Aurelium
1121 806 1149 852 et
1163 799 1301 865 Flauium,
1318 799 1434 853 honoris
1447 806 1479 853 ιιι
1493 802 1609 857 credere
1629 820 1750 873 pruritum
1767 812 1810 861 est

960 886 1128 929 caesapon
1145 871 1222 940 quod
1236 869 1277 924 ita
1295 871 1522 940 appellarentur,
1539 879 1648 927 vocent.
1665 875 1783 931 Initium
1800 894 1807 932 :

960 940 981 995 0
992 955 1090 1008 mopere
1099 941 1215 995 domiin.

994 1011 1038 1066 lv,
1056 1011 1101 1065 Ad
1124 1010 1245 1065 eumdem
1266 1013 1407 1066 loannem.
1428 1010 1523 1066 Alteri
1553 1017 1595 1066 est
1618 1030 1682 1068 cum
1708 1016 1808 1073 iisdem

959 1081 1137 1136 numinibus.
1176 1082 1329 1138 Exordium
1358 1084 1488 1153 corrupit
1515 1088 1649 1138 vetustas.
1683 1088 1715 1141 ln
1744 1104 1809 1142 meo

959 1153 1089 1224 exemplo
1117 1152 1232 1223 iegitur,
1258 1169 1315 1207 non
1341 1155 1473 1222 procula
1500 1170 1566 1207 vera
1586 1155 1708 1210 lectione
1725 1174 1731 1210 :
1748 1159 1808 1211 En-

958 1224 1044 1290 clocae,
1067 1226 1191 1292 emperia
1213 1229 1307 1279 uestrae
1336 1230 1468 1278 sumentes
1493 1226 1642 1294 euphrasia
1661 1229 1714 1281 imo
1733 1243 1809 1282 ener-

958 1296 1010 1359 pia
1036 1299 1220 1362 percurrentes
1243 1298 1373 1362 epitumo,
1399 1295 1524 1364 innuenda
1546 1298 1623 1361 foeta
1645 1302 1684 1352 est
1705 1300 1808 1353 anima.

959 1364 1062 1418 Libens
1084 1364 1227 1432 legerim:
1250 1367 1373 1431 Euploea
1395 1368 1530 1435 empeiriae
1554 1371 1650 1421 uestra
1675 1375 1809 1424 sumentes

958 1435 1143 1504 euphrasium,
1160 1435 1214 1488 hoc
1230 1441 1284 1502 cst,
1306 1435 1441 1503 dulcifluae
1460 1438 1565 1504 preritie
1588 1445 1682 1493 uestra
1698 1454 1809 1494 sumen-

959 1511 996 1560 tes
1016 1505 1056 1574 (in
1073 1505 1215 1575 manibus)
1233 1507 1420 1574 eloquentiam.
1439 1507 1540 1560 Grecis
1555 1505 1691 1578 ἕῃιΰσσω
1708 1516 1750 1564 est
1762 1513 1809 1564 in·

958 1576 1127 1647 dulcorato),
1154 1577 1324 1630 duecedinem
1344 1577 1437 1645 uffae,
1452 1575 1583 1650 ἐμπειρία,
1606 1582 1716 1648 peritia,
1738 1596 1810 1649 pru-

56 1645 233 1700 Luminosum
265 1648 353 1726 pestri
383 1648 471 1715 operis
502 1645 709 1728 documentum:
744 1648 904 1728 suspicatur·
925 1646 1063 1728 Bdentin.
1078 1650 1114 1728 ‚Et
1128 1648 1225 1728 forsan
1242 1648 1286 1700 his
1301 1648 1391 1701 tribus
1406 1648 1574 1702 Craeeanrcae
1589 1650 1696 1719 lingum
1713 1651 1807 1705 verbis

56 1717 154 1770 adhoc
171 1717 283 1786 Eulogu
299 1732 382 1796 epus.
399 1716 475 1786 quod
491 1716 630 1771 indiculus
650 1718 798 1772 luminosus
815 1719 904 1786 audit,
961 1717 1085 1772 exordiri
1115 1719 1275 1788 epistolam,
1307 1718 1509 1788 languescente
1539 1719 1598 1789 jam
1634 1722 1808 1791 eloquentia,

56 1787 215 1856 respexisse
242 1787 342 1841 videri.
368 1787 456 1840 Plane
477 1792 554 1840 errat
570 1788 613 1840 vir
627 1789 760 1853 eximius,
778 1788 906 1858 mihique

55 1857 203 1928 praecipuo
218 1858 451 1927 semperhonore
466 1856 667 1926 excipiendus;
685 1875 750 1913 nem
766 1860 800 1914 de
815 1863 906 1914 Docti-

55 1934 141 1982 mento
162 1930 333 1997 martyriali,
361 1929 452 1983 Flere
476 1933 505 1982 et
526 1927 620 1982 llariae
645 1930 792 1984 sororibus
816 1931 907 2000 virgi-

961 1804 1019 1912 ntop
1035 1788 1167 1860 puditum
1183 1788 1247 1842 luit.
1269 1788 1391 1859 Longior
1407 1795 1504 1843 autem
1521 1790 1657 1844 aliishaec
1681 1798 1723 1845 est
1748 1792 1809 1862 epi·

962 1875 974 1911 s
988 1875 1004 1911 o
1018 1876 1042 1912 a.

998 1930 1028 1981 V.
1059 1929 1105 1983 Ad
1143 1929 1263 1983 eumdem
1297 1929 1430 1984 similiter
1459 1930 1605 2001 inscripta.
1637 1931 1806 2002 Inscripsit:

56 1999 139 2053 nibus
161 2004 339 2069 nuncupato,
367 2015 453 2070 quem
483 1998 590 2052 librum
620 1999 757 2070 Eulogius
784 2001 810 2054 ei
840 2017 905 2054 crim
961 2001 1023 2054 Post
1038 1999 1249 2069 disputationem
1264 2003 1413 2054 inscientiae
1424 2006 1531 2056 nostrae.

55 2069 188 2140 proxima
206 2075 283 2123 retro
303 2069 425 2140 epistola
443 2069 628 2123 invisendum
649 2072 808 2135 remiserat,
823 2072 906 2126 Alvu·
995 2072 1040 2124 Vl.
1058 2071 1228 2125 Eslloannis
1243 2071 1280 2125 ad
1293 2073 1438 2137 Alcaeum,
1455 2073 1537 2142 cujus
1555 2071 1616 2126 hoec
1638 2072 1806 2144 inscriptio:

58 2157 101 2193 rus
120 2139 246 2194 solemni
271 2157 322 2194 sao
345 2141 472 2195 luminosi
494 2140 631 2194 vocabulo
661 2148 743 2195 utens
767 2143 905 2213 loquitar.
960 2141 1077 2207 illustri,
1094 2142 1327 2211 ecimiocelsoque
1345 2143 1727 2205 Alcanoloonnesminimus
1750 2159 1809 2198 om-

58 2211 109 2265 h'ec
123 2211 209 2265 facile
225 2211 385 2281 inEulogio
401 2213 487 2265 talem
500 2211 650 2281 sermonis,
671 2228 736 2282 ques
754 2212 783 2266 iu
806 2213 907 2267 Alvaro
960 2212 1051 2278 nibus,
1064 2215 1094 2265 in
1108 2216 1210 2266 cunctis
1226 2218 1371 2267 ectremus.

57 2286 103 2348 est,
118 2281 266 2337 licentiam
281 2283 466 2352 reperiemus.
493 2282 549 2336 liec
564 2283 635 2337 tanti
661 2283 796 2353 ponderis
819 2289 908 2338 estut
997 2283 1055 2336 Vll.
1071 2283 1171 2337 Aleari
1185 2283 1218 2336 ad
1238 2283 1432 2352 Speraindeum
1455 2283 1588 2351 abbatem,
1612 2299 1676 2338 cnm
1700 2283 1754 2338 hoc
1767 2283 1806 2338 li·

57 2369 104 2407 nas
118 2368 227 2422 urgere
238 2353 351 2421 debeat,
360 2358 507 2406 erectorem
521 2352 642 2406 lndiculi
652 2353 727 2407 haud
742 2354 907 2407 meminisse
961 2353 1021 2407 tulo
1038 2373 1044 2407 ε
1060 2357 1172 2408 Domino
1187 2353 1360 2408 dilectissimo
1378 2359 1402 2408 et
1425 2355 1455 2407 in
1479 2355 1585 2411 Christo
1610 2356 1688 2408 Patri
1706 2356 1806 2425 Spera·

58 2423 171 2494 Eulogii
194 2425 258 2477 talis
281 2424 344 2490 viri,
373 2423 480 2494 quique
508 2423 639 2477 eumdem
664 2424 733 2478 olim
756 2430 908 2479 novaverat
961 2423 1158 2490 indeonbbati,
1177 2424 1632 2496 Alcornscliens.Initioqueisto
1650 2441 1656 2479 ι
1677 2428 1809 2480 Pressius

58 2510 191 2564 operam;
207 2510 272 2548 cnm
292 2495 397 2565 poterit
412 2494 559 2548 ludicnlus
580 2493 625 2547 hic
648 2493 682 2548 eb
698 2495 800 2551 Alvaro
821 2496 907 2550 scribi
960 2500 986 2548 et
1000 2497 1165 2564 omitipotens
1179 2497 1258 2561 lleus,
1273 2500 1326 2548 etc.
1352 2495 1478 2549 Diximus
1500 2496 1529 2549 iu
1547 2497 1660 2562 Eulopio
1674 2497 1809 2567 quisnam

58 2571 212 2636 antequam
229 2565 364 2635 Eulogius
384 2564 545 2620 Memoriole
560 2581 644 2619 suum
668 2572 822 2620 sanctorum
837 2583 905 2620 con·
961 2565 1153 2635 Speraindeus
1177 2565 1264 2619 abbas
1287 2564 1381 2631 luerit,
1402 2571 1601 2638 quantumque
1621 2583 1654 2620 ee
1672 2567 1808 2637 magistre

58 2635 176 2690 lecisset.
209 2636 326 2691 Constat
353 2635 431 2689 enim
458 2635 612 2689 formatum
643 2636 805 2691 lndiculum
831 2653 906 2691 euno
961 2641 1018 2689 tam
1034 2637 1153 2690 Alvarus
1169 2651 1254 2706 qnam
1277 2636 1411 2706 Eulogius
1436 2643 1544 2707 martyr
1559 2638 1700 2694 Cordubae
1716 2638 1747 2692 in
1761 2639 1808 2708 ju·

59 2707 115 2773 ist,
146 2706 191 2760 uti
213 2706 293 2777 prius
324 2705 494 2760 adnotatum
518 2705 589 2773 luit;
616 2707 781 2761 lleraorinlis
809 2714 905 2761 autem
961 2711 1077 2760 scutula
1093 2707 1274 2777 profecerint.

59 2777 172 2831 tertium
189 2779 290 2831 saltem
314 2776 417 2831 librum
433 2781 498 2847 post
521 2778 583 2831 856.
598 2776 687 2831 Suum
709 2784 804 2832 etitem
830 2779 906 2833 ludi·
995 2777 1066 2832 Vlil.
1085 2779 1233 2846 Responsio
1247 2774 1409 2846 Speraindei
1422 2778 1529 2832 abbatis
1546 2778 1648 2833 mutila
1662 2795 1726 2833 cum
1757 2778 1810 2833 hae

60 2848 151 2902 culum
166 2847 295 2902 modeste
318 2848 451 2901 Alvarum
465 2848 655 2919 suppressisse
678 2854 710 2901 ut
726 2865 777 2903 nec
793 2849 827 2903 ad
852 2850 907 2903 Eu·
961 2850 1195 2918 nuncupatione:
1214 2848 1621 2916 illustrissimomihidomino,
1638 2865 1669 2904 ac
1696 2865 1808 2904 unima-

60 2917 123 2987 logii
134 2918 269 2973 notitiam
306 2918 457 2985 arveniret,
471 2934 529 2971 non
541 2917 721 2987 impossibile
736 2925 787 2974 est.
961 2918 1020 2988 bili,
1030 2934 1076 2973 seu
1091 2918 1164 2974 omni
1178 2918 1318 2986 effectione
1333 2920 1437 2975 Christi
1452 2922 1479 2972 iu
1494 2922 1627 2974 otiositate
1644 2921 1809 2991 amplecten-

88 2994 124 3044 nt
147 2934 434 3060 queddeploletanis
454 2988 593 3059 episcopis
614 2989 713 3044 Bonito
740 2996 769 3045 et
789 2991 905 3044 Wislre-
925 2989 1004 3082 Cdo,
1036 2990 1136 3056 iriclpto
1164 2990 1267 3043 Alimro
1301 2989 1476 3057 Speraindeo.
1506 2990 1623 3043 Initium
1659 2991 1807 3061 epistolae:

62 3060 129 3112 miro
155 3059 329 3125 audivimus,
354 3059 509 3130 iligueram
532 3059 637 3130 ipsum,
667 3065 753 3130 atque
773 3061 845 3130 ejus,
875 3066 906 3115 ιιι
963 3061 1063 3113 Duma
1084 3059 1316 3113 tribulationibus.
1342 3059 1380 3112 lle
1397 3077 1430 3114 ea
1443 3059 1502 3130 jam
1522 3060 1648 3115 diximus
1659 3062 1690 3115 in
1705 3062 1805 3130 Spera-

62 3130 152 3184 Alteri
180 3131 268 3185 verbo
293 3136 367 3195 nter,
395 3129 566 3201 sequipedes
592 3132 743 3200 torquebat
767 3132 903 3197 mraxime,
958 3129 1046 3183 indeo.

62 3205 112 3255 ιιιι
127 3200 210 3255 utilis
229 3205 258 3255 el
271 3200 347 3255 docti
361 3200 492 3271 opusculi
513 3206 659 3255 auctorem
674 3201 763 3255 alium
784 3218 800 3255 a
823 3203 904 3256 Tele·
993 3201 1035 3254 lx.
1057 3201 1155 3255 Aloari
1174 3201 1293 3256 Romano
1315 3200 1428 3263 medico,
1454 3215 1519 3254 cnm
1549 3200 1601 3254 hac
1627 3199 1805 3272 epigraphe:

63 3275 122 3327 ιιιο
138 3271 447 3342 iuisseepiscopo;et,
465 3271 621 3327 dummodo
642 3272 709 3326 hnic
734 3278 903 3339 assererent,
958 3271 1133 3326 Serenissirno
1157 3273 1276 3325 omnium
1305 3270 1497 3325 catholicorum
1526 3271 1636 3326 domino
1662 3286 1718 3325 meo
1749 3273 1804 3327 llo·

63 3341 252 3397 wistremirus
266 3343 352 3396 inerit
366 3359 402 3396 an
423 3343 539 3396 bonitus
553 3343 663 3413 pariter
683 3343 820 3398 habuere.
842 3344 905 3398 blu-
957 3357 1037 3396 meno
1071 3343 1201 3396 Alcaeus.
1229 3341 1460 3395 Exorditursic:
1489 3344 1663 3396 Antoniorum
1678 3357 1806 3397 meorum.

63 3413 121 3467 tilns
135 3419 216 3468 certe
231 3413 375 3467 indiculus
389 3413 423 3467 ad
444 3428 497 3467 nos
517 3413 657 3483 pervenit,
675 3430 741 3468 cum
757 3431 814 3469 non
839 3420 904 3468 tan-
958 3413 989 3466 ln
1006 3413 1058 3466 bac
1073 3413 1193 3482 epistola
1207 3412 1315 3466 mentio
1338 3412 1534 3466 ilementorum
1549 3413 1698 3479 Cordnbae,
1715 3415 1807 3485 cujus

63 3487 115 3538 tum
143 3483 222 3538 illius
247 3483 337 3553 perlis
360 3500 447 3555 quam
471 3484 610 3538 habemns
637 3485 712 3552 linis,
741 3485 800 3539 imo
829 3490 904 3539 totus
957 3484 1081 3553 demque
1095 3483 1242 3554 principis,
1261 3499 1370 3536 necnon
1387 3488 1415 3536 el
1430 3483 1566 3537 Servendi
1587 3484 1709 3537 comitis.

65 3554 135 3620 alter,
169 3555 229 3609 sive
252 3554 393 3608 secundus
422 3555 504 3621 liber,
533 3555 719 3623 desideretur,
747 3561 778 3610 ut
803 3571 835 3609 ex
859 3556 904 3610 his
994 3553 1202 3609 X.Siuetitula
1232 3559 1329 3619 esl,et
1348 3553 1460 3607 videtur
1479 3555 1584 3624 scripta
1607 3554 1719 3609 cuidam
1745 3555 1806 3625 epi-

64 3632 183 3680 constat:
211 3626 376 3695 «thtram
400 3625 461 3679 haec
477 3625 645 3680 universalis
671 3626 706 3679 sit
730 3633 903 3681 nostraene·
959 3641 1054 3694 scopo,
1082 3641 1167 3693 quem
1187 3630 1268 3677 vocat
1292 3626 1473 3693 apostolorum
1493 3627 1639 3692 uicarium,
1659 3632 1684 3679 et
1714 3639 1809 3680 rerum

65 3694 161 3750 inlitas
176 3696 209 3751 in
234 3696 360 3751 secundo
375 3697 461 3766 hujus
482 3699 577 3777 aperis
596 3697 669 3750 libro
685 3698 826 3767 majerum
852 3698 905 3750 lir-
958 3698 1065 3764 opifices
1077 3695 1181 3750 Christi
1195 3697 1365 3763 sequipedem
1379 3695 1430 3761 (b).

65 3767 144 3821 mavit
167 3766 364 3821 auctoritas.»
390 3767 424 3821 Et
437 3767 617 3822 elib1:·Ac
633 3767 663 3821 in
693 3768 905 3823 secundolibro
994 3766 1036 3819 lll.
1053 3766 1154 3819 Alcaei
1179 3765 1261 3820 Saule
1284 3768 1416 3834 episeopo,
1450 3781 1514 3819 etim
1540 3766 1593 3819 bec
1625 3765 1806 3837 epigraphe:

65 3836 207 3893 doctorum
230 3837 386 3891 sententias
407 3846 626 3919 congregemus,
652 3843 806 3910 nostraque
835 3855 905 3909 ope·
958 3837 1136 3890 Sanctissimo
1164 3835 1271 3888 domina
1303 3850 1359 3889 meo
1388 3835 1470 3890 Saulo
1496 3838 1618 3904 episcopo
1652 3836 1742 3905 (Sauli
1769 3834 1805 3908 [c]

66 3921 134 3962 rosas
145 3907 418 3963 labellasveracium
432 3910 585 3963 stillatione
600 3908 785 3963 firmemus·
812 3911 904 3977 Argu·
959 3907 1104 3976 Episcopi)
1119 3907 1201 3960 Pauli
1222 3906 1321 3959 Alcaei
1341 3909 1475 3973 suggestio
1491 3906 1544 3973 (d).
1568 3908 1635 3960 Post
1662 3913 1807 3976 acceptam

66 3985 188 4033 mentum
201 3979 309 4049 operis,
324 3978 452 4033 defensio
467 3980 583 4033 illerum
607 3979 657 4050 qni
679 3979 819 4035 Cordubae
843 3997 905 4035 sese
959 3977 989 4031 in
1006 3983 1134 4031 extremo
1147 3975 1211 4029 vitae
1230 3976 1358 4045 periculo
1374 3977 1593 4042 absolutionem,
1610 3980 1642 4029 ut
1662 3975 1729 4046 jure
1758 3976 1809 4030 de-

67 4049 196 4121 marlyrio
222 4064 280 4103 non
301 4049 451 4121 perquisiti
478 4049 654 4116 obtulerunt,
681 4066 733 4121 pro
758 4051 906 4122 quibnset
959 4048 1030 4111 buit,
1057 4050 1116 4117 jam
1140 4047 1213 4100 liber
1228 4047 1398 4116 egritudine
1425 4047 1459 4100 ad
1490 4045 1608 4101 Saulem
1641 4047 1808 4117 episcopum

68 4118 193 4191 Eulogius
209 4119 384 4188 decertavit3
408 4120 473 4175 dein
492 4121 707 4191 prophetiarum
736 4121 772 4176 de
806 4123 905 4176 blaho-
960 4118 1150 4173 absolvendus
1165 4117 1457 4184 iterumacensnris,
1477 4118 1571 4171 nescio
1589 4116 1703 4188 quibus,
1719 4133 1809 4172 cano-

68 4196 134 4245 meto
158 4197 187 4244 et
202 4190 266 4260 ejus
287 4190 409 4246 nefanda
423 4191 526 4246 haeresi
541 4192 704 4262 explicatio.
721 4191 857 4262 Sequitur
874 4193 906 4247 in
959 4190 1024 4243 nico
1037 4190 1094 4243 ritu
1109 4204 1161 4258 per
1176 4189 1250 4242 lianc
1266 4189 1386 4241 recurrit
1400 4189 1562 4257 epistolam.

68 4261 152 4316 codice
168 4260 358 4316 Cordubensi.

995 4261 1048 4315 lili.
1080 4262 1247 4328 Rescriptum
1275 4259 1353 4314 Sauli
1380 4261 1500 4328 episcopi
1529 4261 1643 4313 Alooro.
1681 4257 1809 4330 incipit:

95 4333 232 4400 tartessia
265 4332 393 4402 ejusdem
426 4332 523 4388 Alvari
551 4348 616 4404 qnae
641 4331 767 4405 incipit:
796 4337 907 4389 Eecelse
960 4331 1137 4386 Multanobis
1154 4334 1240 4385 ararit.
1259 4329 1526 4410 Abnuitabselvere
1543 4331 1689 4398 Aliarum,
1709 4331 1807 4385 remit·

70 4400 141 4471 Deua,
172 4403 334 4484 ineffabilis,
367 4409 434 4468 etc,
464 4405 499 4458 ad
532 4405 695 4474 exemplum
727 4405 905 4472 lsidorianoe,
926 4378 1402 4472 Ι)ιιιιιιιιιιιιιιιιιιιιιιιιιιιιιι
1429 4401 1627 4470 paenitentiam
1651 4401 1681 4454 in
1707 4401 1810 4456 morbo

69 4470 257 4528 demississimi
287 4490 321 4528 ac
354 4490 422 4528 vero
456 4474 632 4545 poenitentiae
658 4475 763 4530 malleo
795 4476 908 4531 contriti

72 4544 148 4597 animi
162 4545 247 4615 signa
262 4544 417 4615 praelerens
432 4545 674 4601 manifestissime.

97 4614 174 4669 Liber
188 4617 367 4685 epislolarum
384 4633 390 4671 ι
414 4632 537 4687 quarum

98 4683 114 4736 l.
138 4686 310 4741 inscribitur
333 4687 371 4741 ad
393 4690 535 4751 loannem,
557 4687 610 4742 Seu
632 4688 757 4742 Flauium
779 4691 909 4744 loannem

10 4797 13 4803 .
73 4751 162 4810 Paulus
197 4758 332 4812 Alcaeus.
359 4758 476 4812 Initium
509 4764 573 4812 est:
603 4759 689 4826 Nosti,
726 4758 908 4820 dilectissime,

72 4822 180 4886 tonum
195 4827 359 4883 dulcedinis.

101 4979 134 5050 (a)
159 4979 326 5052 Simplicius
360 4983 472 5038 enclocae
495 4983 552 5037 sive
582 4983 695 5049 melosae
722 5000 737 5036 a
766 4984 911 5038 Graecast

10 5064 13 5075 ·
75 5046 161 5106 labeo
180 5049 282 5123 ιγλιγι,
298 5054 403 5122 eplopa,
422 5054 453 5109 id
469 5058 512 5108 est
525 5056 693 5123 opusculum,
719 5054 834 5120 libellus,
851 5057 910 5124 epi·

10 5128 15 5161 ἰ
74 5121 140 5176 ιιιιι.
163 5122 254 5177 Gracci
272 5127 350 5178 enim
366 5127 395 5175 τὸ
410 5143 435 5195 p,
452 5140 560 5193 pamiae
584 5125 716 5179 similiter
730 5124 852 5179 ehertint
871 5131 912 5179 at·

10 5210 14 5243 .·
76 5205 120 5268 qne
143 5193 256 5249 Hebraei
279 5197 309 5246 τὸ
332 5205 361 5262 p,
378 5197 453 5264 hain,
479 5196 561 5266 quasi
585 5196 751 5249 Latinorum
772 5196 910 5263 littereep

10 5260 15 5287 ²
76 5258 203 5332 bqeidum
225 5272 396 5345 praeponant
417 5282 443 5334 n,
461 5273 490 5320 et
510 5282 543 5320 ex
560 5271 682 5337 utroque
698 5266 786 5320 veluti
806 5266 911 5336 duplex

77 5333 204 5409 sentietur
217 5336 312 5391 littera
325 5352 372 5405 up.
398 5337 440 5392 Ad
462 5338 538 5391 banc
553 5337 672 5391 modum
688 5337 767 5390 ellari
783 5353 800 5390 a
815 5337 913 5391 Callae-

77 5415 108 5455 cis
119 5404 237 5460 observo
251 5406 404 5461 uernacula
418 5407 536 5462 nomina
548 5407 577 5461 in
594 5422 627 5462 oa
642 5424 649 5462 τ
666 5423 780 5473 sermore
793 5411 911 5474 oraclon,

10 5485 12 5497 ¹
77 5477 225 5542 antemon,
245 5483 310 5544 etc,
327 5477 410 5548 quasi
424 5478 521 5534 dicant
538 5492 671 5545 sermone,
687 5481 825 5545 oracione,
847 5494 913 5532 con-

75 5543 192 5615 tenena.
209 5548 267 5603 Nec
289 5549 359 5604 alias
377 5549 454 5620 apud
471 5551 582 5605 Graecos
594 5549 686 5603 facilis
711 5555 755 5603 est
777 5549 913 5603 transitus

75 5620 113 5665 :oi
126 5621 156 5686 t,
169 5632 221 5674 sea
236 5616 342 5691 ὑψιλου,
357 5619 388 5674 in
403 5623 425 5672 0
439 5635 561 5690 parvum
587 5619 647 5674 sive
659 5621 789 5688 omicron
809 5622 840 5674 et
861 5617 913 5671 ἀπὸ

74 5691 112 5736 :aa
124 5686 271 5760 misane,
286 5691 398 5745 enebce
411 5691 470 5745 sive
483 5689 599 5758 mahta
612 5689 775 5745 descendat.

224 5776 372 5840 Parnon.
394 5774 508 5840 cxxi.

962 4477 1147 4543 susceperat:
1175 4471 1250 4542 qued
1271 4476 1357 4540 negat
1378 4479 1453 4525 recte
1475 4472 1581 4525 lactum
1608 4475 1748 4541 praesente
1779 4472 1810 4526 in

964 4543 1033 4596 urhe
1045 4543 1188 4613 episcopo.
1208 4542 1268 4595 sine
1283 4543 1344 4621 ejus
1376 4542 1621 4622 licentimlsuper
1640 4542 1811 4623 pseudoepi-

963 4614 1042 4694 scopi
1070 4612 1217 4684 cujusdam
1246 4613 1374 4682 partibus
1412 4613 1563 4667 adhaesisse
1597 4613 1732 4669 Aliarum
1766 4630 1811 4667 rn-

964 4691 1067 4810 nulitlll.
1084 4754 1208 4823 Epistula
1231 4754 1330 4808 dicari
1343 4753 1425 4808 Scuto
1441 4756 1563 4824 episcopo
1587 4754 1700 4809 directa.
1723 4755 1811 4808 Exor-

962 4825 1042 4881 dium
1057 4824 1131 4879 hoc:
1154 4825 1305 4894 Epistulam
1328 4839 1361 4878 ec
1376 4827 1483 4878 nornine
1508 4831 1604 4880 cestro.
1636 4826 1814 4896 improperet

999 4981 1036 5051 (b)
1054 4983 1119 5037 llaec
1135 4997 1191 5034 non
1209 4981 1290 5035 Pauli
1309 4981 1405 5035 Alnari
1427 4989 1480 5046 est,
1498 4983 1545 5036 sed
1570 4985 1668 5038 incerti
1696 4983 1816 5052 episcopi

963 5052 1052 5123 (Sauli
1068 5054 1187 5105 fortasse
1208 5052 1411 5122 Cordubensis)
1432 5055 1614 5108 adiacentem
1631 5055 1700 5107 item
1715 5055 1811 5121 episto·

963 5139 1028 5192 pum
1043 5123 1158 5176 directe.
1176 5123 1320 5193 leguntur
1337 5123 1367 5176 iu
1383 5126 1524 5178 aestatim
1550 5125 1585 5178 ab
1606 5125 1690 5177 initio
1723 5123 1815 5177 uestri

965 5193 1068 5247 verbe:
1094 5194 1134 5247 Et
1148 5193 1219 5260 ideo,
1235 5196 1273 5247 mi
1296 5194 1490 5248 sublimissime
1510 5196 1617 5249 domine
1631 5195 1814 5264 apostolorum

964 5267 1076 5326 nicerte,
1092 5269 1118 5317 et
1132 5280 1222 5317 rcrttm
1235 5267 1340 5333 opificis
1356 5266 1464 5319 Christi
1480 5265 1634 5334 sequipede,
1658 5271 1725 5325 cte..
1772 5282 1815 5319 uae

966 5335 1077 5389 sumum
1092 5334 1215 5404 aliquem
1228 5334 1397 5405 suspicionis
1412 5335 1545 5404 injiciunt
1560 5336 1682 5388 irretitae
1707 5336 1740 5389 ad
1785 5354 1817 5390 o·

967 5421 1084 5458 manum
1104 5406 1268 5475 pontiticem
1294 5406 1408 5476 scripta.
1435 5408 1529 5460 Exstat
1552 5407 1627 5475 apud
1656 5407 1816 5462 Florezium

966 5481 1033 5531 tom.
1053 5476 1096 5541 lli,
1113 5492 1131 5529 a
1144 5491 1209 5545 pap.
1225 5478 1285 5530 iss.

1004 5548 1037 5670 (pp
1052 5546 1197 5617 Repetitio
1212 5547 1327 5601 videtur
1342 5547 1470 5619 ejusdem
1486 5545 1538 5601 rei.

1002 5616 1012 5686 ι
1035 5616 1217 5687 isnppressio
1232 5633 1291 5672 uon
1305 5624 1383 5673 recte
1398 5617 1428 5671 in
1443 5617 1541 5673 codice
1555 5634 1629 5674 meo.

1621 5779 1660 5839 13
