3930 6098
167 237 219 294 333
743 227 923 291 ustuanti
944 226 1173 292 contutatus
1192 223 1347 290 thlltClll
1870 232 1925 291 336

210 355 264 432 Scd
282 372 357 431 unde
371 370 544 430 talisinnata
559 370 806 443 sttpresumptto,
818 371 1023 425 utitomanam
1041 368 1158 441 Ajectis
1184 369 1236 425 sibi
1261 384 1312 441 per
1332 368 1421 424 totius
1446 368 1524 424 orbis
1543 366 1727 424 latitudinem
1747 366 1853 424 Christi
1877 368 1927 424 Ec·

175 481 232 519 non
248 467 400 519 vereantur
416 459 567 517 Ecclesiam
592 459 669 514 falsis
690 464 827 531 oppetere
847 459 1022 514 criminatio·
1074 458 1178 513 clesiis.

174 552 279 608 nibus?
288 549 515 616 Nimiruminde,
531 548 660 620 quodsui
678 562 840 602 mensuram
855 547 1021 619 ignorantes
1111 548 1168 601 lloc
1182 546 1222 601 ita
1233 546 1294 601 fore
1310 553 1339 600 et
1355 545 1512 616 antiquitas
1524 545 1586 617 ipsa
1599 546 1775 617 comprobat,
1792 552 1821 602 et
1848 546 1928 602 litte·

175 648 274 704 status,
300 639 434 695 ambiunt
461 638 515 692 sibi
537 636 681 691 vindicare
704 636 908 707 principatum,
933 652 1020 708 quem
1074 651 1173 689 rarum
1202 634 1381 689 monimenta
1414 635 1596 689 confitentur.
1623 634 1772 707 Siquidem
1796 634 1927 691 Socrates

174 745 226 783 nco
242 727 370 783 Christus
389 727 440 794 eis,
460 741 513 781 nec
528 725 659 796 apostoli,
677 741 728 779 neo
746 724 933 779 Ecclesiarum
960 741 1020 779 ma·
1074 724 1104 778 in
1120 724 1244 780 Historia
1267 723 1456 778 ecclesiastica
1476 722 1601 777 scribens
1621 723 1656 777 de
1671 724 1795 790 Arianis,
1821 724 1871 796 qui
1894 725 1925 780 in

173 817 265 887 gistri,
299 831 352 870 nec
383 815 442 869 ulla
476 814 654 868 consuetudo
675 813 843 880 contribuit,
866 813 915 868 sed
942 812 1021 867 itlius
1074 812 1225 868 Antiochia
1247 813 1334 884 Syriae
1349 813 1492 883 synodum
1515 813 1689 883 collegerant
1711 812 1747 867 ad
1764 812 1926 869 subversio-

173 905 333 959 imitatores
357 903 459 970 allecti,
476 902 526 973 qui
541 901 653 956 dicebat
674 901 705 955 in
719 901 803 955 corde
818 918 889 956 suo:
916 906 1019 957 Asson·
1074 917 1151 968 uem,
1177 906 1264 973 atque
1286 901 1509 956 destructionem
1532 900 1640 955 Niceeni
1662 900 1786 967 concilii,
1810 907 1839 955 et
1859 918 1927 955 corr·

173 994 237 1048 dum
256 1008 337 1061 super
358 991 533 1045 altitudinem
552 990 677 1058 nubium,
700 996 726 1044 ct
750 1004 832 1060 super
850 989 942 1044 sidera
959 992 1021 1046 coele'
1074 989 1288 1044 damnationem
1302 988 1464 1056 Athanasii;
1481 995 1635 1060 postquam
1648 995 1925 1045 commemoraverat

157 1074 300 1137 'caaltubo
320 1081 417 1136 solium
431 1094 517 1133 mcum
530 1093 536 1133 :
550 1093 649 1148 pontem
663 1093 746 1147 super
759 1078 933 1133 altitudinem
945 1094 1020 1132 mon·
1075 1079 1221 1149 praesules,
1236 1094 1360 1151 quorum
1372 1079 1540 1132 auctoritate
1551 1077 1675 1149 synodus
1689 1078 1807 1132 collecta
1821 1078 1924 1138 luerat

174 1172 252 1232 tium,
286 1174 312 1224 et
338 1171 367 1223 iu
393 1170 526 1224 lateribus
558 1168 703 1237 Aquitanis
727 1167 815 1221 sedem
836 1182 931 1221 meam.
962 1168 1021 1222 Ero
1075 1166 1240 1238 subjunxit:
1273 1189 1286 1216 ιι
1314 1166 1367 1222 Sed
1401 1184 1495 1239 neque
1519 1166 1611 1222 tulius
1637 1167 1769 1221 interluit
1791 1168 1926 1222 maximae

172 1259 271 1311 similis
295 1258 437 1312 ditissimo
459 1258 525 1327 (lca.
548 1273 604 1324 arv,
633 1258 675 1319 li,
700 1255 753 1325 ti).
775 1254 849 1320 Quid
872 1256 950 1309 enim
973 1254 1021 1309 isti
1075 1256 1172 1310 Romae
1188 1257 1303 1326 praesul,
1325 1272 1420 1327 neque
1440 1256 1468 1310 in
1485 1256 1580 1310 locum
1596 1271 1680 1310 suum
1696 1255 1823 1326 aliquem
1839 1255 1925 1310 desti·

172 1344 335 1399 Graecorum
347 1344 491 1415 principes
503 1343 580 1398 atiud
593 1343 744 1398 altitudine
753 1343 846 1397 cordis
854 1342 898 1398 sui
909 1342 1019 1409 dicunt,
1075 1344 1165 1412 navit;
1191 1360 1256 1398 curn
1279 1344 1378 1416 utique
1405 1344 1506 1415 regula
1534 1344 1724 1398 ecclesiastica
1742 1343 1844 1415 jubeat
1864 1359 1924 1398 non

173 1432 223 1504 qni
239 1433 368 1487 Ecclesiae
383 1432 437 1486 sibi
451 1432 645 1503 principatum
661 1435 810 1501 usurpant,
831 1435 859 1484 et
881 1430 1022 1501 apostolo·
1074 1438 1206 1504 oporterc
1227 1439 1331 1503 promer
1351 1433 1521 1486 seutentiam
1545 1431 1665 1487 Romani
1689 1432 1832 1503 pontilicis
1855 1447 1923 1486 con-

172 1517 237 1576 runt
258 1522 464 1576 sublimitatem
489 1521 572 1591 (quos
594 1519 837 1590 lsaiaspropheta
862 1519 952 1573 nubes
971 1534 1019 1571 vo·
1074 1522 1140 1576 cilia
1166 1521 1304 1576 celebrari
1332 1537 1352 1576 ι.
1378 1542 1392 1570 o
1420 1523 1487 1575 Ecce
1505 1520 1561 1574 fuit
1583 1520 1629 1573 hic
1652 1521 1765 1575 Craecus
1786 1519 1923 1574 historio·

172 1610 262 1664 lantes
277 1609 414 1680 appellat)
429 1609 483 1664 sibi
497 1608 657 1663 vindicant:
676 1608 823 1679 cupientes
842 1607 944 1661 sotium
961 1623 1019 1661 suae
1075 1610 1212 1680 graphas,
1238 1626 1290 1664 nec
1318 1616 1414 1664 tamen
1442 1610 1721 1679 Constantinopolim
1748 1608 1819 1663 dicit
1846 1612 1923 1662 tauta

170 1697 319 1768 dignitatis
338 1713 427 1768 super
449 1701 524 1751 astra
544 1697 608 1752 cccli
631 1712 816 1767 componere,
832 1695 916 1749 idest
939 1694 1018 1748 onrni
1038 1668 1182 1770 Bpollere
1207 1698 1378 1753 auctoritate
1400 1698 1486 1753 vetati
1513 1698 1648 1764 Ronrem;
1679 1698 1837 1752 testificans
1863 1697 1923 1751 sine

170 1793 333 1841 sanctorum
355 1785 442 1841 coetui
463 1786 609 1857 praelerre,
632 1790 661 1839 et
679 1784 909 1855 patriarcharum
932 1800 1018 1837 vene·
1073 1787 1194 1842 Romani
1207 1787 1349 1858 pontilicis
1365 1788 1406 1841 sel
1419 1803 1537 1840 assensu
1551 1787 1593 1840 vel
1606 1785 1736 1857 jussione
1748 1786 1828 1839 nulla
1842 1801 1922 1855 posse

169 1877 312 1930 rationem
346 1891 499 1946 usurpare;
529 1880 670 1945 quatenus
701 1875 781 1928 omui
809 1873 931 1928 Ecclesia
964 1872 1017 1926 sibi
1072 1875 1194 1930 concilia
1209 1875 1358 1929 celebrari.

170 1965 296 2034 subjecta
310 1963 423 2019 Christo
444 1963 552 2018 similes
577 1960 756 2017 efficiantur:
782 1978 847 2016 corn
866 1961 1018 2015 nullama·
1108 1963 1451 2017 lnconcilioTardicensi
1476 1965 1548 2032 (cap.
1579 1967 1603 2027 7,
1627 1979 1660 2016 ex
1684 1961 1922 2032 interpretatione

166 2052 265 2123 jorum
280 2052 436 2106 auctoritas
450 2051 505 2104 hoc
520 2052 560 2105 eis
572 2052 745 2117 contribuat,
764 2067 815 2104 nec
829 2049 1018 2104 ecclesiastica
1073 2052 1200 2122 Dionysii
1223 2051 1401 2122 Exiguittati
1427 2052 1510 2106 modo
1535 2053 1679 2105 sancitur:
1711 2073 1721 2101 ι
1752 2051 1873 2117 Placuit,
1891 2054 1920 2104 ut

167 2139 522 2210 juracouccdant,reru1n
539 2155 591 2193 uec
604 2140 739 2193 humanae
759 2139 837 2210 leges
852 2138 1018 2193 ascribant?
1072 2141 1095 2195 si
1111 2142 1261 2211 episcopus
1280 2147 1425 2194 actiusetus
1444 2140 1541 2202 luerit,
1563 2145 1592 2194 et
1608 2156 1709 2194 omnes
1730 2139 1922 2209 judicaverint

169 2229 237 2293 Quas
252 2231 353 2282 cuncta
368 2227 421 2281 sibi
436 2227 582 2282 vindicare
598 2227 670 2281 velle
684 2226 868 2296 potissimum
881 2242 1018 2297 compro·
1071 2229 1238 2300 congregati
1255 2229 1380 2300 episcopi
1397 2229 1523 2300 regionis
1539 2229 1639 2300 ipsius,
1660 2234 1689 2283 et
1706 2228 1741 2282 de
1757 2229 1853 2298 gradu
1867 2243 1917 2283 suo

169 2317 248 2381 bant,
266 2317 345 2388 quod
365 2316 559 2396 patriercham
582 2315 931 2388 Constantinopolitanum
946 2332 1018 2386 prm·
1073 2334 1140 2372 eum
1156 2317 1331 2388 dejecerint:
1349 2318 1371 2371 si
1387 2319 1574 2389 appellaverit
1589 2316 1639 2388 qui
1654 2317 1780 2387 dejectus
1797 2317 1919 2383 videtur,

168 2422 277 2476 ponere
303 2406 433 2460 Romano
453 2403 582 2476 pontifici
601 2404 740 2475 gestiunt,
766 2411 793 2459 et
816 2404 919 2459 urbem
942 2403 1016 2459 Con·
1072 2406 1275 2477 etconingerit
1296 2406 1329 2461 ad
1346 2406 1544 2461 beatissimum
1561 2405 1691 2460 Ecclesia
1705 2405 1844 2460 Romana
1860 2404 1921 2475 epi·

169 2493 387 2564 stantiuopolim
398 2493 495 2547 Romae
506 2492 640 2564 praeferre
656 2498 957 2565 conantur,tanqaam
973 2494 1017 2548 sui
1072 2511 1202 2567 scopum.
1227 2500 1255 2550 et
1274 2496 1398 2551 soluerit
1421 2512 1450 2550 se
1465 2495 1578 2550 audiri:
1595 2495 1618 2548 si
1631 2495 1742 2566 justum
1766 2494 1918 2566 putaverit,

165 2582 241 2655 juris
263 2583 366 2636 existat
393 2583 471 2652 leges
498 2582 702 2637 ecclesiastices
726 2582 892 2649 immutare,
919 2586 948 2636 et
971 2596 1016 2636 re·
1072 2590 1103 2638 ut
1127 2590 1281 2639 renovetur
1306 2600 1436 2648 eramen,
1464 2585 1589 2639 scribere
1616 2582 1758 2654 episcopis
1784 2583 1920 2654 dignetur

168 2687 293 2743 gnarum
310 2670 419 2741 apicem
436 2670 600 2740 disponere.
1072 2673 1220 2727 Romanus
1237 2672 1388 2743 episcopus
1403 2672 1447 2726 his
1463 2671 1553 2743 quiin
1567 2672 1692 2726 linitima
1707 2675 1737 2726 et
1755 2672 1921 2744 propinqua

204 2761 366 2815 Meminisse
389 2765 486 2814 tarnen
509 2759 670 2813 debuerant
692 2759 836 2814 Christum
859 2759 946 2813 totius
963 2759 1017 2814 Ec·
1070 2761 1318 2832 alteraprovincia
1333 2766 1410 2830 sunt,
1425 2765 1456 2814 at
1470 2759 1524 2831 ipsi
1539 2760 1694 2831 diligenter
1708 2760 1808 2815 omnia
1822 2762 1919 2833 requi·

168 2849 261 2903 clesiae
282 2854 369 2919 caput
385 2849 514 2916 existere,
540 2852 569 2902 et
591 2847 618 2901 ei
633 2849 747 2902 Patrem
768 2863 821 2917 per
843 2848 1015 2919 Prophetam
1071 2855 1143 2917 rant,
1158 2855 1190 2903 ut
1211 2849 1292 2920 juxta
1313 2850 1400 2904 tidem
1419 2848 1546 2904 veritatis
1559 2848 1657 2903 onrrria
1672 2847 1821 2903 deliniant.
1837 2849 1919 2915 Quod

166 2937 292 2993 dixisse:
319 2938 393 2992 ttubo
413 2937 464 2991 tibi
488 2941 578 3003 pentes
598 2937 782 2992 hereditatem
798 2943 888 3004 tuam3
903 2943 928 2992 et
949 2953 1017 3007 pos·
1036 2939 1096 3024 Cei
1110 2938 1134 2992 is
1157 2928 1207 3009 qui
1232 2945 1313 3009 rogat
1336 2954 1449 2992 causam
1476 2954 1557 2992 suam
1572 2938 1677 2992 iterum
1693 2937 1799 3005 audiri,
1817 2938 1919 3012 depre-

167 3029 310 3082 sessionem
334 3032 408 3081 tuam
427 3029 555 3081 terminos
579 3032 658 3081 terre
681 3027 766 3098 (Psoi.
789 3043 818 3092 ιι,
845 3025 882 3098 8).
904 3027 1016 3097 lpsuns·
1070 3027 1182 3082 catione
1207 3043 1259 3081 sua
1290 3026 1414 3081 moverit
1440 3026 1607 3098 episcopum
1643 3026 1817 3092 Romanum,
1846 3033 1919 3083 ute

167 3132 223 3188 que
238 3116 298 3170 iore
319 3116 444 3186 lapidem
458 3115 614 3170 abscissam
628 3116 663 3171 de
678 3119 776 3170 monte
793 3114 855 3170 sine
870 3114 1013 3180 manibus,
1069 3116 1157 3170 latere
1172 3133 1224 3170 suo
1239 3115 1422 3187 presbyteros
1437 3115 1543 3186 mittat,
1559 3115 1614 3169 erit
1628 3114 1658 3169 in
1671 3118 1813 3185 potestate
1828 3114 1918 3186 ipsias

167 3205 217 3275 qni
239 3204 421 3274 confregerit.
445 3203 527 3260 etin
552 3205 699 3274 pulverem
722 3203 866 3276 redegerit
881 3204 1015 3259 universa
1069 3205 1137 3276 quid
1153 3204 1220 3260 velit
1239 3204 1348 3276 etquid
1366 3203 1499 3260 estimet.
1527 3205 1558 3260 Et
1581 3203 1604 3258 si
1630 3203 1787 3258 decreverit
1800 3204 1918 3259 mitten.

166 3293 573 3364 ragnemundi(Mattb.xv1.
592 3293 647 3362 ts).
663 3293 816 3363 Ipsumque
832 3292 916 3346 Petro
932 3291 1015 3346 dixis·
1068 3294 1119 3349 dos
1145 3310 1205 3348 esse
1234 3293 1285 3365 qui
1308 3299 1462 3365 presentes
1487 3309 1552 3348 cum
1568 3291 1708 3364 episcopis
1727 3292 1870 3363 judicent,
1887 3301 1918 3348 ut

165 3398 215 3436 se:
245 3385 285 3437 Tu
311 3398 338 3436 cs
365 3385 472 3448 Petrus,
495 3387 520 3435 et
546 3382 720 3450 superbona
743 3386 848 3450 petram
871 3378 1014 3450 aedificabo
1067 3382 1194 3437 habeant
1218 3383 1303 3436 etiam
1334 3382 1533 3437 auctoritatem
1561 3398 1692 3452 personae
1713 3381 1793 3436 illius
1816 3398 1835 3436 a
1859 3399 1915 3454 qno

165 3472 311 3526 Ecclesiam
341 3484 447 3524 mam:
477 3475 502 3524 et
523 3475 611 3540 porte
637 3471 723 3535 inferi
749 3484 803 3523 non
828 3469 1014 3537 prevalebunt
1067 3470 1203 3527 destinati
1227 3475 1304 3538 sunt,
1321 3470 1375 3524 erit
1393 3469 1642 3541 inejusarbitrio.
1661 3469 1772 3526 sivero
1788 3470 1915 3526 credide-

164 3558 296 3612 adccrsus
309 3573 378 3612 eam.
393 3557 433 3611 Ει
448 3557 498 3611 tibi
509 3557 579 3612 dabo
594 3558 681 3612 claues
695 3558 774 3624 requi
788 3557 922 3612 caurum.
939 3558 1012 3612 Pau·
1066 3558 1104 3613 rit
1127 3558 1257 3613 sufficere
1285 3558 1434 3630 episcopos
1448 3557 1649 3629 provinciales¹
1675 3565 1707 3613 ut
1728 3559 1845 3629 negotio
1860 3565 1916 3614 ter·

163 3647 224 3700 lum
242 3661 356 3717 quoque
372 3646 592 3700 testificantem:
619 3646 672 3713 Qui
684 3649 811 3715 operatus
834 3649 874 3700 est
891 3647 969 3700 Petro
983 3648 1013 3701 in
1068 3647 1178 3703 minum
1197 3646 1358 3718 imponant,
1375 3647 1461 3702 faciat
1475 3646 1552 3717 quod
1570 3646 1781 3718 sapientissimo
1798 3647 1916 3702 consilio

163 3736 344 3804 apostolatum
367 3736 578 3790 circumcisionis
600 3739 726 3804 operatus
743 3738 783 3789 est
806 3738 832 3789 et
852 3736 922 3789 nihi
941 3737 1014 3790 inter
1065 3753 1116 3792 sao
1143 3735 1324 3808 judicaverit.
1348 3757 1362 3786 o
1388 3738 1445 3792 llos
1473 3734 1627 3790 concilium
1654 3735 1689 3790 ab
1719 3736 1916 3791 Orientalibus

162 3829 252 3892 pentes
266 3823 340 3894 (Gai.
362 3841 394 3890 ιι,
410 3826 447 3893 8).
464 3823 541 3889 Quos
557 3824 657 3879 ambos
672 3823 701 3877 in
719 3823 843 3878 Ecclesia
863 3823 1012 3895 principa·
1066 3826 1206 3898 episcopis
1226 3827 1257 3880 in
1280 3825 1351 3882 Asiae
1370 3824 1515 3897 provincia
1530 3826 1543 3868 b
1559 3828 1682 3894 gestum,
1699 3823 1796 3878 taliter
1811 3823 1846 3877 dc
1860 3824 1916 3879 lto·

161 3918 225 3968 tum
252 3929 269 3967 a
295 3912 408 3968 Christo
438 3912 560 3983 positos,
593 3916 622 3967 et
649 3912 747 3966 llomae
780 3911 913 3980 directos,
944 3928 1010 3966 cum
1065 3915 1144 3970 mani
1166 3914 1310 3986 pontilicis
1333 3913 1473 3985 dignitate
1495 3911 1621 3967 decrevit
1642 3913 1696 3967 sub
1711 3911 1843 3967 Romano
1859 3912 1915 3966 im·

161 4002 349 4058 ecclesiastica
373 4001 487 4068 veritas,
511 4006 574 4056 tum
597 4000 689 4072 ipsius
708 3999 848 4072 passionis
869 4005 1012 4055 monstrat
1064 4007 1194 4074 peratore
1225 4001 1409 4056 Constantino
1443 4001 1557 4072 blagno,
1591 3999 1643 4072 qui
1670 3999 1815 4055 civitatem
1845 4001 1915 4056 Con·

160 4091 324 4145 auctoritas.
356 4091 429 4144 Illac
452 4105 577 4160 nemque
602 4087 686 4143 ambo
710 4087 855 4159 principes
876 4093 945 4143 sunt
965 4088 1010 4142 di·
1063 4090 1278 4162 stantiuopolim
1308 4089 1469 4157 aedificavit,
1493 4088 1644 4161 voluitque
1676 4088 1826 4144 iuniorem
1858 4089 1912 4144 lto·

159 4179 241 4245 recti,
270 4178 319 4234 ubi
346 4177 525 4249 principatus
554 4176 701 4231 eminebat
722 4176 840 4233 mundi:
866 4182 1009 4248 quatenus
1065 4195 1141 4234 mam
1177 4178 1303 4233 vocitari.
1339 4178 1414 4233 Num
1444 4178 1478 4232 de
1511 4177 1831 4248 Constantinopolitano
1865 4177 1914 4233 Pa·

160 4267 289 4321 Romana
308 4266 417 4330 civitas,
441 4266 515 4321 sicut
529 4265 673 4337 imperiali
688 4266 818 4337 potentia
838 4272 933 4321 totum
952 4266 1006 4321 sibi
1024 4267 1185 4325 litriarcha
1204 4266 1259 4321 tale
1283 4265 1353 4338 quid
1376 4266 1410 4320 ab
1425 4264 1568 4337 episcopis
1582 4265 1690 4337 legitur
1704 4264 1912 4321 constitutum?

159 4353 320 4425 subjecerat
333 4353 442 4420 orbern,
459 4354 499 4409 sic
519 4353 666 4424 religionis
680 4353 817 4421 culmine,
842 4359 871 4409 ct
891 4358 1006 4424 aposto·
1061 4354 1211 4411 Cernimus
1241 4354 1360 4409 omnino
1385 4353 1510 4408 Romani
1541 4352 1686 4424 pontilicis
1710 4353 1910 4409 auctoritatem

158 4442 233 4497 latus
249 4442 401 4514 dignitate,
424 4442 512 4498 totius
536 4442 639 4497 mundi
657 4442 754 4514 regnis
769 4442 947 4514 praesideret.
974 4443 1007 4498 Et
1060 4459 1147 4514 super
1161 4447 1276 4498 cunctas
1296 4442 1434 4497 Ecclesiae
1458 4441 1562 4497 Christi
1586 4441 1784 4514 prenominato,
1801 4447 1834 4496 ut
1846 4443 1912 4511 {om-

157 4531 231 4586 sicut
253 4530 343 4586 voluit
370 4531 500 4587 Salvator
524 4531 748 4602 hierosolymam
772 4530 920 4585 nativitate
942 4546 1004 4599 sua,
1060 4547 1111 4587 nes
1135 4530 1263 4603 episcopi
1284 4530 1367 4585 illum
1390 4529 1515 4584 babeant
1533 4534 1629 4602 caput,
1652 4535 1682 4584 et
1700 4530 1737 4584 ad
1756 4529 1910 4602 ojusjudi·

156 4618 296 4687 doctrina,
321 4619 476 4688 miraculis,
504 4624 609 4688 morte,
632 4621 790 4690 sepultura,
822 4621 1006 4677 resurrectio·
1059 4619 1136 4675 cium
1160 4619 1284 4690 pendeat
1299 4618 1439 4690 quidquid
1455 4617 1484 4673 in
1498 4617 1697 4691 ecclesiasticis
1713 4618 1839 4689 negotiis
1853 4617 1910 4674 dis·

157 4724 251 4779 neque
263 4708 382 4763 reddere
395 4708 558 4775 sublimem,
570 4707 705 4763 sicetiam
721 4708 829 4779 delegit
843 4710 1005 4765 Romanam
1059 4707 1192 4779 ponitur;
1209 4714 1240 4762 ut
1258 4724 1293 4762 ex
1308 4707 1371 4778 ejus
1385 4705 1504 4761 arbitrio
1520 4707 1564 4761 rel
1584 4707 1908 4774 maneatconstitutnm,

156 4796 257 4851 urbem
277 4797 474 4868 apostolorum
498 4797 663 4868 principum
685 4796 836 4868 sanguine,
860 4796 1005 4869 sepulcro,
1059 4797 1103 4852 vel
1131 4796 1293 4866 corrigatur
1318 4800 1456 4863 erratum,
1481 4796 1525 4850 rel
1548 4795 1693 4851 sanciatur
1714 4796 1909 4870 quodcunque

156 4885 305 4950 memoria,
320 4885 462 4953 doctrina,
477 4885 598 4940 reddare
618 4884 793 4956 gloriosam:
811 4889 843 4939 ut
866 4885 1004 4956 quoniam
1058 4885 1145 4941 fuerit
1158 4885 1366 4940 innovandum.

155 4973 285 5030 Christus
301 4974 461 5029 Jerusalem
482 4973 605 5028 coelestis
625 4973 655 5028 in
675 4973 773 5028 dextra
796 4972 888 5028 Patris
911 4971 1004 5028 consi·
1092 4975 1223 5028 Testatur
1245 4977 1273 5028 et
1300 4965 1515 5028 hoc'Ensebius
1540 4972 1721 5027 Cesarieusis
1744 4957 1910 5046 epsscopns,

156 5062 236 5131 dens,
252 5064 312 5118 nex
327 5067 355 5118 et
376 5062 514 5117 Dominus
528 5063 686 5116 honoratur
704 5060 872 5132 angelorum
888 5065 917 5116 ct
937 5078 1003 5116 san·
1058 5062 1150 5133 quiin
1174 5061 1293 5116 historie
1309 5062 1344 5116 ds
1368 5062 1431 5117 Vita
1451 5062 1580 5117 Silvestri
1595 5063 1673 5131 (Vita
1692 5077 1743 5118 ms.
1764 5078 1855 5134 supra
1878 5066 1911 5118 ci

154 5156 266 5207 aarum
295 5151 428 5206 omnium
454 5151 609 5218 tamulatn;
639 5149 680 5205 sic
711 5151 813 5205 Petrus
840 5155 869 5206 et
897 5151 1002 5206 Paulus
1057 5148 1254 5220 tctalsicait:
1286 5171 1300 5199 n
1325 5149 1432 5214 Quarta
1456 5150 1502 5204 die
1527 5149 1685 5220 imperator
1704 5151 1911 5206 Constantinus

152 5237 311 5294 ierusalem
330 5237 542 5311 peregrinantis
563 5237 692 5293 obtineat
710 5237 916 5309 principatum,
939 5238 1004 5293 suh·
1056 5238 1241 5311 priuilegium
1258 5238 1387 5293 Ecclesiae
1413 5239 1549 5294 Romanae
1566 5238 1698 5310 pontilici
1719 5239 1854 5308 contulit,
1868 5238 1912 5296 uti

189 5362 356 5430 ‘Socrates
383 5363 433 5419 lib.
452 5380 481 5432 n,
502 5379 564 5434 cap.
588 5365 630 5431 ιι,
654 5361 748 5431 med.;
767 5362 817 5419 sed
832 5362 896 5418 aliis
907 5363 1002 5419 verbis
1056 5363 1230 5417 llatramnus
1244 5361 1400 5430 Serdicam,
1416 5362 1475 5417 sire
1499 5361 1656 5427 Serdicam,
1680 5378 1747 5417 crim
1767 5363 1911 5421 Sardibus

154 5445 270 5487 sensum
291 5433 434 5505 exprimit.
1056 5431 1193 5490 corriudit.

189 5504 249 5558 bln
272 5508 348 5560 Asia
360 5507 513 5575 prooimia.
537 5507 734 5576 Nequaquam,
755 5503 803 5558 sed
823 5503 853 5557 in
868 5503 1000 5575 lllyrico:
