3930 6098
816 215 1123 274 unntiuomuitttt.
1788 216 1840 271 aaa

232 363 286 417 llas
316 377 432 434 quoque
461 359 541 431 virgo
571 358 627 414 sibi
660 357 770 412 maritis
799 355 939 411 Leucadia
957 356 1110 413 11111118
1135 350 1339 417 Quindecimus
1367 352 1483 406 demum
1506 361 1517 386 ⁰
1545 352 1676 424 hlcysetis
1699 353 1840 424 sanguine

824 443 936 518 [sancit.

266 550 298 602 la
317 546 501 613 ¹lleramiria,
523 545 615 600 natale
638 545 727 599 sanati
750 544 860 609 Donati,
882 543 938 597 Va·

305 637 423 690 lentina.

104 729 157 782 Dies
177 728 208 781 to
234 724 373 780 Eulaliam
387 726 484 777 sancto
500 721 610 792 quartis
624 735 797 775 veneramur
812 734 919 786 amore,

234 811 400 883 Hispaniam
424 810 577 865 Emeritam
602 809 684 881 cujus
705 824 790 863 cruor
818 822 939 878 ossaque

803 896 938 967 [servant.

269 991 304 1044 Et
318 988 411 1043 notarie
425 987 514 1042 sancti
527 987 640 1040 Damasi
652 1000 742 1055 popa.

187 1082 213 1134 11
234 1076 396 1133 Romulidae
410 1075 525 1130 Damasi
537 1083 550 1108 ²
564 1074 654 1128 ternis
669 1072 807 1128 solemnia
822 1087 904 1144 papea

235 1167 411 1232 Occurrunt,
440 1162 620 1234 parilemque
650 1161 735 1215 simul
764 1159 938 1223 victoricus,

842 1245 939 1317 [atque

236 1341 390 1396 Fascianus
404 1342 416 1383 ¹1
430 1339 537 1394 habent
551 1337 615 1393 festi
629 1337 746 1408 votique
762 1335 886 1389 nitorem

234 1428 374 1485 ambiana
389 1426 482 1480 virent
500 1440 622 1497 quorum
644 1440 720 1477 nuuc
738 1438 808 1477 rora
826 1437 937 1476 errrore.

268 1528 367 1590 Dama,
394 1524 486 1577 natale
509 1523 599 1576 satiati
622 1519 784 1588 Capitulini,
815 1523 841 1573 et
870 1521 940 1573 Pra-

304 1616 412 1668 tentati.
429 1613 463 1666 In
478 1611 599 1680 spaniis,
615 1611 704 1663 soracti
717 1609 826 1662 Eurioi.

181 1707 217 1758 ti
236 1704 439 1772 Hermogenes,
468 1701 606 1764 Donatus,
632 1697 677 1751 bis
701 1695 825 1767 denique
853 1709 937 1748 coru·

851 1782 943 1854 [scant

235 1881 307 1935 Tum
334 1878 425 1950 pridie
454 1882 482 1931 et
508 1875 579 1943 bini,
609 1874 762 1946 conjuncto
791 1871 940 1942 sauguine,

827 1958 940 2032 [sancti.

271 2067 304 2119 ln
346 2065 460 2134 Spaniis
502 2064 613 2118 ciuitate
651 2059 807 2141 almerita,
850 2056 943 2111 natale

306 2156 396 2208 sancti
410 2153 595 2220 Hermogenis.

190 2244 220 2297 13
238 2241 303 2296 idus
318 2241 453 2312 Syracusa
468 2239 528 2306 tibi,
547 2237 642 2304 Lucia,
659 2235 772 2302 dicarit,

239 2331 421 2385 Paschasium
445 2328 550 2384 Christi
573 2344 626 2397 pro
650 2325 767 2380 uomina
789 2339 874 2394 passa
900 2329 942 2393 ty-

797 2412 942 2483 [rannum,

239 2506 361 2578 Spiritus
394 2505 573 2561 immobilem
608 2518 695 2575 quam
729 2507 844 2556 sanctus
876 2500 945 2554 lecit

823 2587 944 2660 [iniquis

239 2685 302 2739 Esse
324 2683 393 2739 airis
418 2699 425 2737 :
450 2681 560 2752 ludoch
584 2679 692 2752 pariter
715 2677 875 2749 colerisque
898 2693 943 2730 sa·

834 2766 944 2838 [cardos

242 2860 370 2932 Egregie,
386 2859 491 2915 Oceani
505 2859 613 2914 cedunt
627 2857 673 2912 cui
688 2872 762 2927 saepe
775 2855 920 2927 procellae.

194 2950 223 3002 ll
241 2950 353 3003 Nonum
368 2964 433 3002 cum
449 2947 559 3002 decimo
576 2946 640 3002 lani
657 2947 690 3001 de
708 2961 786 2999 more
804 2942 945 2998 Kalendas
964 2972 984 3027 C

242 3036 294 3100 Qut
308 3040 400 3104 vocat,
416 3036 533 3089 antistes
548 3034 674 3089 Nicasius
690 3039 777 3103 auget
791 3033 902 3087 honore
918 3047 925 3084 ι

240 3123 444 3195 spiridionque
464 3123 511 3178 dic
531 3124 635 3194 praesul
655 3123 815 3177 celebratur
831 3120 943 3175 eodem.

274 3221 404 3288 trauan·
432 3221 595 3287 Galliarum,
619 3222 710 3277 sanati
740 3221 861 3274 Victoris
888 3219 944 3287 epi-

310 3326 354 3365 111
375 3326 394 3364 ι.

195 3399 224 3452 15
242 3327 378 3453 caninii
393 3413 459 3453 cum
474 3397 547 3452 deno
561 3397 712 3451 Maximine
725 3401 860 3462 retentas,

244 3486 396 3545 aureliana
411 3486 490 3540 leran
504 3485 634 3556 praebent
650 3485 697 3538 cui
712 3500 780 3538 rura
793 3485 908 3555 lyaeum.

194 3576 224 3629 tt
242 3575 326 3630 'serni
351 3578 468 3645 septeno
493 3579 522 3628 et
543 3572 653 3629 decimo
673 3572 758 3646 pueri
782 3587 945 3627 memoran-

887 3665 934 3714 tur

241 3752 333 3823 impia
345 3750 396 3824 qui
410 3750 519 3822 Assyrii
533 3754 691 3806 temserunt
701 3749 781 3822 jussa
794 3659 917 3820 tyraniii,
937 3702 945 3728 ’

241 3841 370 3906 Quorum
392 3856 443 3894 noc
464 3840 609 3909 crepitans
628 3838 718 3893 valuit
742 3842 849 3892 terrere
873 3834 945 3890 lide-

888 3924 946 3979 lem

242 4020 486 4089 Constantemque
518 4017 648 4072 animum
676 4015 799 4071 fornacis
829 3925 946 4068 11111111

803 4103 944 4175 [furentis.

278 4206 436 4260 Aurelianis
467 4207 598 4275 ciuitate,
626 4206 715 4259 sanati
741 4204 859 4259 Maaimi
886 4203 946 4270 epi-

312 4296 397 4363 scopi.
967 4272 988 4326 Ῑ)

196 4382 223 4435 lt
243 4381 371 4452 Ignatius
387 4386 501 4436 sauctus
515 4382 591 4437 deno
607 4385 743 4452 sextoque
759 4379 929 4448 triumphat,

242 4470 427 4525 hnhoehenae
447 4471 526 4525 orbis
548 4474 654 4541 pastor,
676 4473 851 4541 martyrque,
871 4467 947 4521 fere-

884 4571 947 4609 rum

242 4647 332 4712 Quem
361 4646 462 4702 dentes
489 4662 596 4718 panem
621 4645 718 4700 vivum
745 4645 838 4701 iecore
868 4553 947 4698 :[se·

810 4734 949 4804 [quantur

243 4823 334 4889 Quem
361 4824 424 4879 luso
449 4823 486 4879 ob
510 4823 654 4879 Christum
679 4823 779 4889 liuius,
803 4822 947 4876 Zosimus-

752 4911 820 4982 [que
834 4925 946 4965 cruore.

959 1672 979 1726 B

277 5004 314 5057 Et
327 5004 418 5058 saneti
435 5003 582 5058 Valentini.

1136 528 1207 584 Hinc
1235 527 1374 583 Phoebum
1399 528 1506 601 duplici
1532 442 1840 599 Capricornus[v?irtilearte

1724 617 1840 689 [gestat.

1170 716 1203 768 ln
1234 715 1353 781 Africa,
1386 715 1478 768 natale
1509 719 1664 770 sanatorum
1705 713 1840 782 Victoris,

1206 804 1340 857 Honorati
1353 807 1378 857 ct
1398 802 1535 857 Vincenti.

1084 893 1116 945 19
1135 890 1275 955 Quartum
1300 907 1364 945 curu
1389 891 1463 946 deno
1489 890 1627 959 Zosimus,
1653 890 1841 962 Duriusque‘¹

1702 979 1839 1051 [coronat.

1170 1081 1204 1135 ln
1235 1080 1318 1135 Nicea
1349 1080 1460 1134 ciuitate
1491 1078 1637 1148 Ditlryniae,
1672 1080 1783 1146 Zosimi,
1816 1084 1842 1134 et

1206 1169 1296 1223 Pauli.

1082 1257 1117 1312 20
1135 1257 1227 1312 ’11111
1251 1272 1317 1311 111
1343 1256 1417 1311 deno
1439 1255 1568 1324 antistes,
1593 1255 1730 1321 Zelerine,
1756 1272 1842 1311 coru-

1756 1344 1838 1416 [scas.

1172 1434 1271 1492 Natale
1284 1439 1384 1489 serietas
1399 1433 1513 1488 illecta.

1082 1526 1114 1578 21
1136 1523 1276 1577 Τ11111111
1299 1523 1415 1577 Thomoe
1436 1522 1562 1576 celebrat
1582 1519 1734 1575 duodenus
1747 1520 1840 1575 hanc-

1753 1606 1839 1681 [rrm,

1136 1703 1305 1770 Aureaque
1325 1702 1463 1754 structore
1484 1697 1534 1752 Dei
1555 1713 1726 1769 cognoscere
1750 1697 1841 1752 hene·

1769 1783 1840 1858 [rem

1136 1877 1218 1933 India
1231 1875 1403 1948 promeruit,
1420 1875 1509 1946 siguis
1528 1878 1698 1929 caminata«
1714 1879 1841 1929 tremen-

1775 1962 1840 2033 [dis.

1138 2052 1276 2124 (Salariae
1303 2052 1350 2107 liic
1379 2051 1502 2107 Plioebus
1521 2053 1610 2106 celsos
1634 2067 1764 2106 remeare
1791 2066 1843 2122 per

1767 2139 1843 2211 [axes

1138 2230 1248 2302 incipit,
1266 2229 1332 2285 hiuc
1347 2229 1472 2300 gelidam
1488 2229 1615 2300 primum
1638 2245 1791 2284 conversus
1807 2228 1842 2283 ad

1707 2316 1843 2389 tarcian.)

1083 2411 1118 2462 2‘2
1139 2405 1327 2462 Undecimum
1341 2406 1466 2461 celebrat
1479 2407 1590 2462 triceno
1602 2411 1727 2478 martyre
1741 2404 1841 2460 Roma.

1172 2507 1205 2561 ln
1219 2507 1375 2572 Antiochia,
1391 2505 1484 2559 natale
1497 2505 1587 2559 sanati
1599 2505 1711 2558 Basilei.

1084 2597 1119 2650 23
1137 2594 1262 2649 Victoria
1276 2593 1380 2649 Christi
1397 2593 1525 2648 decimus
1541 2592 1576 2646 de
1594 2591 1711 2662 Virgine
1724 2592 1824 2663 fulget.

1174 2692 1274 2760 Dema,
1294 2691 1386 2746 natale
1408 2695 1564 2746 sanatorum
1589 2689 1702 2757 Urbani,
1728 2689 1845 2746 Cornelii

1210 2785 1236 2834 et
1254 2781 1381 2837 Victoris.

1086 2869 1121 2923 21
1141 2868 1223 2923 Nono
1237 2871 1365 2922 venturae
1380 2865 1559 2921 cumulantes
1574 2879 1694 2919 munera
1709 2864 1777 2935 luci,

1139 2955 1272 3024 Liimina,
1288 2954 1499 3026 pervigilesque
1514 2969 1578 3007 aras
1591 2957 1620 3007 et
1636 2954 1745 3024 templa
1760 2970 1845 3024 para·

1741 3043 1842 3113 imus:

1140 3131 1308 3204 Virginibus
1333 3129 1524 3203 quadraginta
1549 3127 1596 3183 hic
1619 3128 1751 3200 splendet
1772 3145 1844 3201 quo·

1667 3217 1746 3289 [que‚
1762 3221 1842 3274 coelo.

1141 3310 1210 3375 Quae
1225 3309 1342 3380 dignam
1358 3308 1445 3363 vitam
1458 3313 1524 3363 vola
1538 3314 1567 3362 et
1583 3306 1687 3362 virtute
1701 3307 1844 3363 dicarunt.

1087 3403 1122 3455 25
1141 3399 1244 3454 Octavo
1259 3399 1332 3454 servi
1346 3398 1480 3469 dignatos
1492 3413 1606 3453 sumere
1617 3397 1751 3466 formam,

1142 3489 1347 3559 Errantemque
1379 3487 1528 3543 hominem
1564 3487 1681 3541 veniens
1714 3502 1846 3541 revocare

1706 3573 1846 3648 [Creator,

1142 3667 1226 3720 Pario
1242 3663 1370 3735 virgineo
1384 3665 1518 3719 mortales
1533 3663 1629 3719 induit
1643 3667 1731 3732 artus,

1143 3753 1301 3824 Eugenium
1325 3767 1440 3823 quoque
1464 3756 1526 3806 tum
1548 3754 1846 3820 1111111111-

1650 3837 1844 3912 [alesiamque.

1175 3942 1208 3994 ln
1223 3937 1387 4003 Bethlehem,
1402 3939 1534 3993 nativitas
1550 3939 1662 3994 Domim
1671 3938 1759 3992 nostri
1765 3938 1846 3993 lesu·

1213 4027 1331 4081 Christi.

1141 4115 1291 4172 Consimili
1319 4114 1463 4171 Christum
1491 4115 1644 4170 comitatus
1671 4118 1778 4182 mente,
1808 4115 1846 4170 fi-

1732 4200 1846 4276 [deque

1090 4295 1123 4347 as
1143 4292 1287 4364 Septimus
1313 4291 1381 4347 hinc
1410 4291 1554 4362 Stephano
1586 4290 1682 4346 Levita
1710 4296 1738 4346 ct
1770 4307 1846 4346 mar·

1665 4378 1738 4452 [tyre
1751 4380 1847 4450 primo

1144 4470 1275 4537 Excellel,
1293 4473 1392 4523 natum
1407 4468 1512 4538 Regem
1529 4484 1713 4540 passumque,
1729 4469 1813 4524 beata
1849 4511 1855 4527 .

1143 4558 1197 4623 Qui
1213 4557 1272 4613 vita
1287 4556 1441 4612 Dominum
1457 4572 1555 4626 pugna
1574 4560 1617 4610 est
1639 4561 1667 4611 et
1691 4543 1781 4612 morte
1800 4574 1846 4611 se·

1745 4643 1846 4719 [cutus.

1090 4738 1122 4791 27
1146 4734 1270 4790 Dilectus
1302 4732 1427 4801 Domini,
1454 4733 1539 4788 Verbi
1569 4733 1769 4806 inspectorque
1801 4734 1848 4786 di-

1739 4819 1811 4894 [vini
1827 4818 1847 4888 ¹,

1144 4913 1259 4966 Pectore
1280 4911 1315 4965 de
1334 4911 1438 4966 Christi
1459 4910 1569 4978 iontem
1594 4910 1644 4983 qui
1666 4909 1782 4965 haurire
1798 4924 1846 4981 pe·

1717 4998 1847 5069 [rennem

151 5158 312 5217 'Romulida
332 5161 454 5216 Damasi.
480 5160 526 5216 Sic
546 5160 659 5216 codices
680 5161 736 5216 duo
753 5161 823 5231 fleg.
839 5167 867 5216 el
888 5160 948 5230 Dig.
1003 5161 1104 5228 Quinus
1121 5175 1181 5214 eum
1204 5157 1316 5226 decime,
1342 5157 1385 5210 vel
1409 5172 1468 5210 aum
1491 5157 1568 5211 deno.
1592 5157 1767 5226 Sequentem
1786 5173 1848 5213 ver·

138 5223 297 5295 1111111111,
312 5233 398 5288 Rama
413 5233 477 5286 litat
489 5233 611 5286 Damasi.

151 5295 320 5357 ithacianae.
338 5303 370 5356 ln
384 5303 483 5356 codiee
501 5304 598 5373 liegio,
614 5303 789 5357 Faustianos.

152 5372 362 5437 ι01111111111111111
386 5373 501 5428 demum
527 5373 599 5429 Cum
623 5375 653 5427 in
678 5375 773 5427 codice
803 5373 892 5442 Regio
920 5374 950 5427 iu

1003 5248 1066 5286 sum
1080 5229 1262 5300 ascripsimus
1277 5249 1292 5283 c
1307 5229 1390 5283 codd.
1407 5228 1496 5297 Hegio
1512 5233 1541 5280 et
1554 5227 1644 5296 Digol.

1038 5303 1052 5345 d
1068 5305 1229 5369 Duriusque.
1245 5301 1275 5354 111
1291 5301 1387 5354 codice
1405 5299 1506 5368 Degia,
1524 5298 1691 5364 Clariosque.

1039 5373 1157 5440 ‘Signis
1189 5377 1327 5425 commota.
1360 5371 1405 5424 Sic
1440 5368 1520 5422 codd.
1556 5367 1661 5437 Regius
1693 5371 1722 5422 et
1756 5369 1849 5441 Bigot,

122 5419 200 5497 llteram
216 5444 293 5498 rucis
308 5445 434 5511 demum,
452 5460 516 5515 quae
528 5445 573 5498 hic
584 5445 702 5498 omnino
714 5451 949 5515 estsupervacua,
1003 5445 1077 5499 bene
1094 5460 1100 5497 :
1118 5442 1198 5514 prior
1212 5443 1311 5508 editio,
1327 5442 1464 5505 comitata,
1481 5438 1564 5491 mala.

126 5495 218 5580 legatur
230 5515 345 5583 mame,
361 5530 475 5570 uersum
491 5515 530 5569 sic
549 5515 698 5570 emendari
708 5531 791 5584 posse
815 5515 949 5570 arbitror.
1040 5512 1168 5569 'Diuini
1185 5514 1215 5567 lu
1231 5517 1353 5582 utroque
1368 5509 1474 5575 codice,
1487 5509 1608 5578 superni.
