3930 6098
601 30 774 91 serenent
788 27 840 90 'Ab
858 31 1163 94 wtitbttuttuiuu.

168 189 247 245 rpus,
259 176 381 243 alpurc,
393 169 528 226 omnibus
539 170 693 226 dissolutus
708 170 854 226 membris.
874 173 898 228 tt
911 177 1030 229 tuerent
1044 172 1222 245 propinquos
1235 175 1263 228 et
1278 170 1378 229 alllnes
1390 170 1427 229 ad
1443 182 1614 229 memoriam
1627 202 1676 229 es.
1690 221 1702 227 .,

162 261 182 300 ii
197 250 343 315 pateretur
356 242 490 296 aliorum.
507 243 550 298 Ad
565 242 785 297 similitudinem
802 243 859 312 igi·
911 249 1008 299 torum
1035 245 1149 300 mittere
1174 249 1345 315 martyrum,
1371 249 1514 315 qnatenus
1535 244 1683 299 miseratio
1708 246 1758 299 lle-

161 314 318 385 evangelici
331 314 492 385 paralytici,
512 314 588 367 iuter
601 329 704 367 maniis
719 313 858 369 deductus
912 316 1069 386 demptoris
1099 316 1264 369 interventu
1287 319 1451 370 sauctorum
1479 332 1579 370 eornm
1604 316 1758 370 subvenire

150 386 225 450 ium,
246 385 281 444 ad
303 389 471 439 memoriam
496 384 645 438 devehitur
672 392 855 438 sauctorum:
911 386 1080 456 dignaretur
1093 386 1292 440 imbecillitati.
1310 387 1479 442 Parentibus
1495 392 1593 442 autem
1613 386 1666 453 eis,
1686 386 1758 441 niira

144 456 247 511 ,bravi
270 461 400 527 tempore
422 454 558 525 sullregio
579 460 738 525 martyrum
761 456 798 509 ita
818 455 857 509 di·
912 459 987 511 circe
1006 474 1055 511 eos
1074 458 1171 513 divina
1194 458 1300 512 effulsit
1321 458 1420 528 pietas.
1447 459 1517 512 Nam
1542 458 1605 512 loco
1625 456 1757 512 nondum

143 526 340 598 aravitpietas,
352 532 384 580 ut
397 526 524 580 solidatis
539 527 676 580 membris
691 530 724 580 ed
741 526 857 596 propria
911 528 1006 594 motis,
1023 528 1099 582 dicto
1118 528 1202 583 citius
1218 529 1257 582 ita
1269 529 1360 582 virtus
1374 529 1465 583 adluit
1479 529 1539 593 Dei,
1562 535 1595 582 nt
1609 544 1668 582 uuo
1688 532 1756 582 tem·

134 602 193 653 iet
213 596 385 653 benedicens
407 597 558 651 ileumsiii
581 602 786 669 reportaretur,
809 599 857 668 qui
911 615 981 669 pore
1009 605 1038 652 et
1065 599 1207 653 sanissimi
1238 604 1432 669 exsurgerent,
1459 601 1568 671 iterque
1601 615 1667 653 cum
1696 599 1758 653 aliis

128 687 135 724 i
152 672 269 723 reiterat
282 667 437 740 gressibus.
912 669 1090 740 arriperent:
1108 670 1216 741 quique
1234 670 1351 740 petituri
1370 672 1522 724 sanitatem
1539 670 1663 724 aliorum
1679 669 1758 723 ibant

353 756 417 812 gn,
437 756 516 812 ml,
912 757 972 806 ore,
993 741 1048 811 ipsi
1064 740 1306 797 intercedentibus
1327 747 1489 795 sanctorum
1512 741 1681 796 clarissimis
1695 756 1755 794 me-

117 845 211 901 sitem
231 845 266 900 de
281 843 380 899 eadem
397 844 472 910 villa,
496 843 614 899 nomine
637 843 784 909 ilibaldus,
800 842 859 925 pri·
911 812 1037 881 mim
1051 828 1081 867 ’θ
1096 817 1160 866 '⁰ta
1173 816 1355 867 meremus
1368 812 1488 866 dmm·

112 915 312 971 ceommunis
337 916 488 969 damnatus
509 915 637 979 luminis,
662 915 782 970 audiens
805 931 860 968 vir·
1253 901 1318 956 Cli·
1338 900 1413 954 ffl-

104 992 250 1059 nertyrum
266 987 391 1041 concivis
411 986 455 1040 sni
470 986 592 1056 paralysi
609 986 753 1040 dissolutis
769 1002 860 1040 mem·
949 988 1065 1043 Femina
1086 989 1217 1059 quiedam
1233 1004 1265 1043 ex
1277 988 1424 1058 provincia
1447 988 1621 1053 Arduennae,
1637 988 1756 1042 nomine

102 1058 227 1131 priorem
266 1058 405 1127 recepisse
441 1058 586 1121 virtutem,
624 1073 673 1127 spe
708 1058 859 1111 roboratus
913 1060 1177 1125 Immina,exvilla
1195 1075 1260 1132 qum
1276 1059 1758 1130 Btuualcltdicitur,cumjemdiu

94 1146 128 1184 aa
142 1144 194 1183 siro
210 1144 348 1199 germano
364 1144 397 1182 eo
413 1145 441 1181 se
456 1128 568 1182 deduci.
590 1128 748 1182 Germanus
764 1128 859 1198 itaque
913 1136 988 1185 esset
1010 1131 1094 1185 surda
1119 1136 1148 1184 et
1170 1136 1258 1196 muta,
1283 1131 1474 1211 manibusque
1497 1130 1611 1197 debilis,
1632 1146 1700 1184 cum
1724 1132 1758 1184 ad

102 1215 167 1254 cum
194 1199 288 1253 fratris
314 1198 464 1252 miseratus
489 1200 655 1259 cecitatem.
683 1203 744 1252 turn
772 1199 859 1252 etiam
914 1204 1007 1256 locum
1030 1206 1160 1255 sanctum
1180 1199 1384 1256 comitantibus
1408 1202 1553 1256 viciniset
1574 1200 1758 1272 permittente

85 1275 178 1324 torum
195 1286 253 1324 iion
275 1270 408 1323 diflidens
429 1269 546 1334 meritis,
558 1268 655 1338 'erepit
668 1285 733 1323 cum
755 1286 789 1322 eo
805 1269 860 1323 iter
913 1273 1031 1327 domina
1059 1288 1120 1333 sua,
1149 1273 1312 1343 Teotburga
1340 1273 1467 1340 nomine,
1498 1277 1611 1327 oratum
1637 1273 1759 1326 venisset

78 1342 151 1397 ised
167 1343 261 1395 locum
282 1357 444 1410 properare,
463 1357 494 1393 ac
511 1340 613 1392 luturm
630 1341 730 1393 salutis
743 1340 858 1405 iudicio,
913 1345 989 1398 diem
1010 1344 1157 1413 integrum
1183 1349 1368 1409 commorata,
1389 1348 1504 1397 muniit
1527 1343 1642 1414 regredi
1663 1343 1757 1413 coepit,

72 1412 187 1466 alterius
213 1416 340 1481 gestatus
361 1412 467 1475 alticio,
491 1412 564 1463 mira
586 1411 702 1464 tendere
722 1411 857 1481 agilitate.
914 1416 1008 1485 primo
1025 1415 1110 1468 unius
1134 1430 1235 1468 manus
1255 1419 1283 1467 et
1304 1414 1425 1484 loquelae
1446 1413 1619 1485 auditusque
1641 1413 1758 1468 faculta-

67 1498 149 1537 .cum
165 1483 241 1536 baud
256 1482 341 1551 longe
356 1482 538 1535 abl'uisseuta
554 1482 626 1548 locu,
645 1483 683 1534 ita
700 1486 731 1535 ut
746 1483 859 1535 culmen
880 1471 899 1525 Β
915 1492 992 1551 tem,
1017 1501 1080 1541 mox
1102 1485 1205 1539 deinde
1228 1485 1344 1538 alterius
1365 1501 1480 1555 quoque
1503 1500 1605 1538 manus
1619 1489 1649 1539 et
1673 1484 1759 1539 totius

62 1554 156 1608 ‚uisset
178 1553 304 1607 ecclesiae
322 1552 459 1622 conspici,
475 1553 625 1621 paululum
650 1568 780 1621 represso
796 1552 861 1606 sub·
914 1556 1040 1637 corporis
1063 1561 1105 1609 est
1120 1556 1273 1610 sanitatem
1300 1556 1419 1626 adepta:
1443 1556 1482 1609 ita
1504 1560 1535 1608 ut
1554 1555 1702 1626 hodieque
1719 1555 1757 1609 vi·

56 1623 288 1695 quentisgradu:
318 1624 424 1688 Frater,
452 1623 555 1693 inquit,
574 1622 597 1675 si
622 1622 673 1676 tibi
697 1624 787 1677 virtus
802 1624 860 1676 sui·
914 1628 971 1681 cini
987 1632 1014 1681 et
1028 1627 1128 1680 aflines
1143 1627 1204 1697 ejus
1217 1632 1366 1694 testentur,
1383 1642 1530 1697 nunquam
1544 1641 1608 1682 aerii
1621 1627 1652 1681 in
1671 1627 1759 1681 multo

51 1700 177 1766 igeretur
191 1692 320 1757 luminis,
336 1694 476 1764 potuisses
496 1694 594 1764 utique
608 1698 683 1747 tecta
696 1698 723 1746 et
738 1693 861 1764 parietes
915 1704 991 1752 retro
1003 1697 1105 1768 spatio,
1122 1697 1163 1752 ita
1173 1703 1204 1751 ut
1218 1712 1305 1766 nunc,
1322 1713 1419 1751 sanam
1436 1698 1586 1752 exstitisse.

46 1765 142 1820 clesiai
175 1765 339 1835 conspicere
368 1771 540 1818 sauctorum.
573 1763 621 1817 llic
648 1765 733 1818 tacito
758 1764 861 1818 mentis
1251 1786 1315 1840 Cn·
1336 1786 1423 1842 xxvp·

40 1841 90 1890 ntii
117 1852 208 1890 caecus
241 1834 418 1889 orationibus
451 1842 610 1904 martyrum
647 1835 776 1889 divinum
808 1835 861 1888 sibi

35 1907 112 1961 desse
126 1907 284 1977 implorans
301 1907 449 1970 auxilium,
466 1906 549 1976 coepit
572 1906 676 1958 mirum
696 1906 725 1958 in
743 1906 861 1960 modum

30 1977 121 2049 agatis
130 1977 256 2032 tenebris
267 1993 368 2047 parum
380 1977 485 2042 videre,
507 1982 535 2030 et
550 1977 639 2030 menti
652 1977 757 2047 injectu
771 1977 861 2045 digito

24 2056 118 2103 iotare
131 2049 203 2103 loca.
221 2048 260 2101 id
285 2049 428 2101 tumulum
449 2047 537 2117 igitur
559 2048 728 2116 perveniens
750 2055 860 2101 saucto-

19 2135 92 2187 rum,
108 2119 148 2173 ita
171 2119 247 2173 inira
261 2135 367 2188 paucos
389 2118 449 2172 dies
464 2118 618 2187 pristinam
639 2118 740 2188 recipit
754 2119 861 2172 sanita·

16 2195 86 2257 tem,
110 2195 142 2244 ut
155 2205 214 2244 non
233 2190 428 2259 iutegritatem
451 2189 535 2242 niodo
557 2189 696 2258 recepiret
715 2189 801 2251 risus,
818 2205 862 2243 ve-

16 2277 81 2315 rum
102 2261 188 2315 etiem
216 2261 365 2314 oculorum
390 2260 630 2329 magnitudinem,
656 2260 707 2331 qui
731 2259 862 2330 caliginis

17 2331 129 2386 diutina
143 2330 268 2386 caecitate
284 2331 324 2383 ita
340 2331 419 2401 parvi
436 2331 529 2384 etl'ecti
553 2330 680 2400 lucrant,
696 2336 729 2385 ut
745 2330 788 2384 vix
811 2346 862 2401 pti·

16 2402 87 2474 piila
99 2402 130 2456 iri
145 2402 186 2457 eis
200 2407 373 2456 cerneretur.

950 1876 1020 1928 ilem
1034 1873 1089 1927 alia
1104 1889 1169 1944 quae
1192 1873 1319 1945 priorem
1335 1874 1363 1928 in
1387 1891 1474 1944 supra
1496 1873 1571 1929 dicta
1593 1873 1759 1929 infirmitate

914 1945 1042 2012 vidisset,
1057 1952 1084 1998 et
1100 1946 1135 1999 ad
1150 1951 1280 1999 sanctum
1290 1947 1383 2000 locum
1398 1946 1533 2000 comitate
1543 1945 1624 2007 testis
1632 1946 1759 2001 sanitatis

916 2019 977 2086 ejus
996 2017 1139 2080 existeret,
1153 2016 1271 2070 nomine
1291 2017 1414 2082 Grimilt,
1430 2032 1496 2071 cuni
1517 2033 1534 2070 a
1548 2016 1610 2070 viro
1626 2032 1681 2071 suo
1696 2032 1759 2071 nar-

915 2092 977 2141 rata
992 2086 1097 2157 prioris
1112 2086 1226 2140 feminae
1250 2087 1379 2154 sanitate,
1401 2103 1487 2159 quain
1503 2087 1556 2142 suh
1576 2088 1669 2142 oculis
1685 2087 1759 2143 vids·

915 2164 1023 2219 istut
1047 2158 1100 2211 sibi
1120 2156 1215 2212 denuo
1238 2163 1352 2211 oratum
1377 2159 1475 2212 liceret
1495 2157 1605 2224 venire,
1630 2158 1757 2230 petisset,

916 2245 966 2283 nec
989 2229 1023 2282 ad
1048 2228 1076 2282 id
1094 2229 1232 2299 temporis
1251 2228 1444 2293 obtinuisset;
1461 2245 1518 2300 qna
1532 2230 1615 2294 hora,
1642 2234 1676 2284 ut
1699 2234 1759 2300 post

915 2304 1095 2369 compertum
1115 2307 1168 2365 est,
1193 2301 1223 2352 in
1244 2300 1417 2354 monasterio
1434 2301 1586 2354 beatorum
1602 2305 1759 2370 martyrum

915 2371 1009 2425 missae
1025 2370 1165 2424 llouiinici
1175 2370 1241 2436 diei,
1259 2371 1364 2440 quibus
1378 2370 1428 2424 illa
1442 2386 1473 2425 se
1488 2370 1692 2425 interfuturam
1703 2386 1760 2424 esse

362 2490 370 2506 ,
450 2490 457 2505 ,
916 2447 1039 2506 voverat,
1057 2439 1193 2494 celebrari
1207 2447 1363 2510 coeperunt,
1378 2441 1438 2511 ipsa
1452 2458 1592 2496 manuum
1605 2446 1651 2496 est
1665 2441 1761 2496 dabili-

195 2577 200 2588 .
351 2492 417 2543 W·
438 2490 528 2586 mu·
572 2577 577 2587 .
678 2577 683 2587 .
843 2576 848 2586 Ι
915 2517 973 2565 tate
994 2517 1020 2565 et
1039 2512 1124 2564 totius
1147 2516 1276 2582 corporis
1299 2513 1420 2566 multata
1447 2513 1612 2582 gravedine,
1635 2514 1708 2567 adeo
1731 2517 1760 2565 ut

51 2579 137 2634 Aliud
152 2580 219 2634 huic
234 2577 310 2632 haud
326 2578 448 2631 multum
469 2577 607 2631 dissimile
622 2576 795 2647 subjungam
810 2593 863 2630 mi·
916 2584 984 2653 quie
999 2583 1141 2636 incessum
1166 2599 1224 2636 nou
1240 2588 1361 2653 poterat,
1387 2599 1511 2637 carrucae
1529 2584 1715 2655 superposita
1727 2581 1759 2637 ad

16 2651 155 2706 iaculum.
170 2649 304 2714 Quaedam
321 2665 444 2718 namque
459 2648 566 2729 lamina
580 2648 712 2729 similiter
724 2664 776 2717 per
790 2664 861 2702 con·
916 2653 1123 2706 monasterium
1148 2653 1243 2708 denuo
1260 2654 1422 2708 veheretur.
1438 2654 1567 2779 Cumque
1584 2654 1719 2721 venisset,
1734 2658 1760 2707 et

17 2724 132 2777 tinuum
147 2737 231 2787 caeca,
245 2736 309 2774 cuni
335 2720 543 2790 desperationis
564 2735 659 2773 nimiae
678 2725 862 2789 torqueretur
916 2725 991 2794 apud
1015 2722 1185 2777 memoriam
1207 2730 1366 2794 martyrum
1389 2725 1506 2796 aliquan
1528 2724 1557 2779 iu
1583 2730 1757 2794 perorasset;

16 2808 133 2863 angore,
154 2792 252 2872 lunam
274 2791 385 2870 iactum·
402 2791 539 2844 accedens
563 2792 604 2871 ²¹5¹.
626 2791 719 2844 locum
746 2790 803 2843 ileo
828 2805 860 2843 ac
879 2825 900 2879 C
916 2795 1009 2876 primo
1025 2797 1054 2849 in
1071 2795 1189 2849 ecclesia
1203 2811 1261 2849 iiiia
1276 2795 1302 2848 ci
1319 2811 1421 2849 manns
1438 2802 1482 2849 est
1496 2796 1641 2863 absoluta,
1657 2795 1757 2851 deinde

17 2863 121 2918 sanctis
144 2863 249 2918 obtulit
271 2861 458 2932 martyribus:
475 2861 537 2916 liaec
560 2877 582 2914 si
597 2861 645 2914 ille
668 2876 727 2914 non
743 2876 859 2930 compe·
916 2871 993 2920 inter
1015 2865 1215 2936 prandendum
1231 2865 1349 2920 alterius
1367 2881 1470 2920 manus
1485 2871 1512 2920 et
1529 2867 1620 2921 totius
1634 2864 1757 2939 corporis
1871 2928 1881 2943 ⁵

16 2938 101 3003 teret,
123 2933 244 2988 formem
260 2933 315 2987 sibi
330 2949 347 2986 a
360 2933 477 2986 custode
497 2931 579 3002 petiit
591 2931 670 2998 dari,
687 2948 753 3002 quo,
772 2947 861 2985 rerer·
917 2937 1105 2991 commoditas
1119 2936 1260 2991 restituta.
1281 2938 1322 2990 lta
1346 2937 1520 3006 factumest,
1541 2943 1574 2991 ut
1591 2953 1660 3009 quse
1685 2936 1758 3009 prins
1862 2938 1877 3003 [j

16 3011 80 3060 tens
100 3004 230 3071 domum,
257 3009 357 3073 aptum
384 3018 547 3073 preparare
570 3003 729 3082 potuisset.¹
749 3003 861 3057 Interea
915 3008 1017 3062 alienae
1043 3008 1173 3061 sanitatis
1195 3008 1335 3061 narratrix
1364 3007 1520 3075 exstiterat,
1544 3024 1605 3063 suaa
1628 3007 1756 3080 deinceps
1840 3000 1864 3069 ,-·¹.
1962 3035 1965 3050 ·

16 3075 86 3131 dom
100 3082 193 3130 custos
214 3080 343 3128 necteret
358 3089 462 3139 moras,
484 3074 533 3127 illa
548 3073 658 3143 regenti
678 3070 730 3126 sibi
746 3088 860 3142 gressus
915 3084 944 3133 et
956 3094 1073 3150 compos
1087 3083 1162 3133 esset
1176 3082 1205 3132 et
1217 3079 1308 3133 iestis,
1847 3070 1865 3095 ”²

16 3147 140 3218 imperat
152 3146 202 3200 illo
218 3161 248 3200 se
263 3145 338 3212 duci,
361 3144 411 3198 ubi
424 3146 573 3214 signorum
596 3143 797 3215 dependebant
814 3143 860 3196 ln·
1245 3165 1309 3220 CA,
1329 3165 1430 3221 XXVII·

16 3232 86 3272 nes:
109 3232 177 3271 nam
201 3216 236 3270 ad
256 3215 330 3269 idem
357 3230 429 3285 opus
455 3229 539 3268 suum
564 3216 690 3268 intexere
716 3214 859 3283 cupiebat.

17 3289 176 3358 Fatnmque
205 3291 256 3339 est.
285 3287 415 3364 Cumque
438 3284 662 3364 grossitudinem
686 3289 862 3364 pertentaret
931 3324 938 3378 l
975 3325 1037 3358 ..ι
1166 3326 1170 3334 .
1306 3325 1351 3380 ,b
1491 3325 1547 3380 αἱ.

17 3374 116 3425 manu,
141 3356 295 3480 maqnilica
317 3370 392 3408 circa
407 3370 540 3409 miseram
567 3355 617 3409 Dei
639 3356 741 3409 claruit
759 3354 860 3421 virtus,
915 3342 1010 3379 ΟΜ
1050 3329 1244 3395 mmmmm
1273 3340 1331 3378 ⁰⁰³
1354 3329 1450 3379 ΨΜ*
1472 3341 1490 3378 ⁰
1524 3341 1603 3380 ΜΨ
1622 3333 1755 3381 ”mm

18 3445 49 3484 ac
71 3429 144 3482 mire
166 3442 197 3480 ce
210 3428 309 3480 eritate
332 3426 443 3496 objecta
465 3424 593 3480 deseruit
614 3425 725 3479 coecitas
747 3427 860 3479 oculus:
915 3396 1082 3476 induantur)
1098 3400 1132 3475 ,ιη
1153 3395 1183 3449 in
1202 3395 1354 3449 'mmmm
1374 3396 1468 3466 “gitur
1488 3396 1695 3478 ⁰⁰¹⁰bfstti9¹¹ffi
1713 3396 1754 3452 ᾖ·
1833 3456 1844 3491 ,

743 3503 802 3550 ere,
834 3503 864 3550 e,
915 3473 992 3521 ctum
1009 3471 1052 3520 est
1065 3471 1163 3535 igitur,
1178 3471 1210 3520 ut
1224 3471 1318 3520 custos
1331 3467 1366 3520 de
1379 3483 1458 3521 more
1474 3482 1539 3521 cum
1555 3468 1621 3522 aliis
1637 3467 1753 3532 indutus,
1834 3508 1839 3537 ,

18 3505 134 3625 ffiffls
144 3497 475 3637 {ggfpffieeffigffiffi
489 3496 759 3637 {fflffigffigt
773 3537 861 3620 θέω,
917 3536 1063 3608 lampades
1087 3552 1256 3591 accensurus
1270 3536 1402 3592 Ecclesia
1420 3538 1600 3608 procederet.
1624 3538 1682 3593 Sed
1697 3538 1754 3593 doio

851 3644 863 3691 t
916 3610 1030 3662 incaute
1041 3608 1272 3679 progrederetur,
1288 3608 1399 3677 positus
1410 3608 1463 3663 sub
1473 3608 1660 3678 lampadibus
1669 3609 1755 3665 oleum

832 3654 863 3763 ud
916 3677 1056 3749 lampadis
1076 3678 1186 3745 cecidit,
1210 3685 1297 3750 atque
1321 3684 1430 3750 partem
1452 3679 1587 3749 planetae,
1613 3696 1672 3751 qua
1693 3682 1754 3736 iou
1844 3662 1952 3769 ‘'3⁴³¹''

917 3749 1035 3803 indutus
1049 3753 1119 3816 erat,
1134 3765 1194 3803 non
1212 3749 1319 3820 absque
1334 3749 1516 3804 deformitate
1534 3749 1646 3805 intecit.
1668 3752 1756 3807 eustos
1904 3732 1948 3835 :J

917 3819 1079 3886 exterritus,
1095 3835 1159 3874 mox
1179 3819 1216 3874 ad
1231 3820 1414 3874 secretarium
1434 3820 1556 3891 gradum
1576 3822 1708 3891 retorsit,
1722 3826 1756 3876 st·
1846 3820 1875 3897 ζ
1890 3866 1938 3900 u,

356 3922 421 3976 cst,
441 3921 529 3975 xxpv·
765 3940 769 3959 ,
916 3906 973 4016 que
988 3905 1021 3945 ea
1034 3895 1136 3944 exutus
1151 3891 1758 3963 congruononabsquelide,dcposnitloct.
1856 3930 1933 3966 ..a

51 3996 192 4066 Tempore
217 4007 275 4063 quo
298 3996 460 4045 sauctorum
480 3990 633 4044 recondite
648 3993 715 4044 sunt
733 3989 863 4061 reliquiae
937 3976 1004 4042 auc,
1022 3960 1127 4042 inquii·
1140 3968 1241 4042 ‚sanim
1254 3961 1348 4042 nisiae
1365 3961 1389 4015 si
1402 3963 1479 4043 “3¹⁶⁵
1491 3962 1549 4016 ‘¹¹³⁵
1563 3964 1692 4019 ¹⁸f⁰fm⁰
1706 3976 1765 4041 W
1867 3998 1916 4031 Ἀ·

18 4065 49 4121 in
67 4069 228 4119 memorato
244 4062 350 4132 ἕψῃ,
366 4063 437 4123 1000,
455 4061 581 4115 ommi„
598 4062 864 4132 ,manuncupante
919 4033 1009 4087 cibus.
1028 4031 1165 4086 Postridie
1181 4047 1244 4102 eJus
1259 4031 1316 4086 diei
1330 4037 1448 4086 accessit
1471 4038 1577 4099 custos,
1603 4039 1636 4089 ut
1654 4035 1770 4107 deposi·
1870 4058 1923 4097 ιδ

18 4136 134 4207 Crupta,
150 4135 206 4189 duo
230 4133 323 4186 carnis
343 4132 489 4202 conjuncti
513 4126 768 4202 copulafquorum
793 4132 865 4185 alter
884 4107 977 4211 „tam
1007 4103 1104 4173 gnam
1126 4118 1190 4157 eam
1212 4102 1340 4156 mmm
1359 4102 1484 4168 femini&
1509 4120 1574 4175 (ΨΩ
1597 4097 1779 4175 h⁰j⁰⁸m⁰di
1865 4126 1919 4167 2³

18 4206 239 4276 nuncupabatur
254 4202 432 4267 Willielmus,
453 4203 542 4256 altera
562 4201 766 4272 Engilsuindis,
783 4202 865 4273 quia
918 4173 1793 4284 9⁰¹⁰i³³⁰¹¹t‘imffldmmium’quimdssissffl‘iu‘fflmm’q
1901 4182 1912 4227 '·

18 4275 231 4348 conjunctionis
246 4290 305 4328 suae
320 4279 448 4344 tempora
463 4288 554 4343 usque
570 4273 642 4327 inid
657 4279 713 4327 tem
737 4289 770 4326 us
789 4276 863 4327 bona
919 4259 971 4299 ¹²²⁰
982 4244 1074 4324 ¹⁰v⁰¹3¹
1093 4260 1125 4298 ¹¹¹
1139 4260 1173 4298 θα
1195 4259 1323 4314 repense
1340 4250 1433 4325 p⁰²⁰¹l
1448 4247 1604 4314 m⁸⁰⁰¹³¹m2
1628 4263 1697 4320 ‘1¹¹¹e
1720 4255 1774 4303 ω

18 4363 132 4419 semper
147 4345 276 4400 roborari
298 4344 427 4398 vixerant
442 4343 615 4398 valetudine.
638 4344 704 4398 Acci
726 4345 750 4398 it
768 4349 864 4398 autem
918 4314 1076 4370 ¹¹⁰⁰e⁵²³²¹⁸
1087 4319 1137 4370 “ut
1151 4314 1257 4369 d⁸m¹¹⁰
1273 4330 1333 4370 ⁰³⁸³
1349 4319 1495 4415 2⁰¹⁰&ss

18 4419 156 4489 praedicto
168 4422 298 4486 tempore
309 4415 338 4468 in
350 4414 494 4479 dissimili,
508 4419 645 4485 utresque
655 4413 769 4485 latigari
784 4414 864 4468 intir-
1242 4403 1307 4458 Ctl’·
1328 4403 1439 4458 XXVIII·

19 4489 127 4544 mitate.
143 4491 166 4541 Α
180 4487 298 4541 renibus
319 4500 444 4556 namque
458 4485 498 4539 ita
518 4501 604 4539 omne
619 4484 739 4539 inferius
760 4500 866 4555 corpus
954 4481 1026 4537 Villa
1049 4480 1181 4551 quedam
1197 4486 1240 4535 est
1253 4497 1313 4535 iion
1336 4482 1421 4551 longa
1436 4497 1451 4534 a
1468 4483 1639 4539 monasterii
1656 4490 1811 4557 posaeo·

18 4560 115 4616 teritas
140 4559 249 4612 attrivit
275 4556 377 4623 morbi,
401 4563 431 4611 ut
446 4554 501 4609 nisi
523 4554 744 4626 obsequentium
769 4564 865 4627 porta·
918 4552 1009 4613 sione,
1035 4568 1097 4621 quae
1122 4553 1196 4606 Wisa
1217 4557 1343 4607 iocatur.
1364 4553 1454 4622 liujus
1476 4553 1565 4623 igitur
1590 4550 1816 4612 hebroini-0⁵

18 4637 120 4686 rentur
141 4629 284 4696 manibus,
310 4628 388 4681 nulla
405 4633 524 4696 urgente
539 4627 708 4681 necessitate
730 4627 792 4681 loco
807 4643 866 4680 mo-
919 4624 1105 4678 condixerant
1119 4623 1174 4677 sibi
1188 4638 1288 4677 omnes
1301 4623 1407 4692 pariter
1421 4623 1457 4677 ad
1471 4625 1564 4678 lacum
1580 4624 1818 4683 coriander-⁶2

19 4708 163 4757 verentur.
182 4701 251 4754 Cum
267 4700 365 4769 itaque
381 4698 515 4768 frequens
540 4701 703 4751 sanctorum
730 4697 865 4751 virtutem
919 4698 948 4748 et
960 4700 993 4748 ut
1008 4711 1065 4748 uon
1080 4709 1167 4748 vacua
1182 4694 1348 4748 viderentur
1361 4694 1460 4748 venire
1484 4710 1585 4763 mauu,
1610 4692 1819 4755 collatior1⁰

20 4778 49 4828 et
75 4772 214 4827 miracula
234 4769 333 4840 opinio
355 4768 577 4839 circumquaque
590 4766 772 4834 diffunderet,
788 4766 867 4822 balii·
919 4764 992 4819 lacta
1006 4781 1054 4818 iias
1067 4764 1145 4834 quod
1160 4780 1233 4835 cupa
1247 4764 1359 4826 dicitur,
1376 4764 1494 4819 cervisia
1513 4766 1722 4836 impleverant,
1737 4752 1821 4820 12‘

19 4849 126 4898 tutores
157 4842 242 4896 etiam
272 4839 396 4911 prefatae
420 4838 541 4909 replevit
564 4836 648 4891 villar.
674 4838 730 4892 Hac
754 4838 866 4892 excitati
919 4835 1005 4891 etiam
1026 4837 1102 4890 douo
1123 4835 1252 4889 muueris
1272 4836 1328 4890 ileo
1345 4840 1374 4888 et
1388 4836 1493 4890 sanctis
1510 4839 1694 4918 martyribus
1707 4832 1824 4895 roff⁸

19 4916 108 4982 ieme,
135 4913 209 4968 iacta
236 4910 423 4965 conventione
448 4910 484 4962 ad
513 4908 606 4961 locum
632 4924 733 4962 omnes
759 4909 867 4980 pariter
919 4894 1822 4985 persolverenttlumigiturJ'amproperaredisponereitb

21 4991 134 5040 oratum
158 4981 350 5053 disponebant
374 4980 425 5034 ire.
456 4983 515 5033 lluo
539 4977 629 5047 igitur
641 4979 702 5050 jam
725 4979 867 5033 nominati
919 4975 1152 5035 consiiiohabito
1176 4977 1344 5046 qualitatem
1360 4991 1441 5046 prius
1465 4982 1590 5032 tentarat
1616 4983 1738 5037 volnere
1754 4963 1823 5027 ¹¹²

20 5056 178 5111 vicinorum
213 5050 409 5122 religiositatis
441 5053 643 5119 cognoscentes
678 5050 865 5116 voluntatem,
919 5053 1014 5173 potus,
1041 5054 1196 5117 antequam
1224 5047 1279 5100 iter
1305 5049 1476 5118 arriperent.
1500 5049 1640 5104 Cuniculo
1671 5053 1712 5107 ita
1803 5044 1820 5085 ⁶

20 5126 136 5181 tametsi
156 5139 275 5195 corpore
296 5121 459 5192 nequirent,
477 5120 572 5173 animo
590 5123 685 5173 tamen
703 5120 744 5174 ire
763 5121 867 5190 gestie·
931 5124 1005 5186 acto,
1020 5133 1071 5171 uec
1086 5134 1174 5188 parva
1196 5117 1314 5189 quidem
1328 5133 1363 5171 eo
1380 5118 1472 5189 digeri
1491 5120 1588 5190 potuit
1602 5127 1696 5191 gatte.
1743 5122 1816 5190 ΟΞ·

21 5197 100 5252 bant.
117 5199 239 5266 Accepta
251 5206 462 5264 namquecera,
480 5189 618 5261 lactisque
631 5191 768 5258 candelis,
784 5190 866 5246 insti·
919 5203 985 5244 rum
998 5205 1014 5243 a
1029 5189 1160 5242 ministro
1174 5189 1303 5259 segniter
1315 5189 1370 5243 lioc
1384 5195 1519 5260 putantes
1535 5198 1689 5262 peractum
1709 5193 1744 5246 al
1756 5186 1812 5236 1⁰

951 3255 998 3309 Est
1014 3253 1192 3309 consuetudo
1214 3253 1279 3319 loci,
1301 3258 1333 3307 ut
1352 3253 1398 3308 die
1419 3253 1611 3309 solemnitatis
1623 3252 1755 3336 paschalia
1838 3256 1843 3287 ²

17 3646 90 3710 tans,
104 3640 139 3695 ad
154 3639 323 3694 memoriam
339 3638 460 3692 recurrit
474 3644 645 3708 martyrum,
662 3643 759 3708 alque,
776 3654 828 3709 pro

17 3709 206 3783 competebat,
240 3710 398 3776 gratiarum
424 3709 466 3763 eis
489 3708 628 3779 persolvit
652 3709 760 3773 laudes,
786 3725 843 3779 quo

16 3781 214 3909 quiserqcorqia
229 3781 325 3836 divina
338 3780 500 3834 interventu
516 3796 617 3835 eorum
638 3795 701 3834 eain
718 3779 863 3850 respicere

37 3870 103 3926 igne
119 3871 136 3908 a
150 3870 172 3907 si
190 3896 195 3907 .

1886 4374 1899 4441 i

57 5321 135 5375 illic
148 5320 205 5375 dno
218 5318 361 5374 notanda:
377 5316 516 5389 primum,
531 5315 697 5377 monachos.
714 5320 747 5371 ut
761 5316 866 5386 saepius
919 5313 1097 5367 solemnibus
1111 5327 1171 5366 non
1183 5315 1296 5366 tantum
1317 5311 1390 5367 albis
1413 5313 1551 5380 vestibus,
1577 5319 1612 5369 ut
1634 5314 1668 5371 tlt
1691 5296 1803 5388 apud

20 5392 82 5464 jam
104 5391 296 5455 observatum,
316 5387 363 5444 bic
385 5389 494 5443 clericos
517 5386 664 5457 appellari.
692 5387 864 5451 Secundum,
920 5400 979 5446 nos,
994 5385 1043 5438 sed
1058 5384 1144 5437 etiam
1161 5382 1224 5436 aliis
1239 5383 1416 5437 ornamentis
1430 5383 1630 5440 induerentur.

25 5463 110 5517 etiam
124 5465 186 5516 tum
201 5461 231 5515 in
247 5475 327 5514 more
341 5459 429 5514 luisse
442 5457 519 5530 apud
539 5458 703 5526 monachos,
717 5458 747 5511 in
764 5456 865 5512 diebus
