3930 6098
67 252 122 305 285
565 251 704 308 CONTRA
722 250 926 309 GRAECORUM
947 251 1122 308 orrosttu.
1138 283 1172 291 -
1193 253 1260 307 tta.
1287 237 1336 308 ΙΙΙ.
1769 254 1820 308 286

68 387 260 459 qaaestionem
279 387 329 442 illa
357 386 504 458 compellit
532 386 700 453 similitudo,
726 404 783 461 qua
809 388 913 443 dieitur
934 389 954 441 d
969 388 1105 459 procedat
1118 388 1241 460 Spiritus
1256 394 1382 444 sanetus.
1397 387 1451 443 Sed
1463 388 1541 441 nulla
1553 387 1592 441 ibi
1603 388 1819 458 temporacogi-

69 478 104 532 de
126 477 255 533 humans
270 482 366 532 mente
381 476 536 548 procedere
549 479 726 532 volantatem
749 477 917 550 priusquam
973 481 1080 543 tentur‚
1104 493 1168 549 quoe
1183 477 1289 531 habent
1302 476 1384 548 prius
1398 481 1428 531 et
1445 475 1599 546 posterius,
1616 476 1684 547 qnia
1699 476 1820 530 ornniuo

68 568 189 621 verbnm
205 566 346 621 lormetur
361 581 393 620 ex
408 571 503 620 mente
519 570 551 621 ut
566 567 616 621 liat
629 567 775 637 appetitus
803 567 920 638 quidam
975 567 1052 620 nulla
1062 566 1185 621 ibisunt.
1202 588 1213 615 ι
1228 566 1386 621 Procedere
1396 565 1536 636 Spiritum
1544 569 1672 619 sanctum
1686 566 1720 620 de
1736 565 1818 632 Filio,

68 654 225 709 voluntatis
239 654 276 708 ad
296 653 494 726 quaerendum,
511 655 588 727 qnod
612 671 676 709 curn
693 655 842 709 inventum
857 656 918 709 lue·
974 652 1045 708 sicut
1055 653 1186 724 procedit
1194 653 1229 707 dc
1240 655 1334 716 Patre,
1347 653 1528 719 testificatur;
1542 654 1617 725 quod
1644 659 1742 709 tamen
1752 669 1818 726 pro·

70 744 118 809 rit,
145 748 263 797 vocetur
286 748 425 814 unquam
449 744 543 815 proles
568 743 759 815 mentisque
784 749 920 815 generata
973 741 1078 796 cedite
1095 742 1162 796 Filio
1186 742 1297 798 dedisse
1326 743 1438 797 Patrem
1467 741 1549 810 Filio,
1577 759 1635 795 non
1659 742 1740 813 prius
1761 741 1819 796 exi-

69 832 218 903 perficitur
243 833 373 886 voluntas
394 832 443 886 illa
463 832 672 904 quaprocessit
691 833 834 905 appetitus
855 833 918 905 qui·
973 831 1070 899 stenti,
1100 832 1146 886 sed
1175 831 1340 903 giguend03
1370 830 1509 902 quoniam
1533 846 1710 902 quecunque
1742 830 1820 885 dedit

68 922 136 975 dcm
155 921 191 975 ad
202 921 408 991 quaerandnm;
433 920 481 975 sed
497 920 559 975 haec
578 922 708 977 voluntas
723 927 751 976 et
774 921 868 993 primo
883 923 919 977 de
973 920 1057 974 Pater
1071 921 1150 988 Filio,
1166 936 1224 975 nou
1236 923 1371 993 nnqrrarn
1390 920 1505 987 minori,
1523 920 1566 974 vel
1583 920 1662 990 prius
1677 920 1817 988 existenti,

70 1014 168 1064 mente
185 1014 250 1063 nata
267 1013 310 1063 est
335 1013 489 1080 antequam
505 1016 683 1080 qrrsereretur
704 1010 780 1082 quod
797 1010 920 1065 inveniri
973 1008 1063 1075 dedit,
1079 1011 1127 1064 sed
1141 1010 1286 1081 gignendo
1299 1010 1387 1065 dedit.
1405 1011 1438 1064 Et
1453 1010 1501 1064 dat
1522 1008 1740 1063 similitudinem
1762 1025 1820 1080 qaia

68 1096 297 1165 desiderabatur,
314 1113 371 1168 quo
387 1096 504 1152 invento
520 1099 607 1169 plena
622 1098 779 1169 perficitur,
802 1098 869 1153 durn
887 1116 918 1154 ex
973 1098 1076 1153 clarius
1102 1101 1152 1154 fiat
1180 1101 1256 1171 qaod
1286 1099 1448 1170 approbat:
1470 1119 1484 1149 «
1510 1097 1564 1162 Qui
1585 1102 1688 1168 potest,
1714 1097 1818 1168 inquit,

69 1187 133 1258 ipso
158 1187 276 1241 invento
301 1186 524 1256 multiplicatur3
549 1187 655 1258 gaudet
674 1188 751 1241 enim
776 1188 919 1242 invenisse
974 1189 1135 1259 intelligere
1150 1190 1225 1260 quod
1242 1189 1283 1243 ait
1301 1188 1410 1244 Filius:
1437 1187 1516 1243 Sicut
1531 1187 1617 1241 habet
1632 1188 1714 1242 Pater
1731 1186 1819 1241 vitam

70 1276 149 1348 qnod
171 1275 323 1347 qnaesivit:
346 1275 422 1330 unde
438 1291 470 1330 ex
491 1281 614 1346 utroque
630 1281 697 1330 nata
713 1277 854 1342 voluutas,
875 1276 920 1331 vi·
974 1279 1003 1333 in
1020 1278 1184 1349 semetipso,
1201 1279 1241 1332 sic
1262 1277 1342 1333 dedit
1357 1278 1427 1333 Filio
1449 1277 1534 1332 vitarn
1551 1277 1655 1331 habere
1669 1275 1700 1329 in
1716 1282 1820 1331 semet·

70 1364 175 1420 delicet
190 1369 249 1418 tam
271 1365 305 1418 de
324 1368 419 1419 mente
439 1380 527 1435 quarn
542 1364 577 1418 de
593 1364 719 1434 invento,
739 1365 868 1437 procedit
884 1366 919 1421 ab
974 1366 1045 1438 ipso.
1059 1367 1119 1421 Non
1139 1367 1199 1421 sine
1217 1367 1271 1420 vita
1287 1366 1423 1420 existenti
1436 1366 1497 1436 jam
1514 1365 1584 1419 Filio
1599 1364 1685 1418 vitam
1707 1364 1821 1419 Patrem

69 1458 212 1525 utroqne3
234 1454 284 1508 sed
306 1452 386 1523 prius
411 1470 428 1506 a
451 1458 556 1521 mente,
582 1458 610 1507 et
638 1457 703 1524 post
727 1454 763 1508 ab
787 1453 918 1522 invento,
974 1453 1126 1508 dedisse.»
1151 1454 1544 1518 Existeretl‘iliussinerita,
1567 1454 1589 1506 si
1615 1453 1695 1524 prins
1724 1452 1821 1524 aliquo

71 1540 138 1597 inde
159 1541 293 1596 videlicet
308 1541 343 1595 ad
372 1541 561 1613 quaerendum
577 1558 584 1595 :
602 1541 669 1596 hinc
693 1546 789 1596 autem
814 1547 845 1595 ut
868 1542 920 1596 de·
976 1542 1061 1595 modo
1077 1541 1177 1597 luisset
1196 1559 1282 1614 quam
1304 1542 1422 1608 viveret,
1438 1548 1470 1596 ut
1485 1541 1615 1597 existenti
1640 1541 1700 1611 jarn
1722 1545 1822 1612 postea

69 1631 192 1687 lectatur
205 1636 330 1702 reperto.
360 1631 416 1685 Nec
437 1635 534 1684 tarnen
559 1630 611 1685 ista
633 1631 738 1701 duplex
762 1630 920 1685 estvolnn·
975 1630 1060 1684 luerit
1082 1630 1130 1685 illa
1154 1631 1210 1684 vita
1227 1630 1399 1685 contributa.
1426 1629 1674 1694 Quemadmodum
1705 1630 1822 1686 Genesis

69 1724 123 1787 tas,
148 1719 240 1775 veluti
255 1719 333 1791 prior
350 1719 462 1787 mentis,
480 1720 621 1792 posterior
640 1720 760 1788 inventi,
789 1720 837 1775 scd
864 1736 921 1774 ana
975 1720 1010 1774 de
1037 1720 1131 1789 primo
1153 1719 1242 1773 Adam
1264 1719 1402 1790 loquitur,
1430 1718 1546 1772 dicens:
1572 1720 1713 1774 Formauit
1735 1720 1822 1786 igitur

71 1809 156 1863 unius
183 1808 303 1880 quidem
327 1808 379 1869 rei,
408 1808 541 1863 videlicet
568 1808 678 1863 inventi
706 1808 920 1863 inchoationem
976 1811 1044 1863 Deus
1059 1809 1191 1863 nominem
1206 1808 1238 1862 de
1256 1809 1318 1862 limo
1334 1814 1412 1862 terra
1435 1808 1508 1872 [dea.
1526 1824 1556 1872 u,
1573 1807 1609 1876 7).
1632 1808 1666 1860 Et
1688 1811 1754 1876 post
1775 1806 1820 1860 in·

72 1897 180 1952 habens
197 1912 231 1951 ex
256 1900 352 1951 mente
366 1896 400 1951 ad
426 1897 622 1967 quaerendum,
639 1897 843 1970 perlectionem
869 1913 920 1951 au·
975 1897 1064 1950 lectar
1081 1897 1140 1950 :Et
1154 1899 1308 1966 insufflavit
1323 1899 1463 1964 infaciem
1478 1897 1536 1965 ejas
1551 1895 1719 1965 spiraculum
1746 1896 1818 1949 uite.

71 1992 127 2040 tem
143 1986 209 2056 ejus
228 1983 304 2057 quod
319 1986 467 2057 quaerebat
477 1985 587 2040 inventi
605 1991 657 2040 :ut
675 1986 724 2058 qui
741 1985 836 2056 primo
860 1985 921 2039 lue·
976 1985 1058 2038 Prius
1073 2001 1197 2056 nemque
1212 2001 1278 2039 curn
1295 1985 1364 2039 dicit
1383 1984 1468 2038 luisse
1484 1984 1651 2049 formatum,
1668 1988 1696 2038 et
1722 1988 1821 2054 postea

72 2074 107 2128 rit
125 2072 273 2145 appetitus
288 2073 405 2145 quidam
426 2074 585 2144 quaerendi,
608 2078 672 2144 post
697 2090 764 2128 vero
780 2074 870 2128 iactus
886 2074 923 2129 sit
973 2071 1033 2141 jam
1048 2071 1183 2136 formato,
1200 2071 1331 2125 videlicet
1353 2087 1404 2141 per
1419 2069 1545 2141 propriae
1568 2070 1731 2124 lomaticnis
1747 2085 1821 2142 qua-

73 2179 152 2217 amor
168 2163 285 2217 invento
302 2162 424 2217 fruendi.
443 2161 497 2217 Sed
513 2162 567 2217 ista
591 2162 664 2217 liant
686 2163 715 2217 in
736 2163 821 2217 rebus
843 2178 920 2216 crea·
976 2160 1084 2214 litatem
1116 2159 1259 2225 existenti,
1284 2159 1494 2230 spiramentum
1520 2158 1586 2214 ritae
1614 2156 1820 2212 contributum.

73 2250 106 2303 tis
122 2266 190 2322 qaae
205 2255 335 2321 tempore
350 2250 548 2315 continentur;
577 2251 651 2305 atin
668 2251 827 2312 divinitate,
850 2254 923 2305 tem·
977 2248 1029 2302 Sed
1047 2264 1103 2302 non
1126 2248 1165 2301 sic
1183 2247 1253 2302 Filio
1271 2249 1353 2301 Pater
1375 2246 1462 2300 vitam
1486 2245 1565 2300 dedit
1585 2251 1724 2316 tanquam
1741 2244 1821 2315 prius

74 2334 321 2410 pusubinullum
344 2336 597 2402 exstat,talenihil
615 2337 690 2391 valet
710 2337 840 2407 reperiri.
858 2339 921 2392 Non
976 2335 1117 2406 gigneret,
1133 2336 1178 2390 cui
1191 2341 1289 2407 postea
1305 2335 1401 2406 genito
1417 2335 1503 2388 vitant
1528 2334 1672 2388 donaret:
1699 2333 1747 2387 sed
1777 2333 1821 2402 gi·

74 2425 149 2478 enim
166 2423 272 2479 dicitur
293 2423 333 2478 ibi
348 2425 391 2478 vel
416 2429 481 2479 ante
505 2424 591 2478 fuisse
607 2425 701 2488 Pater,
724 2426 767 2479 vel
791 2430 855 2495 post
871 2442 920 2496 ge·
975 2421 1821 2495 guendoritarudedit,qnoniamsubstantialitervitaFilius

75 2512 151 2567 nitus
167 2529 230 2567 esse
246 2512 343 2580 Filius,
357 2513 404 2567 sed
421 2529 535 2584 semper
550 2513 675 2568 Peterin
693 2513 773 2579 Filio,
790 2519 817 2567 et
835 2515 922 2568 Filius
976 2518 1027 2581 est,
1051 2514 1096 2566 cni
1112 2513 1255 2583 gignendo
1271 2513 1356 2566 sitam
1372 2511 1461 2566 dedit.
1479 2513 1570 2567 llomo
1595 2511 1720 2582 denique
1741 2509 1821 2581 prius

74 2603 101 2655 in
123 2603 209 2656 Patre
231 2601 351 2668 mansit;
380 2618 433 2656 nec
453 2601 576 2672 Spiritus
603 2607 716 2656 sanctus
741 2603 920 2673 procedendo
976 2600 1567 2672 formatusexstitit,etpcstvitamaccepit,
1585 2600 1720 2671 quoniam
1736 2598 1821 2669 parti-

75 2691 168 2760 potuit
197 2691 356 2761 praevenire
384 2690 561 2745 nativitatem
591 2691 675 2746 Filii:
706 2691 842 2761 quoniam
872 2692 921 2746 ubi
976 2694 1097 2766 cipando
1115 2710 1171 2747 non
1189 2694 1330 2747 nascendo
1348 2690 1819 2762 vitamacccpitznonenirnsub·

76 2779 188 2832 nullum
204 2783 296 2832 exstat
309 2784 434 2849 tempus,
459 2795 511 2834 nec
527 2784 592 2834 ante
608 2780 650 2833 rel
667 2784 733 2852 post
752 2779 827 2834 valet
841 2782 921 2833 inve·
975 2785 1146 2837 stantialiter
1160 2783 1216 2837 vita
1233 2782 1296 2847 luit,
1318 2783 1365 2836 sed
1378 2781 1596 2852 participatione
1612 2780 1677 2834 vitae
1692 2778 1771 2832 vixit.
1785 2782 1821 2832 st

76 2866 140 2921 niri.
157 2867 221 2922 Non
237 2867 313 2921 enim
330 2872 422 2938 potest
447 2868 634 2938 consequenti
654 2868 752 2941 perlici
778 2875 919 2940 tempore,
976 2889 1040 2925 vcro
1058 2873 1143 2926 Filius
1155 2871 1245 2929 Patris
1256 2871 1420 2940 unigenitus
1436 2885 1493 2922 non
1507 2867 1819 2939 participationesitam

75 2955 151 3025 quod
189 2953 338 3009 exordium
367 2956 481 3010 nullum
509 2957 595 3011 habet
626 2973 661 3012 ex
689 2963 830 3029 tempore.
860 2958 1092 3035 Quacaccepit
1109 2961 1157 3014 scd
1174 2959 1399 3013 substantialiter
1414 2959 1448 3012 de
1462 2959 1545 3012 Patre
1561 2957 1726 3027 genitusest
1740 2956 1819 3010 rita:

75 3043 109 3097 de
139 3059 171 3096 re
206 3043 255 3114 qui
296 3049 392 3114 potest
424 3045 639 3115 generationem
676 3046 739 3100 Filii
772 3046 807 3100 dc
838 3047 920 3101 Patre
976 3066 1032 3104 non
1052 3050 1130 3102 enim
1145 3048 1275 3103 existenti
1299 3052 1437 3116 tanquam
1457 3046 1518 3100 sinc
1537 3046 1594 3098 vita
1612 3044 1739 3098 manenti
1755 3043 1821 3098 deta

74 3132 200 3201 cogitare
216 3131 277 3186 sine
290 3137 429 3202 tempore,
454 3133 561 3203 cogitet
582 3150 698 3204 speroque
711 3135 919 3204 processionem
976 3145 1018 3193 est
1034 3138 1100 3202 vita,
1117 3138 1164 3191 sed
1181 3137 1296 3206 genitus
1312 3140 1353 3189 est
1368 3140 1443 3188 totus
1457 3136 1521 3187 vitae
1540 3133 1693 3202 coaeqrralis
1709 3138 1736 3186 et
1750 3147 1809 3185 con·

76 3221 198 3290 Spiritus
227 3221 316 3275 sancti
350 3227 409 3275 tarn
434 3238 468 3276 ex
493 3223 575 3277 Patre
602 3238 689 3294 quarn
709 3238 742 3276 ex
767 3222 836 3276 Filio
861 3222 921 3277 sine
976 3226 1246 3282 substantialisvitn
1259 3224 1360 3293 Patris,
1372 3223 1421 3294 qui
1434 3221 1578 3294 gignendo
1590 3221 1668 3276 dedit
1680 3220 1705 3274 ei
1721 3220 1818 3274 vitam.

74 3314 213 3380 tempore.
236 3309 313 3364 Sicut
334 3310 424 3381 igitur
444 3327 504 3367 non
524 3317 568 3366 est
590 3312 779 3383 quaerendam
805 3312 921 3383 quando
1011 3315 1168 3387 Sequitur:
1194 3315 1276 3369 «Sed
1294 3314 1333 3367 ita
1357 3329 1423 3366 eum
1447 3312 1509 3365 sine
1528 3316 1658 3381 tempore
1675 3308 1819 3380 genuisse,

75 3398 110 3451 sit
125 3403 212 3452 natus
230 3397 317 3453 Filius
332 3396 367 3452 de
378 3400 472 3467 Patre,
489 3399 618 3454 sicnullo
631 3400 716 3454 modo
731 3400 921 3472 qrtaerendum
975 3411 1008 3460 ut
1025 3405 1083 3458 vita
1098 3421 1184 3476 quam
1202 3403 1284 3457 Pater
1308 3401 1378 3457 Filio
1399 3400 1543 3472 gignendo
1566 3399 1652 3463 dedit,
1677 3403 1821 3452 coaeterna

75 3486 188 3557 quando
204 3487 374 3556 processerit
387 3487 510 3557 Spiritus
525 3492 640 3542 sanctus
659 3488 694 3542 ab
714 3494 851 3558 utroque;
878 3489 921 3543 vel
976 3494 1013 3548 sit
1027 3493 1092 3547 vita».
1120 3493 1211 3548 Patris
1235 3491 1284 3563 qui
1300 3491 1386 3546 dedit.
1405 3510 1419 3541 a
1437 3491 1494 3544 lloc
1518 3489 1615 3543 dicens
1637 3487 1761 3541 ostendit
1779 3484 1820 3538 vi·

76 3574 97 3627 si
112 3574 293 3629 nativitatem
314 3574 377 3628 Filii
393 3575 564 3644 praevenerit
580 3575 614 3628 de
629 3577 712 3630 Patre
727 3577 919 3646 procedendo.
976 3587 1032 3637 tam
1060 3598 1121 3636 esse
1145 3582 1269 3647 Patrem,
1290 3585 1318 3634 et
1346 3579 1432 3633 vitani
1457 3595 1517 3632 esse
1544 3576 1668 3643 Filium;
1690 3574 1737 3629 sed
1764 3574 1822 3629 vita

77 3662 127 3717 Ubi
163 3678 290 3734 namque
328 3663 517 3735 sempiternas
554 3665 638 3733 inest,
674 3665 813 3735 temporis
850 3666 920 3719 ordo
977 3669 1325 3741 FiliusaccepitaPatre,
1348 3667 1552 3731 utessctvita;
1578 3681 1635 3718 non
1659 3662 1740 3734 prins
1762 3661 1819 3716 exi·

76 3752 162 3806 deest.
192 3751 248 3805 Nec
269 3767 302 3805 ex
326 3750 461 3806 hamana.
481 3752 645 3807 conditione
662 3758 799 3807 creaturan
821 3754 864 3808 lex
879 3760 923 3810 est
976 3764 1053 3812 stans
1070 3759 1131 3811 siue
1144 3757 1211 3819 vita,
1228 3755 1276 3809 sed
1293 3755 1407 3827 genitus
1421 3754 1489 3820 vita,
1502 3770 1566 3826 qaae
1581 3757 1725 3807 coaeterna
1746 3751 1783 3806 sit
1793 3757 1822 3806 et

76 3839 132 3894 ulla
178 3839 336 3894 divinitatis
369 3841 551 3908 aestimanda3
585 3841 723 3912 quoniam
761 3841 815 3896 ista
849 3844 922 3898 lacta
975 3843 1225 3900 consubstantialis
1250 3843 1314 3899 vitre
1336 3844 1436 3908 Patris,
1461 3842 1511 3912 qui
1539 3842 1616 3896 dedit
1639 3840 1709 3895 Filio
1734 3839 1820 3893 vitam

78 3929 128 3984 sub
153 3934 286 4000 tempore
315 3929 455 4000 temporis
482 3929 614 3984 ordinem
643 3935 758 3985 servat:
783 3931 832 3984 illa
855 3947 922 3985 vero
976 3932 1149 4004 generando.
1167 3930 1302 4003 Quisquis
1315 3931 1368 3985 hoc
1383 3930 1543 4000 intelligere
1558 3928 1703 4000 quomodo
1719 3927 1757 3981 sit
1772 3943 1817 3980 va·

78 4017 217 4073 conditrix
237 4018 375 4089 temporis
398 4019 478 4073 nullo
497 4018 635 4090 temporis
656 4019 721 4090 jare
735 4019 920 4090 disponitur:
975 4023 1024 4089 let,
1040 4021 1180 4091 intelligat
1196 4035 1311 4091 quoque
1326 4018 1399 4072 sicut
1413 4019 1500 4072 habet
1521 4017 1649 4072 Pateria
1668 4016 1821 4086 semetipso

79 4106 216 4176 prevenit
231 4106 308 4160 enim
323 4107 421 4162 omnia
435 4123 499 4178 quae
514 4113 642 4180 ternpore
657 4109 848 4164 continentur.
976 4112 1009 4164 ut
1021 4110 1055 4163 de
1071 4110 1119 4163 illo
1137 4109 1274 4180 procedat
1287 4106 1410 4177 Spiritus
1424 4112 1547 4166 sanctus.
1566 4106 1605 4160 sic
1620 4105 1729 4161 dedisse
1748 4104 1818 4159 Filio

111 4194 268 4265 Subjungit
282 4195 369 4249 etiam
384 4195 464 4250 alind
488 4197 564 4251 unde
587 4197 754 4266 comprobet
767 4199 922 4266 procedere
976 4205 1009 4254 ut
1023 4200 1058 4254 de
1073 4200 1122 4253 illo
1138 4198 1273 4269 procedat
1287 4197 1362 4253 idern
1379 4196 1503 4266 Spiritus
1518 4200 1641 4249 sanctus.
1656 4194 1722 4248 Vult
1742 4194 1819 4248 enirn

81 4281 216 4352 Spiritum
241 4289 369 4337 sanctum
391 4301 406 4337 a
427 4286 509 4339 Patre
534 4290 562 4339 et
583 4286 686 4340 aFilio
701 4286 761 4340 sine
782 4292 921 4356 tempore,
944 4282 1138 4361 Dapprohare
1153 4288 1294 4359 accepisse
1317 4286 1452 4342 Filiuma
1479 4286 1561 4339 Patre
1577 4285 1649 4338 sicut
1674 4282 1819 4353 gignendo

81 4370 148 4426 sicut
162 4376 274 4424 coastat
289 4373 416 4443 genitum
431 4389 491 4426 esse
505 4373 608 4428 Filium
626 4375 661 4428 de
676 4375 757 4429 Petra
772 4374 833 4428 sine
850 4385 921 4428 tem·
978 4380 1075 4444 vitum,
1092 4378 1130 4432 sic
1148 4378 1235 4432 etiarn
1250 4376 1395 4448 gignendo
1411 4380 1443 4428 ut
1458 4374 1493 4428 de
1517 4374 1567 4427 illo
1585 4372 1719 4443 procedat
1732 4371 1821 4441 Spiri-

81 4473 144 4528 pore
161 4475 168 4514 :
184 4459 256 4514 dicit
275 4464 372 4514 autem
390 4477 397 4514 :
415 4481 429 4510 ιι
446 4462 479 4515 Et
493 4461 543 4532 qni
559 4467 653 4532 polest
667 4462 829 4531 intelligere
843 4462 872 4516 in
887 4479 921 4517 eo
976 4471 1022 4521 tus
1038 4475 1161 4532 sanctus,
1178 4482 1235 4519 non
1251 4467 1334 4530 atter,
1346 4463 1480 4518 sedidem
1493 4463 1541 4533 qui
1557 4461 1687 4531 procedit
1700 4477 1715 4513 a
1726 4461 1818 4515 Patre.

80 4548 151 4617 qaod
167 4547 210 4602 ait
235 4548 345 4603 Filius:
374 4550 449 4605 Sicut
474 4550 554 4604 labet
578 4553 659 4607 Pater
678 4554 765 4605 uitam
779 4554 808 4605 in
824 4556 922 4606 semet·
976 4557 1088 4610 Etcum
1105 4571 1209 4625 negare
1226 4570 1309 4607 nemo
1326 4569 1401 4607 sanae
1417 4551 1522 4604 ruentis
1537 4550 1629 4604 valeat
1644 4549 1820 4604 vitamsum·

79 4637 142 4704 ipso,
159 4639 199 4691 sic
215 4636 291 4692 dedit
304 4639 373 4692 Filio
385 4641 471 4692 citam
487 4640 584 4693 labere
598 4642 628 4693 in
638 4642 779 4709 semetipso
790 4641 875 4710 (Joau.
893 4656 919 4708 ν,
975 4646 1064 4715 psisse
1075 4644 1178 4699 Filium
1194 4644 1228 4697 de
1247 4644 1329 4697 Patre
1347 4646 1377 4695 ut
1392 4641 1428 4694 sit
1441 4640 1498 4693 vita
1514 4639 1587 4694 sicut
1606 4644 1647 4692 est
1665 4640 1758 4703 Pater,
1780 4639 1820 4693 sic

75 4725 130 4792 ti).
148 4726 209 4780 Non
226 4725 289 4780 sine
312 4725 371 4780 vita
392 4727 524 4782 existenti
538 4728 597 4798 jam
617 4729 687 4783 Filio
701 4728 789 4782 vitarn
805 4730 920 4784 Patrem
975 4737 1057 4790 Patre
1078 4740 1109 4788 ut
1124 4733 1158 4787 de
1171 4733 1221 4787 illo
1243 4731 1379 4802 procedat
1399 4730 1488 4800 possit
1510 4728 1651 4798 accepisse
1676 4727 1778 4781 Filium
1804 4745 1819 4781 a

74 4812 192 4882 dedisse,
212 4814 262 4868 sed
277 4815 317 4868 ita
331 4829 398 4868 curn
412 4815 474 4869 sine
500 4821 629 4888 ternpore
645 4816 788 4886 genuisse,
805 4823 835 4870 ut
851 4817 918 4886 vita,
973 4828 1183 4894 consequenter
1197 4836 1301 4892 negare
1319 4835 1376 4873 non
1399 4817 1522 4888 Spiritus
1549 4822 1682 4870 sanctus:
1709 4821 1737 4869 et
1765 4815 1820 4869 hoc

70 4917 158 4972 quam
171 4903 257 4957 Pater
266 4902 337 4958 Filio
348 4903 492 4973 gignendo
500 4904 588 4972 dedit,
599 4910 738 4958 coeterna
748 4904 854 4959 sitvitae
866 4907 918 4959 Pa·
974 4919 1128 4983 utrumqne
1150 4911 1211 4964 sino
1224 4922 1367 4979 tempore3
1381 4907 1517 4979 quonism
1529 4908 1600 4960 sicut
1617 4906 1677 4959 sine
1689 4909 1818 4975 ternpore

64 4990 436 5062 trisquidedittintcttigat
446 4992 610 5047 sicuthabet
621 4993 739 5047 Pateria
751 4993 917 5062 semetipso,
972 5001 1102 5072 procedit
1125 5017 1140 5053 a
1158 5001 1249 5065 Patre,
1267 4998 1306 5052 sic
1323 5013 1438 5071 quoque
1458 4996 1519 5049 sine
1533 5001 1661 5064 terirpore
1688 4991 1818 5064 procedit

69 5081 104 5130 ut
118 5078 217 5133 (101110
231 5078 368 5150 βΐθθθάἃί
382 5079 505 5149 spirtius
519 5087 641 5148 Sanctus,
659 5081 697 5134 Sic
711 5080 916 5148 dedlSSeFlllO,
972 5090 1090 5155 gFili03
1109 5088 1244 5159 quoniam
1269 5088 1322 5140 iglfl
1337 5086 1480 5158 processio
1504 5090 1546 5137 est
1561 5083 1681 5137 minime
1705 5087 1815 5150 tempo.

68 5171 104 5219 ut
118 5168 152 5221 de
166 5168 445 5238 illaprocedatidem
457 5169 579 5240 Spiritus
590 5174 715 5236 sanctus,
728 5174 915 5241 etatrnmqne
970 5173 1049 5238 ralis,
1067 5172 1114 5226 sed
1142 5175 1257 5225 [eterna.
1286 5171 1365 5225 Sicut
1387 5169 1464 5223 enim
1481 5166 1613 5221 nativitas
1629 5163 1690 5218 Filii
1713 5164 1748 5219 de
1763 5164 1816 5218 Pa·

73 5254 130 5310 sine
143 5261 288 5327 tempore;
304 5261 389 5328 atque
404 5257 444 5311 ita
460 5258 566 5312 dictum
580 5259 718 5330 Spiritum
734 5265 864 5312 sanctum
880 5259 915 5313 de
969 5265 1012 5314 tre
1028 5265 1153 5315 removet
1168 5276 1253 5315 omne
1267 5265 1391 5330 tempus,
1407 5255 1597 5328 sicprocessio
1612 5253 1734 5326 Spiritus
1750 5271 1815 5309 san·

72 5340 149 5398 Patre
163 5345 329 5417 procedere,
347 5350 377 5398 at
388 5344 576 5418 intelligatur,
592 5348 667 5419 quod
684 5349 770 5402 etiam
785 5347 915 5418 procedit
969 5349 1006 5403 cti
1022 5365 1087 5421 qrrae
1102 5349 1133 5402 lit
1148 5349 1183 5403 ab
1200 5353 1336 5420 utroque,
1356 5347 1468 5401 nullum
1483 5349 1596 5413 tempus
1615 5342 1743 5414 agnovit.

77 5430 914 5509 deFilio,dePatreesseetFilio;sienimquidquidhabet
1003 5436 1164 5507 Adjungit:
1188 5440 1307 5508 «Atque
1325 5436 1366 5489 ita
1395 5435 1501 5489 dietum
1523 5431 1660 5502 Spiritum
1687 5437 1816 5487 sanctum

78 5519 103 5575 de
116 5523 197 5577 Patre
216 5521 317 5587 Filius,
334 5521 369 5577 de
386 5522 467 5578 Patre
482 5524 578 5593 habet,
593 5525 693 5597 utique
714 5531 743 5579 ut
767 5530 797 5580 et
812 5526 846 5580 de
863 5524 912 5580 illo
967 5525 1001 5580 de
1015 5526 1097 5580 Patre
1119 5526 1285 5598 procedere,
1304 5528 1337 5579 ut
1351 5521 1529 5592 intelligatur
1548 5520 1624 5592 quod
1645 5520 1733 5576 etiem
1748 5538 1814 5593 pro·

10 5671 17 5701 Ι
