3930 6098
157 223 206 274 {95

156 354 235 421 bant,
256 357 285 408 et
305 353 341 407 ab
355 367 388 405 ea
401 365 430 404 se
444 347 646 410 defendebant,
671 363 729 419 qua
743 347 846 402 irretiti
862 347 1000 401 teneben·
1019 350 1042 403 Α

155 432 204 480 tur
220 431 247 480 et
261 422 502 478 convincebantur
522 420 638 474 credere
657 434 762 489 corpus
777 419 880 473 Christi
896 419 1004 472 scilicet

156 496 301 564 corrumpi
318 500 346 546 et
366 491 483 561 spiritus
503 491 662 560 calorisque
678 490 818 544 naturalis
833 490 953 559 appulsu
975 495 1003 542 et

156 582 243 635 opera
272 565 348 617 velut
377 563 545 616 alimentum
574 560 723 629 exagitari,
755 565 784 613 et
811 561 1002 614 madefactum

156 635 323 691 humoribus
347 634 376 686 in
401 638 513 702 pectore
529 636 557 685 et
571 632 728 684 ventriculo
749 631 924 687 sumentium
948 631 1003 685 dis-

156 705 249 759 solri:
274 703 384 756 etiamsi
412 719 466 755 oon
493 703 658 755 dubitarent
684 717 782 754 rernm
810 718 870 754 esse
899 718 1002 764 corrue

156 776 382 846 sanguinemque
409 773 524 827 Christi.
558 774 652 827 dlibes
688 773 850 838 Alabandus,
886 772 1001 825 incertae

156 846 249 900 aetatis
271 852 380 909 auctor,
406 845 434 897 in
462 844 592 896 eamdem
618 843 668 896 ivit
689 842 863 896 sententiam
886 842 921 896 de
945 843 1002 896 fra·

155 917 248 969 ctione
272 918 398 983 corporis
413 914 514 968 Christi
532 930 538 967 :
561 915 636 968 hunc
653 917 765 966 secutus
782 918 824 967 est
841 914 1002 981 walterius,

155 987 237 1056 prior
250 985 277 1040 S.
295 985 415 1039 Victoris
438 984 614 1050 parisiensis,
635 1000 760 1054 quorum
774 984 933 1054 fragmenta
948 1000 1001 1053 pu-

156 1057 221 1112 blici
233 1056 306 1126 juris
322 1057 387 1110 lecit
403 1055 582 1109 doctissimus
602 1055 781 1109 Nabillonius
799 1056 1002 1109 analectorum

156 1142 301 1181 sacrorum
318 1131 396 1180 torno
423 1126 470 1190 iV;
496 1126 672 1195 plurimique
696 1125 849 1195 scriptores
871 1126 1003 1179 catholici

155 1202 223 1251 aute
238 1202 267 1251 et
285 1202 349 1268 post
363 1201 474 1249 ertatem
492 1198 551 1249 sire
566 1203 632 1265 post
654 1196 884 1250 retractationem
901 1197 1003 1252 Beren-

156 1267 230 1336 garii
244 1269 286 1321 uti
310 1267 440 1321 observat
462 1267 538 1320 idem
555 1267 733 1322 Nabillonius
755 1266 785 1320 in
808 1267 866 1320 suis
886 1268 919 1320 ad
936 1268 1002 1321 Tre·

157 1344 264 1392 cleliam
280 1337 412 1392 Abbeirdi
434 1338 508 1390 notis
532 1337 566 1391 de
586 1338 723 1392 fractione
739 1338 866 1405 corrueris
886 1337 1001 1392 Christi.

158 1411 306 1479 tsstcunqnc
322 1425 369 1462 res
384 1409 431 1471 sit,
453 1424 511 1462 uon
528 1409 635 1461 existeh
646 1415 666 1461 ιι
688 1409 745 1461 ulla
761 1415 836 1460 secta
851 1408 1002 1461 hominum

156 1479 210 1533 sibi
234 1480 468 1550 persuadentium
490 1495 605 1532 carnem
628 1479 731 1531 Clu·isti
754 1485 782 1528 el
805 1477 853 1531 uei
876 1494 1001 1548 unquam

157 1550 280 1620 possein
298 1565 438 1603 secessum
460 1551 543 1603 mitti.
563 1551 618 1603 Nec
633 1549 710 1602 enim
737 1550 875 1601 asemona
890 1548 1001 1602 excide-

157 1626 200 1674 rat
225 1620 376 1674 hominum
405 1619 629 1674 Christianorum
658 1618 735 1689 quod
765 1618 887 1673 refertur
916 1620 1002 1673 Exodi

519 212 749 270 nissattrarlo
763 214 795 267 ΙΝ
818 213 882 266 llll.
904 211 949 267 DE
968 212 1131 271 CORPORE
1153 213 1196 268 ET
1216 211 1388 269 sanamus
1405 211 1536 271 baulai.

1399 396 1553 437 RESPONSIO.

1092 487 1157 541 liae
1172 486 1274 541 nullibi
1289 486 1440 541 incurrunt
1454 487 1484 541 in
1499 487 1596 541 oculos
1612 487 1687 556 apud
1703 487 1903 551 Bactrianorum,

1056 574 1108 612 nec
1123 558 1259 612 credibile
1279 563 1322 612 est
1340 559 1487 612 hominem
1513 561 1563 628 qui
1584 559 1618 610 de
1643 563 1784 626 potestate
1800 563 1905 611 mentis

1055 644 1112 682 uon
1143 629 1303 695 excesserit,
1331 630 1402 683 adeo
1440 629 1494 682 sihi
1525 628 1700 682 contrarium
1730 644 1800 682 esse.
1835 629 1904 682 Nam

1055 699 1162 769 passim
1189 699 1258 754 dicit
1284 716 1335 754 seu
1360 698 1531 767 intelligitur
1555 700 1659 762 dicere,
1689 716 1792 779 corpus
1821 699 1905 752 Chri-

1056 771 1091 824 sti
1115 770 1145 824 iu
1161 787 1217 841 quo
1234 775 1355 825 rnortem
1381 787 1481 840 passus
1507 775 1559 833 est,
1579 771 1608 825 iu
1631 769 1806 825 Eucharistia
1831 771 1903 822 eris-

1055 847 1126 908 tere,
1151 842 1192 894 uti
1206 841 1337 911 pluribus
1352 842 1413 911 jam
1439 840 1508 895 locis
1528 841 1715 907 ostendimus,
1731 857 1803 910 quos
1817 855 1905 909 repc-

1055 916 1116 966 tere
1144 928 1386 982 supervacaneum
1413 913 1566 966 rideretur.
1585 912 1650 976 ,Nec
1678 911 1754 964 enim
1777 911 1906 964 numeris

1056 985 1090 1038 89
1106 987 1134 1036 et
1147 985 1179 1037 97
1201 984 1306 1052 callipit
1324 983 1372 1037 uli
1391 997 1489 1053 corpus
1508 984 1617 1036 Christi
1633 998 1685 1036 aon
1698 989 1826 1036 cernatur
1844 997 1906 1035 ocri·

1056 1054 1101 1120 lis,
1113 1068 1160 1108 aee
1176 1055 1351 1120 manifestum
1372 1056 1418 1122 sit,
1434 1055 1475 1108 ibi
1483 1057 1591 1107 omniura
1609 1069 1662 1106 uria
1686 1067 1749 1107 esse.
1765 1054 1904 1106 Tantum-

1056 1125 1141 1178 modo
1158 1125 1289 1178 observat
1306 1123 1498 1180 differentiam
1520 1124 1696 1179 intercedere
1711 1124 1786 1177 inter
1801 1131 1906 1194 myste-

1056 1195 1132 1248 rium
1153 1195 1280 1266 corporis
1297 1194 1373 1264 quod
1394 1195 1556 1249 celebratur
1578 1194 1609 1248 in
1633 1194 1764 1259 Ecclesia,
1787 1200 1815 1248 et
1835 1209 1904 1263 pro·

1057 1265 1152 1346 prium
1166 1281 1269 1338 corpus
1284 1265 1388 1320 Christi
1404 1265 1434 1319 iu
1454 1280 1628 1337 quopassus
1643 1270 1671 1318 et
1688 1272 1818 1318 mortuus
1841 1272 1903 1317 est:

1056 1351 1087 1389 ru
1114 1352 1206 1406 eoque
1231 1338 1384 1390 consistere
1406 1337 1481 1407 quod
1512 1336 1542 1389 in
1566 1335 1701 1406 mysterio
1724 1335 1777 1388 sub
1801 1334 1905 1404 figuris

1057 1421 1160 1477 corpus
1185 1408 1222 1461 sit
1237 1407 1360 1461 velatum
1387 1414 1416 1460 ct
1440 1423 1499 1461 uon
1524 1406 1680 1476 palpabile,
1705 1422 1809 1475 corpus
1833 1421 1904 1457 ιψιο

1057 1478 1131 1548 quod
1157 1493 1273 1548 passum
1295 1483 1323 1531 et
1344 1477 1498 1548 sepultum.
1526 1477 1709 1531 irranifeslum
1733 1477 1770 1530 sit
1792 1481 1821 1528 et
1840 1478 1904 1545 pal·

1056 1548 1160 1629 pabile.
1177 1548 1293 1603 lnlerim
1310 1564 1367 1601 uon
1390 1549 1430 1600 ait
1446 1548 1516 1602 duas
1532 1564 1592 1601 esse
1609 1548 1774 1600 existentias
1794 1563 1902 1604 rernm.

1057 1634 1116 1673 rmo
1140 1634 1207 1672 vero
1228 1620 1371 1689 conceptis
1391 1619 1484 1672 serbis
1508 1619 1620 1671 docete
1649 1633 1706 1670 uon
1730 1619 1808 1688 quod
1832 1618 1903 1673 dua-

156 1706 219 1760 cap.
245 1707 328 1758 xxxu,
347 1706 427 1742 rersn
445 1691 479 1743 ιιι
495 1706 502 1743 z
523 1691 593 1743 Com
609 1689 718 1757 Moyses
734 1692 872 1758 arripiens
885 1692 1000 1744 uitulum
1022 1699 1043 1755 Β
1057 1704 1121 1744 rum
1137 1689 1195 1743 sint
1209 1689 1364 1744 existentiae
1385 1705 1481 1743 rerum
1498 1689 1572 1742 iuter
1587 1705 1615 1742 sc
1629 1689 1818 1754 diversarum,
1831 1703 1904 1741 eor·

156 1776 234 1829 quem
259 1764 378 1828 fecerant
401 1761 535 1814 Israelita
560 1761 703 1814 commissit
727 1766 752 1814 et
773 1762 900 1814 contrivit
919 1776 1004 1830 usque

157 1831 194 1883 od
207 1832 342 1899 puluerem
357 1846 434 1898 quem
458 1835 561 1899 sparsit
577 1834 605 1883 in
620 1846 719 1898 aquam
734 1834 760 1883 ιι
771 1831 847 1885 dedit
862 1846 896 1884 ee
910 1847 941 1885 ea
954 1847 1004 1901 po·

156 1906 211 1955 tum
236 1901 305 1971 filiis
333 1902 426 1956 lsrael.
453 1903 491 1955 lle
507 1917 564 1972 quo
580 1903 639 1954 baec
661 1901 774 1971 scripsit
793 1901 919 1955 carmine
945 1918 1002 1956 nou

156 1987 273 2041 prorsus
301 1972 512 2025 contemnendo
546 1974 645 2025 Petrus
672 1972 850 2034 Rhemensis,
879 1972 1004 2040 scriptor

157 2041 303 2111 antiquus,
323 2042 357 2095 de
374 2043 446 2112 Niga
462 2042 563 2106 dictus,
587 2043 615 2095 in
632 2048 741 2095 birrora
760 2058 821 2109 sua,
848 2059 934 2114 quam
949 2045 1002 2098 ha-

158 2112 217 2166 beri
241 2112 271 2164 in
298 2111 469 2166 bibliotheca
494 2112 664 2166 Calloniana
689 2113 858 2166 testificatur
880 2114 1004 2168 loannes

157 2180 295 2237 seldenus
316 2181 351 2235 de
368 2182 424 2235 iliis
446 2182 532 2251 Syris,
549 2187 727 2253 syntagmate
748 2186 775 2249 ι,
798 2184 831 2236 de
851 2185 936 2239 uitulo
953 2200 1003 2238 art-

156 2266 210 2317 reo,
228 2257 256 2305 et
270 2253 299 2306 in
313 2252 485 2306 bibliotheca
501 2254 618 2323 capituli
635 2253 760 2308 ecelesiae
777 2255 1004 2325 metropolitanae

158 2323 326 2377 Rhemensis
342 2324 403 2393 ipse
419 2323 487 2377 ridi.

188 2408 357 2466 comminuit,
373 2409 525 2459 commiscet
536 2410 611 2474 equis
646 2414 719 2460 otum
732 2411 778 2462 dat
791 2413 908 2462 Hebraeis

219 2472 342 2520 Excolat
358 2472 444 2520 fredus
457 2485 503 2535 per
513 2472 571 2521 loca
584 2425 655 2522 fracia
665 2473 744 2524 Deus.

192 2550 271 2604 va.
297 2549 377 2618 (ibid.
404 2566 469 2621 pag.
496 2552 572 2619 292.)
597 2551 650 2607 Sed
672 2552 741 2605 illud
765 2555 851 2608 uoluit
872 2559 1005 2608 ectermor

160 2619 223 2690 (hoc
244 2621 302 2675 sale
328 2620 422 2692 placet
443 2621 620 2676 dissertatori
642 2621 780 2677 defricare
803 2625 1004 2694 Nalramnum)

157 2692 275 2759 intelliqi
292 2705 340 2745 aee
356 2694 430 2745 cerui
450 2694 478 2746 ia
494 2707 555 2761 ara,
571 2708 618 2746 aec
637 2692 750 2761 comedi,
768 2709 816 2748 nec
829 2696 926 2761 sraapi
945 2710 1004 2748 cor-

158 2777 209 2830 pus
234 2762 346 2827 Christi,
371 2763 531 2830 sublatoque
547 2765 576 2816 ia
595 2764 672 2817 culos
687 2779 806 2833 corpore,
824 2781 877 2819 aon
898 2771 1007 2820 restare

157 2834 275 2902 amplius
289 2832 365 2887 istud
378 2836 407 2886 ia
422 2836 512 2888 terris.

501 2945 658 2985 absconsio,

1057 1760 1134 1830 poris
1148 1760 1279 1813 videlicet
1291 1765 1319 1813 et
1333 1760 1450 1831 spiritus
1464 1776 1470 1814 :
1488 1775 1586 1813 rerum
1600 1775 1656 1812 arna
1672 1758 1830 1829 eademque
1845 1774 1902 1824 res,

1058 1830 1215 1886 sectandum
1252 1830 1340 1896 aliud,
1373 1831 1482 1901 speeies
1509 1831 1592 1901 panis
1618 1835 1645 1883 et
1671 1830 1730 1883 sini
1756 1829 1903 1892 consistit;

1059 1903 1215 1956 secandum
1240 1901 1326 1969 aliud,
1352 1917 1455 1972 corpus
1480 1910 1523 1954 est
1551 1905 1579 1954 et
1602 1900 1720 1971 sanguis
1749 1901 1867 1956 Christi.
1888 1922 1902 1946 ιι

1059 1973 1140 2036 (Num
1171 1974 1213 2026 lis.

1093 2044 1157 2098 xtx.
1175 1974 1254 2114 (rig.
1272 2045 1332 2097 ιιι.
1351 2041 1566 2111 uastandam.)
1587 2042 1667 2096 Illam
1690 2041 1799 2095 Domini
1817 2055 1904 2093 rocem

1057 2113 1179 2183 Spiritus
1201 2119 1242 2167 est
1265 2113 1316 2184 qai
1339 2113 1460 2167 vivificat
1482 2127 1560 2167 aum.
1587 2115 1616 2166 31
1648 2115 1684 2166 ιιι
1706 2115 1907 2178 intepretatur

1057 2190 1089 2238 ιιι
1103 2183 1136 2237 de
1156 2186 1298 2254 spirituali
1320 2184 1485 2238 credentium
1505 2198 1598 2252 opera,
1622 2183 1669 2237 ιιι
1694 2187 1732 2236 ιιι
1745 2182 1810 2250 ιιι,
1829 2183 1906 2234 arci-

1055 2257 1128 2326 piat,
1152 2271 1210 2324 qua
1224 2257 1356 2322 ciriticnt,
1381 2270 1441 2324 quse
1458 2256 1528 2320 socii
1547 2256 1715 2319 musterium,
1731 2254 1832 2320 absque
1850 2267 1906 2320 qua

1057 2325 1111 2395 fide
1135 2332 1160 2380 cl
1185 2328 1339 2395 operatione
1360 2327 1491 2392 mysteria
1520 2329 1625 2379 terrram
1655 2337 1751 2393 corpus
1776 2327 1905 2392 pararint,

1057 2411 1106 2451 uec
1119 2399 1250 2463 mysterio
1267 2396 1386 2465 quidem,
1402 2396 1449 2450 scd
1461 2395 1620 2450 substantia
1633 2400 1715 2463 panis
1727 2399 1752 2447 et
1763 2393 1832 2447 uini.

1406 2534 1564 2574 aaseoNSlo.

1095 2626 1203 2680 Revera
1225 2640 1339 2678 necesse
1363 2629 1406 2678 est
1427 2624 1555 2679 defendit
1580 2625 1755 2679 Nalramnns
1779 2637 1829 2677 eos
1852 2624 1904 2692 qui

1059 2695 1223 2767 percipiunt
1244 2695 1449 2751 Euclraristianr
1467 2696 1570 2750 habere
1590 2696 1688 2749 iidem.
1706 2695 1829 2764 insuper
1843 2694 1907 2748 Pas-

1059 2767 1171 2820 chasius
1194 2771 1223 2819 et
1244 2782 1344 2820 omncs
1359 2766 1412 2819 riri
1434 2767 1569 2821 catholici
1592 2766 1751 2835 postulant,
1774 2765 1808 2818 ad
1825 2779 1907 2818 uren·

1045 2829 1117 2891 'tem
1148 2836 1175 2891 S.
1198 2837 1297 2891 Pauli:
1326 2837 1420 2892 Probet
1442 2842 1532 2890 ‹ratem
1558 2840 1677 2905 seipsum
1706 2836 1792 2899 bomo,
1818 2840 1843 2888 et
1867 2838 1906 2889 sie

1060 2907 1093 2962 de
1108 2908 1153 2962 illo
1167 2923 1238 2976 pane
1256 2907 1328 2975 edat,
1352 2911 1377 2960 ct
1391 2906 1425 2960 de
1442 2910 1525 2962 calice
1539 2907 1623 2961 bibat.
1649 2907 1702 2973 Qui
1718 2905 1868 2960 miraducat
1883 2910 1908 2957 et

1057 2978 1128 3031 bibit
1139 2977 1262 3045 indique,
1276 2993 1337 3031 reus
1352 2980 1403 3031 erit
1417 2979 1537 3048 corporis
1551 2983 1577 3031 ιι
1595 2977 1749 3046 sanquiais,
1763 2991 1817 3030 aon
1829 2975 1907 3045 diju-

173 3096 178 3107 Ι
192 3024 220 3080 Si
235 3040 338 3106 corpus
360 3024 464 3106 Christi
487 3031 554 3095 post
568 3027 765 3108 ascensioqem
788 3027 817 3081 in
832 3028 918 3109 creles
934 3044 1004 3083 neu·
1024 3049 1045 3104 C
1059 3051 1153 3105 ,1pr
1162 3063 1258 3117 corpu,
1269 3050 1376 3102 pomini
1386 3049 1408 3113 (ι
1421 3048 1481 3104 ὼν,
1496 3065 1533 3113 Π,
1547 3049 1602 3117 29)¹

158 3102 269 3166 uquam
287 3112 317 3149 ¹¹¹
340 3101 423 3150 ²0¹?ss
446 3112 636 3166 P⁰Vm³¹¹³¹⁸⁵⁰
660 3099 716 3152 ⁵¹h¹
738 3104 926 3168 P⁰f⁵¹¹³³¹⁵⁵0¹
948 3100 1003 3155 Bi·
1094 3120 1150 3174 Nec
1160 3119 1303 3172 aliudsihi
1316 3120 1377 3173 vrrlt
1390 3119 1640 3173 liatramausdnm
1651 3116 1807 3188 explicans,
1822 3130 1905 3170 num.

157 3173 296 3231 tramnus,
329 3183 478 3238 nunquam
504 3167 620 3223 dixisset
647 3184 727 3222 nram.
754 3171 806 3223 aa:
840 3170 894 3224 iste
921 3171 1005 3240 panis

157 3242 186 3291 rt
201 3238 273 3291 calix
300 3238 350 3307 qui
375 3254 479 3307 corpus
502 3238 606 3293 Christi
623 3241 790 3293 nominatur
814 3245 843 3293 et
865 3240 971 3295 existit.
989 3263 1002 3290 ιι

159 3309 216 3362 Nec
234 3323 316 3361 num.
341 3307 386 3367 ιι,
410 3308 446 3361 de
469 3308 658 3377 sanguinein
679 3309 779 3363 arbore
798 3311 889 3364 crucis
904 3312 1004 3376 eflusa,

161 3400 171 3424 ι
189 3393 246 3447 quo
260 3392 320 3430 noa
336 3377 429 3430 selum
441 3376 663 3444 redimeremur,
675 3395 774 3432 verum
791 3379 877 3433 etiem
893 3387 1006 3450 potare-

160 3463 234 3500 nrrrr.
250 3467 260 3493 ι
274 3447 419 3515 Nusquam
431 3447 517 3500 etiam
527 3448 697 3502 occurrisset
707 3449 871 3512 lectoribus,
887 3466 923 3504 ne
937 3451 1006 3504 auti·

157 3517 251 3584 cipata
267 3515 403 3585 opinione
417 3516 584 3571 fallerentur
599 3517 635 3572 de
650 3518 744 3572 verbis
760 3519 884 3642 propriis
900 3520 1006 3590 quibus

159 3601 227 3638 ersus
242 3589 297 3650 est,
314 3600 366 3638 nce
391 3585 588 3641 admonuisset
607 3588 651 3642 his
673 3605 738 3660 quae
781 3589 902 3644 abeatur
924 3607 1004 3644 num.

160 3657 205 3709 101
224 3671 230 3708 :
251 3676 265 3703 a
289 3656 345 3709 Nec
361 3656 425 3709 ideo
449 3657 585 3727 quoniam
615 3659 669 3713 ista
689 3660 811 3714 dicimus
835 3665 952 3731 putetur
976 3663 1003 3715 iu

158 3726 296 3795 mysterio
322 3727 494 3781 sacramenti
509 3744 613 3798 corpus
638 3731 752 3785 Domini
767 3731 810 3785 vel
835 3733 1003 3803 sanguinem

157 3795 248 3865 ipsius
263 3812 352 3851 nona
373 3798 506 3852 fidelibus
527 3799 613 3864 sirmi,
632 3800 745 3871 quando
766 3801 838 3856 fides
853 3818 910 3856 non
930 3804 1004 3874 quod

158 3867 257 3921 oculus
273 3867 360 3933 videt,
384 3870 431 3923 sed
450 3869 525 3940 quod
547 3870 637 3925 credit
651 3872 762 3941 accipit.
780 3891 794 3923 ιι
814 3873 895 3927 Fides
910 3879 1005 3927 autem

159 3953 217 3993 nou
241 3954 344 4009 corpus
362 3939 391 3992 in
414 3938 518 4010 figura,
544 3942 593 3994 sed
608 3957 707 3995 vertam
727 3942 758 3995 in
776 3943 950 3998 Eucharistia
964 3945 1006 3996 le-

157 4013 217 4063 tere
237 4010 337 4071 credit,
362 4009 491 4080 adeoque
506 4025 562 4064 non
580 4010 683 4065 falsum
705 4017 755 4065 aut
768 4011 924 4081 figuratum
939 4019 1006 4067 ante

159 4079 290 4150 percipit.
318 4080 489 4151 Neutiquam
513 4081 599 4134 etiam
624 4081 739 4136 dixisset
760 4098 840 4137 urim.
858 4084 910 4138 lo:
929 4105 942 4133 a
959 4085 1004 4137 Vi-

158 4164 229 4202 num
251 4164 366 4219 quoque
389 4165 447 4219 quo
470 4150 639 4205 sacerdotali
665 4153 879 4208 consecratione
902 4155 1006 4210 Christi

158 4219 308 4288 sanguinis
332 4225 544 4274 sacramentum
574 4221 707 4289 eflicitur,
740 4223 817 4277 aliud
840 4225 1005 4295 superficie·

159 4294 243 4341 tenus
254 4287 388 4355 ostendit,
413 4289 490 4344 aliud
512 4290 634 4345 interius
655 4292 791 4348 continet.
810 4313 823 4344 ιι
843 4295 914 4358 Quid
928 4296 1005 4349 enim

159 4364 264 4429 praeler
283 4358 381 4412 vinum
404 4359 524 4413 interius
547 4361 682 4428 continet,
703 4363 758 4417 nisi
780 4365 922 4419 inlocum
947 4366 1005 4419 rini

147 4428 264 4482 'Christi
279 4430 396 4499 sanguis
412 4436 576 4500 reponatur.
593 4432 713 4503 iusuper
727 4434 796 4504 quid
813 4452 928 4490 necesse
945 4442 1006 4491 erat
1025 4448 1047 4502 n

159 4514 282 4554 numero
307 4501 341 4554 30
364 4500 482 4555 dicere:
510 4522 524 4550 a
540 4502 590 4556 sed
614 4514 747 4574 seraper
768 4507 935 4576 mysterium
956 4523 1005 4578 pe·

160 4586 224 4623 ιιιιιι
250 4575 278 4623 ιι
300 4570 398 4624 riuum
425 4573 454 4625 in
484 4572 613 4643 corporis
646 4579 675 4628 et
697 4577 846 4645 sanguinis
869 4592 1006 4631 conuersa

160 4640 346 4694 substantiam
367 4657 381 4694 a
401 4641 535 4697 fidelibus
551 4644 700 4710 sumenda,
720 4646 776 4700 »si
799 4647 935 4701 doctrinae
956 4648 1005 4702 Ec·

159 4712 253 4764 etesiae
274 4711 419 4766 catholicae
448 4713 482 4768 de
496 4715 814 4770 transsubstantiatione
843 4717 1007 4772 abnuisset?

160 4781 216 4835 Nec
236 4780 331 4835 fricari
345 4788 458 4852 oportet
471 4783 506 4838 de
522 4800 588 4838 roae
603 4801 652 4854 per
665 4788 834 4853 mysterium,
855 4804 919 4858 quae
934 4788 1005 4842 nihil

160 4851 238 4906 aliud
262 4851 405 4922 significat
429 4853 483 4907 nisi
511 4870 610 4909 verum
632 4856 735 4911 Christi
762 4874 866 4928 corpus
889 4864 917 4912 ιι
941 4875 1006 4912 san-

159 4922 277 4990 guinem
305 4922 358 4976 sub
386 4923 534 4992 speciebus
564 4926 648 4995 panis
671 4932 700 4981 et
726 4927 784 4981 sini
806 4928 1006 4983 absconditum

160 5007 338 5062 permanere.
356 4993 427 5047 Nam
443 5010 542 5048 reuera
557 4996 629 5050 nihil
644 4996 720 5050 aliud
742 5001 802 5052 vult
817 5015 850 5052 eo
871 4999 925 5054 loci
947 5000 1005 5053 iia-

159 5072 290 5117 lramnns
306 5079 394 5134 qnam
416 5065 490 5135 quod
509 5065 569 5137 ipse
592 5067 702 5120 dixerat
723 5083 803 5122 num.
826 5070 871 5133 28,
887 5069 1005 5138 scilicet,

162 5154 176 5181 e
192 5133 335 5187 Christum
350 5139 502 5206 antequam
515 5141 662 5206 pateretur
676 5137 759 5205 panis
774 5139 960 5194 substantiam
979 5146 1007 5193 ιι

160 5203 218 5256 sini
235 5210 393 5258 creaturam
409 5214 574 5260 convertere
588 5207 715 5277 potuisse
729 5209 759 5262 in
775 5211 925 5278 proprium
945 5227 1007 5264 cor·

160 5287 214 5342 pus
229 5276 304 5343 quod
321 5290 472 5344 passurum
483 5281 555 5345 erat,
571 5283 599 5330 et
613 5279 642 5330 iu
658 5293 742 5332 suum
757 5280 938 5350 sanguinem,
955 5281 1006 5351 qui

161 5352 223 5413 post
242 5344 406 5398 fundendas
421 5350 491 5400 erat.
510 5366 521 5396 ι

196 5413 287 5469 livill.
310 5417 480 5484 «Nusquam
505 5417 655 5472 animasse
676 5438 687 5468 ι
710 5417 817 5489 (inquit
839 5418 1007 5475 dissertator

160 5499 227 5608 pag.
243 5488 292 5540 171
308 5486 442 5541 editionis
464 5486 630 5542 Parisieusis
645 5492 673 5542 et
692 5489 744 5544 ιιι
757 5488 878 5545 edition.
894 5495 1005 5546 Amele-

173 5552 277 5623 odam.)
298 5574 313 5604 a
325 5557 382 5609 nisi
401 5555 450 5609 uhi
466 5557 605 5628 palpabile
625 5559 670 5615 sit.
697 5578 708 5608 ι
725 5559 798 5627 quod
812 5562 910 5616 iterum
929 5577 1006 5632 repe·

161 5628 196 5678 tit
208 5640 282 5679 naim.
302 5627 346 5685 89.
368 5626 523 5695 eotlipr'tque
535 5627 634 5682 ariade
652 5643 726 5683 num.
749 5633 792 5694 17,
815 5650 829 5679 e
845 5631 894 5686 ubi
910 5646 1006 5702 corpus

161 5711 214 5750 ιιοιι
236 5700 363 5748 canalia
383 5697 477 5762 oeulis,
501 5712 548 5751 aea
572 5701 747 5767 manifestum
771 5702 817 5767 sit,
839 5702 1006 5756 idiomatae

161 5780 213 5818 tlhtt
228 5778 294 5818 ιιιι.
311 5783 325 5813 u

1060 3191 1105 3260 31,
1121 3191 1182 3244 1ιιιι
1195 3190 1282 3243 verba
1294 3205 1301 3243 :
1315 3190 1436 3259 Spiritus
1447 3192 1544 3270 estqui
1557 3191 1688 3258 vivificat,
1702 3188 1762 3242 ait:
1781 3209 1794 3235 u
1805 3187 1837 3241 ln
1853 3187 1908 3240 hoc

1059 3260 1157 3331 itaque
1173 3260 1308 3329 mysterio
1328 3259 1455 3332 corporis
1475 3265 1504 3314 et
1523 3259 1672 3330 sanguinis
1689 3257 1848 3330 spiritualis
1863 3261 1906 3310 est

1060 3329 1190 3401 operalio
1209 3346 1272 3400 quse
1287 3330 1375 3384 vitam
1392 3335 1518 3400 prestat,
1544 3332 1605 3384 sine
1629 3331 1711 3397 cojos
1736 3326 1905 3398 operatione

1060 3401 1198 3470 mysteria
1212 3400 1284 3453 nihil
1300 3407 1429 3471 prosunt.
1447 3422 1460 3450 ιι
1476 3402 1583 3456 Revera
1601 3400 1679 3455 enim
1696 3400 1754 3454 hac
1769 3399 1908 3469 mysteria

1059 3486 1117 3524 non
1131 3471 1224 3524 solum
1240 3471 1312 3525 nihil
1328 3476 1459 3542 prosunt,
1479 3487 1577 3525 rerum
1599 3471 1686 3524 etiem
1707 3469 1906 3523 intertrimen-

1060 3545 1121 3594 tum
1137 3541 1259 3595 efferant
1278 3547 1306 3595 et
1324 3549 1457 3609 mortem,
1473 3542 1497 3595 si
1516 3543 1623 3612 absque
1646 3541 1701 3595 fide
1717 3546 1746 3594 et
1768 3540 1908 3593 charitate

1061 3611 1244 3682 recipiantur.
1268 3613 1324 3666 Nee
1350 3613 1427 3666 enim
1451 3613 1506 3666 alia
1532 3618 1627 3667 mente
1654 3610 1780 3680 theologi
1803 3609 1908 3664 docent

1062 3682 1265 3736 Ericharistiam
1283 3699 1342 3737 esse
1364 3688 1575 3737 sacramentum
1591 3683 1731 3746 virorum,
1748 3696 1804 3734 noa
1825 3695 1906 3733 mor·

1061 3756 1187 3807 tuorum.
1219 3754 1322 3807 Verum
1346 3753 1407 3807 hac
1432 3753 1529 3807 omnia
1553 3769 1610 3807 non
1633 3753 1794 3823 signilicant
1819 3751 1907 3804 solam

1059 3839 1169 3892 operam
1193 3825 1365 3893 spiritualem
1390 3823 1532 3878 vivificare
1556 3829 1583 3878 et
1607 3823 1699 3877 facere
1725 3821 1905 3892 mysterium.

1060 3894 1212 3964 Nunquam
1229 3896 1264 3948 sit
1288 3894 1398 3949 locotus
1423 3900 1466 3949 est
1484 3895 1656 3948 Ratramnus
1678 3909 1758 3948 num.
1780 3894 1823 3955 31,
1846 3890 1907 3944 imo

1060 3980 1127 4018 vero
1151 3964 1327 4018 contrarium
1355 3964 1453 4019 docuit
1473 3965 1517 4019 his
1536 3965 1653 4019 verbis:
1684 3963 1831 4017 «Carnem
1859 3961 1906 4015 di·

1060 4035 1099 4089 cit
1134 4034 1182 4088 uid
1207 4050 1272 4088 uem
1287 4050 1344 4089 non
1368 4037 1513 4105 prodesse,
1524 4034 1574 4089 illo
1589 4034 1674 4089 modo
1689 4034 1761 4088 sicut
1774 4031 1908 4087 infideles

1060 4050 1273 4185 ipteiligeiant3
1301 4105 1429 4175 alioquin
1454 4106 1542 4159 vitam
1568 4104 1687 4176 praebet,
1710 4104 1782 4157 sicut
1802 4101 1907 4157 afide-

1060 4175 1135 4229 libus
1160 4191 1212 4246 per
1236 4176 1404 4246 mysterium
1420 4175 1552 4230 sumitur.
1581 4177 1614 4230 Et
1637 4176 1691 4229 hoc
1712 4173 1817 4245 quare?
1842 4173 1908 4242 lpse

1060 4245 1226 4300 manifestat
1246 4262 1311 4301 com
1334 4246 1421 4301 dicit:
1446 4248 1567 4316 Spiritus
1585 4249 1625 4301 est
1648 4247 1696 4314 qai
1716 4246 1846 4313 viviticat.
1874 4242 1906 4297 lu

1060 4316 1114 4371 boo
1136 4316 1235 4387 itaque
1253 4319 1390 4386 mysterio
1404 4317 1534 4387 corporis
1558 4320 1586 4370 et
1609 4315 1756 4386 sanguinis
1776 4313 1908 4386 spiritua·

1061 4386 1096 4440 lis
1119 4391 1162 4440 est
1176 4388 1317 4457 operatio,
1340 4403 1405 4458 quae
1420 4387 1507 4442 vitam
1521 4392 1648 4457 prestat,
1664 4387 1725 4440 sine
1739 4385 1819 4455 cujus
1836 4398 1909 4454 ope·

1060 4455 1173 4511 ratione
1189 4458 1324 4527 mysteria
1342 4458 1391 4512 illa
1405 4458 1478 4513 nibil
1493 4462 1622 4528 prosunt,
1646 4456 1783 4527 quoniam
1801 4468 1909 4524 corpus

1060 4526 1177 4597 quidem
1198 4543 1314 4598 pascere
1334 4535 1463 4598 possunt,
1483 4530 1532 4582 sed
1558 4527 1683 4581 animam
1708 4540 1822 4597 pascere
1850 4540 1907 4577 non

1060 4604 1191 4668 possunt.
1207 4618 1221 4648 ιι
1236 4598 1305 4663 Quis
1317 4614 1383 4652 reio
1397 4615 1430 4653 ex
1445 4599 1490 4653 his
1503 4598 1647 4667 intelligat
1659 4597 1747 4651 solam
1761 4595 1848 4649 fidem
1865 4610 1910 4648 re·

1060 4667 1193 4738 cipientis
1211 4670 1325 4737 operari
1338 4671 1518 4740 mysterium,
1534 4672 1562 4722 et
1575 4684 1634 4722 uon
1650 4671 1825 4737 perspectam
1855 4664 1907 4718 ha·

1059 4738 1125 4793 beat
1157 4738 1347 4793 Christianam
1374 4745 1401 4793 et
1426 4739 1592 4794 catholicam
1621 4737 1770 4791 veritatem
1798 4734 1909 4789 scilicet

1059 4824 1174 4863 carnem
1191 4814 1221 4862 et
1243 4811 1413 4880 sanguinem
1433 4809 1537 4864 Christi
1556 4811 1585 4862 in
1609 4807 1782 4862 Eucharistia
1800 4805 1910 4859 anime

1058 4880 1147 4933 uitam
1163 4878 1300 4944 tribucre,
1327 4880 1434 4933 scilicet
1447 4880 1581 4949 gratiam,
1596 4879 1683 4949 digne
1704 4875 1911 4947 recipientibus

1059 4949 1114 5004 hoc
1142 4955 1363 5015 sacramentam,
1392 4949 1445 5003 rite
1480 4950 1588 5019 paratis
1613 4947 1787 5011 bominibus,
1818 4951 1911 5017 alque

1059 5018 1199 5088 expeditis
1224 5025 1251 5072 et
1274 5019 1394 5086 idoneis,
1417 5035 1467 5074 seu
1483 5020 1538 5074 lide
1553 5025 1582 5074 et
1600 5019 1736 5073 charitate
1753 5032 1785 5070 ac
1799 5016 1912 5070 virtute

1059 5088 1237 5161 paenitentiae
1252 5091 1412 5144 exornatis‘l

1095 5159 1150 5214 XX.
1169 5161 1342 5227 lipsterium,
1367 5163 1408 5214 ait
1431 5161 1608 5222 flatromnas,
1625 5161 1716 5227 inquit
1734 5156 1912 5218 dissertator,

1021 5277 1028 5286 .
1059 5245 1139 5301 pag,
1166 5233 1219 5284 ιιι
1245 5233 1313 5285 ιιιι.
1341 5231 1521 5301 amstelod),
1549 5233 1596 5298 aqi
1618 5230 1810 5298 spiritualiter,
1842 5232 1914 5296 quia

1059 5299 1125 5370 fidei
1148 5303 1263 5370 spiritus
1286 5301 1358 5357 illud
1384 5304 1513 5371 peroqil:
1541 5304 1609 5369 tides
1634 5315 1665 5353 ea
1693 5301 1793 5368 pascit,
1819 5298 1914 5367 latip-

1060 5375 1113 5437 eat,
1138 5369 1262 5441 vivificat
1284 5375 1409 5439 iuferius,
1429 5388 1488 5426 cum
1506 5371 1578 5440 quod
1600 5373 1720 5424 caterius
1735 5373 1784 5434 est,
1800 5382 1912 5421 cantem

1060 5441 1215 5567 qloitqsfiam
1237 5441 1292 5496 bac
1314 5458 1388 5512 pura
1399 5449 1523 5513 putaque
1546 5442 1832 5496 Sacramentariorum
1846 5453 1913 5493 ero·

1403 5614 1561 5656 retroacto.

1095 5700 1229 5760 libenter
1247 5708 1442 5777 'percontarer
1461 5709 1484 5760 'a
1506 5705 1689 5761 dissertatore
1714 5718 1773 5776 qua
1797 5702 1912 5758 ratione

1060 5775 1228 5846 mysterium
1246 5778 1335 5833 elfleri
1351 5793 1434 5848 posse
1451 5776 1504 5831 sibi
1521 5777 1690 5848 persuadeat
1706 5777 1759 5828 ursi
1775 5776 1911 5844 spiritua·
