3930 6098
104 250 157 304 875
667 241 837 297 abluatur
854 239 1107 298 suuuecusuffls
1125 238 1283 297 erutus.
1800 237 1844 290 876

225 398 255 438 a.
273 394 429 437 noumrcu
448 393 480 433 rx
498 390 574 434 eosr
589 391 826 433 reurrnosrau.
967 378 1163 432 Ahumannm
1186 377 1378 447 dignatusest
1394 372 1547 441 redimere,
1572 388 1627 426 sue
1645 387 1696 427 ros
1720 369 1842 442 dignetur

142 470 349 527 Benedictionis
376 468 490 522 Domini
512 467 603 538 gratie
626 482 674 519 ros
693 481 809 536 semper
818 469 952 537 protegat
1003 465 1203 521 benedictione
1213 464 1398 533 locupletare.
1413 463 1514 517 Arnen.

107 561 183 617 eleb
199 559 277 613 omni
293 557 369 612 malo
385 555 528 610 delendat.
544 558 646 609 Amen.
1041 555 1106 626 Ejus
1135 568 1248 624 semper
1273 558 1302 606 et
1325 551 1433 622 ubique
1461 550 1624 621 patrocinia
1652 548 1789 615 sentietis,
1812 564 1837 604 er

142 644 256 698 ltundet
270 659 319 696 vos
334 641 369 695 ab
384 641 464 694 omni
482 638 601 694 crimine
624 644 817 709 peccatorum,
832 644 862 692 et
882 638 950 693 sibi·
1005 645 1086 713 cujus
1101 642 1270 696 intemerato
1286 645 1366 694 utero
1382 643 1527 694 auctorem
1547 638 1612 691 vitoe
1633 636 1776 706 suscipere
1790 652 1837 691 nne·

108 739 165 787 met
177 732 288 802 placere
302 729 388 784 iaciat
401 729 430 781 in
444 732 595 780 aternum.
612 728 713 780 Amen.
1006 729 1111 784 ruistis.
1127 733 1228 784 limen.

141 821 241 891 Ibique
256 818 336 873 vobis
360 815 499 871 Dominus
523 816 650 885 placatus
674 816 813 878 occurrat,
841 818 870 868 et
893 829 951 868 suae
1042 818 1185 889 thuied
1200 818 1262 887 ejus
1284 814 1485 870 celebrandam
1509 813 1696 869 festivitatem
1717 812 1836 868 hodierne

105 906 313 965 benedictionis
328 919 413 976 opem
428 904 581 974 dignanter
594 901 743 957 attribuat.
761 907 863 956 Amen·
1005 907 1052 961 die
1066 906 1176 961 devotis
1191 904 1336 960 mentibus
1359 904 1543 970 convenistis,
1564 901 1758 973 spiritualium
1779 917 1834 972 gau-

141 996 223 1062 Duod
241 996 311 1067 ipse.
1005 996 1119 1050 diorum
1135 1000 1163 1050 et
1177 1000 1351 1050 aeternorum
1365 993 1553 1065 premiorum
1567 991 1719 1047 uobiscum
1734 1007 1834 1046 munere

232 1117 259 1156 n.
276 1113 434 1155 noururci
449 1113 470 1152 x
484 1111 560 1152 rosr
578 1109 818 1152 eeurrcosrnu.
1006 1082 1168 1154 ΓθΡθΐῑθῑῑῦ·
1184 1085 1285 1137 Amen·

144 1189 331 1260 Omnipotens
357 1185 497 1242 Dominus
526 1185 675 1255 adaperiat
701 1201 750 1239 cor
771 1188 897 1239 vestrum
922 1182 953 1239 in
1042 1172 1122 1236 0⁰0d
1137 1171 1209 1242 19⁸0·

108 1281 170 1351 lege
194 1294 257 1345 sua,
282 1282 310 1331 et
334 1275 469 1331 humiliet
490 1275 600 1329 animas
622 1279 730 1330 vestras
752 1274 787 1329 ad
815 1272 954 1344 capienda
1092 1293 1120 1332 u.
1141 1293 1177 1332 or
1197 1291 1368 1332 unnrrnuo
1389 1290 1415 1332 s.
1437 1289 1575 1332 Jouuurs
1589 1287 1765 1330 narrusrrs.

108 1366 243 1422 mandatu
258 1364 390 1419 coelestis.
408 1365 510 1418 Amen·
1043 1367 1126 1433 Deus,
1142 1365 1193 1437 qui
1207 1382 1256 1419 ros
1270 1366 1299 1421 B.
1311 1364 1428 1420 Joannis
1452 1362 1587 1434 Baptistae
1601 1361 1733 1417 concedit
1747 1360 1831 1415 solem-

144 1455 290 1526 Quidquid
304 1454 383 1507 vobis
397 1469 448 1522 pro
463 1453 553 1506 saluta
569 1451 731 1506 animarum
746 1455 907 1506 vestrarum
922 1466 954 1504 os
1008 1456 1056 1510 nia
1082 1455 1279 1525 frequentare,
1309 1453 1417 1508 tribuet
1444 1452 1525 1507 vobis
1555 1457 1583 1506 et
1615 1451 1716 1507 eadem
1746 1449 1832 1504 devotis

26 1534 31 1540 ⁸
109 1542 291 1600 mortalitatis
315 1549 421 1596 nostra
442 1545 564 1609 enarrat,
591 1544 739 1610 acceptum
761 1539 842 1594 vobis
863 1539 954 1610 pietas
1007 1543 1321 1607 mentibusccstbrcre,
1337 1547 1438 1597 ecsuae
1457 1540 1667 1597 benedictionis
1691 1539 1763 1595 dona
1780 1554 1832 1610 per·

108 1634 204 1688 diuina
220 1631 335 1686 ellleiat.
351 1634 453 1685 Amen.
973 1633 1113 1711 Beipere.
1130 1636 1230 1686 lmen.

146 1723 180 1776 Ut
204 1720 308 1774 divinis
329 1718 508 1772 sermonibus
532 1717 662 1785 animati,
685 1733 751 1771 cum
771 1716 879 1787 eisqui
903 1732 955 1788 pro
1043 1722 1076 1775 Et
1094 1721 1144 1791 qui
1167 1736 1219 1791 pro
1243 1720 1314 1790 legis
1339 1719 1401 1790 ejus
1426 1717 1569 1790 praeconio
1596 1717 1783 1772 carceralibus
1803 1719 1833 1767 est

108 1810 187 1864 robis
214 1807 377 1878 invigilant,
403 1807 438 1861 ad
462 1811 598 1860 salernam
621 1804 827 1861 beatitudinem
845 1820 951 1860 meres·
1008 1815 1136 1863 retrusus
1160 1810 1192 1862 in
1216 1807 1354 1872 tenebris,
1377 1805 1580 1860 intercessione
1597 1821 1649 1859 sna
1664 1805 1835 1859 atanebroso·

3 1950 6 1954 .
109 1898 180 1952 mini
196 1897 346 1967 pervenire
366 1895 457 1949 illaesi.
474 1898 575 1949 Amen.
1009 1913 1074 1952 rum
1089 1912 1210 1967 operum
1225 1913 1275 1950 vos
1290 1895 1393 1951 liberet
1408 1893 1567 1949 incentivis.
1580 1896 1684 1949 Amen.

143 1982 223 2048 0¹¹⁰d
240 1982 310 2052 ipse·
1046 1987 1079 2040 Et
1098 1986 1147 2057 qni
1165 2001 1217 2056 pro
1231 1982 1360 2050 veritate,
1384 1999 1449 2054 qnae
1474 1984 1547 2037 Deus
1567 1987 1620 2050 est,
1636 1984 1723 2052 capnt
1744 1983 1837 2034 noned

233 2105 259 2143 ῃ,
279 2103 434 2143 omnum,
453 2103 482 2141 xl
502 2101 577 2142 poso
601 2101 837 2142 ppprgfflsffl,
1010 2079 1158 2128 cunctatus
1169 2074 1309 2141 amittere,
1327 2089 1378 2126 sun
1392 2073 1554 2126 interventu
1568 2072 1603 2125 ad
1620 2074 1708 2140 caput
1721 2073 1836 2132 restrum,

146 2177 288 2230 Concedent
307 2175 386 2229 robis
410 2176 550 2229 Dominus
579 2175 731 2245 praemium
757 2174 957 2230 sincerissimae
1010 2162 1086 2232 ‘1¹¹0d
1097 2159 1225 2216 Chfssilss
1237 2164 1289 2229 θὸῒ,
1303 2159 1389 2214 fimi
1399 2157 1558 2230 ΡθΝθΠῘΓθ·
1574 2160 1679 2212 ΑΜ·

110 2266 266 2330 charitatis,
282 2268 314 2318 ut
329 2280 394 2318 cum
410 2264 544 2318 omnibus
568 2279 682 2333 semper
700 2263 730 2317 in
752 2279 822 2333 pace
846 2264 956 2318 vivatis.
1046 2249 1128 2314 0¹1⁰d
1144 2248 1214 2320 ipse·

110 2358 212 2409 Amen.
1048 2372 1075 2411 n.
1094 2370 1127 2410 ru
1149 2367 1451 2410 couueuonrrrorru
1467 2366 1598 2407 currunt
1618 2363 1812 2406 sonorosus.

144 2442 330 2496 Inimicornm
346 2441 477 2495 omnium
491 2440 611 2494 insidias
627 2441 768 2511 superetis
782 2445 811 2496 ot
830 2456 957 2512 praesen·
1047 2463 1157 2516 Sanctae
1173 2460 1224 2515 pei
1243 2458 1390 2531 genitricis
1413 2457 1518 2523 Mam,
1544 2458 1752 2527 beatorumque
1771 2453 1838 2526 spiri.

111 2533 169 2582 iem
185 2528 271 2581 Vitam
291 2527 481 2581 Sissssflfiffiiffle
496 2527 650 2597 Wflssatss·
668 2530 770 2581 Amen·
1013 2555 1093 2606 tunm
1111 2556 1196 2620 atquc
1210 2547 1341 2602 omnium
1358 2552 1520 2601 sanctornm
1535 2561 1654 2601 snorum
1679 2543 1840 2601 intercessio·

146 2616 212 2670 Sitis
228 2620 256 2669 et
275 2615 334 2683 jam
359 2620 477 2668 ornatu
505 2614 687 2668 conscientiae
713 2614 807 2680 liberi,
836 2620 868 2670 nt
887 2615 959 2671 nihil
1013 2640 1099 2694 „ibus
1114 2637 1281 2708 apericulis
1297 2636 1468 2691 etreafflm,
1487 2635 1601 2706 eripiar,
1627 2637 1804 2706 etprowgst,
1820 2634 1842 2686 et

112 2703 246 2758 metuetis
261 2703 290 2757 in
306 2702 352 2757 die
363 2703 465 2773 judicii
479 2702 645 2773 postfuturi.
660 2705 762 2756 lmen.
1013 2732 1099 2783 emat
1114 2742 1163 2779 ,03
1179 2724 1327 2780 Dominus·
1345 2727 1446 2780 Amen,

148 2793 228 2856 0¹¹⁰d
244 2792 337 2863 illm
1049 2818 1195 2881 Quatenus
1210 2830 1335 2885 quorum
1358 2813 1499 2869 solemnia
1519 2811 1709 2881 veneramini,
1730 2811 1808 2866 iidem
1820 2811 1842 2863 et

220 2913 247 2953 Β.
264 2913 296 2953 ΙΝ
315 2912 433 2953 illitu
467 2911 493 2952 S·
518 2911 655 2952 JOANNIS
678 2911 852 2952 BAPNSTAE·
1015 2910 1094 2960 actus
1107 2903 1237 2959 devotius
1255 2902 1420 2969 imitemini,
1438 2908 1471 2957 ut
1496 2900 1682 2972 proemiorum
1707 2897 1841 2955 beatitudi-

150 2987 300 3041 Benedicat
330 2986 411 3040 vobis
438 2985 621 3056 omnipotens
654 2986 737 3038 Deus.
768 2985 882 3039 Joannis
907 2985 958 3038 Ba·
1015 3010 1082 3049 nem
1102 2991 1276 3046 internaliter
1291 2992 1427 3062 consequi
1443 2989 1624 3046 mereamini.
1644 2992 1745 3044 Amen.

112 3075 205 3145 ptistan
221 3074 436 3139 intercessione,
454 3074 535 3144 cujus
549 3073 636 3128 hodie
652 3074 781 3127 natalitia
800 3074 958 3141 celebratis,
1049 3079 1131 3143 Quod
1147 3079 1216 3150 quia
1239 3078 1382 3149 condigna
1405 3077 1537 3148 passione
1554 3091 1638 3130 nemo
1659 3080 1789 3141 meretur,
1802 3072 1839 3127 ille

113 3163 307 3234 concedatque
333 3167 364 3218 ut
384 3162 467 3231 cuius
490 3162 641 3229 solemnia,
667 3162 770 3228 colitis,
800 3162 961 3232 patrocinia
1013 3169 1095 3239 cujus
1110 3168 1255 3222 miseratio
1269 3168 1349 3222 nulla
1367 3167 1424 3221 fine
1448 3165 1638 3233 concluditur,
1664 3162 1840 3236 multiplicetis

113 3252 253 3308 sentiatis.
268 3255 370 3305 Amen.
1012 3256 1093 3311 vobis
1108 3255 1342 3311 intercessoribus
1356 3255 1505 3325 largiatur.
1523 3257 1625 3309 Amen.

148 3341 227 3394 lllius
250 3340 368 3394 obtentu
396 3339 430 3392 ab
454 3339 590 3394 omnibus
614 3339 740 3393 adversis
763 3339 914 3408 tueamini,
932 3341 961 3394 et
1049 3346 1130 3410 Quod
1154 3344 1216 3416 ipse
1241 3348 1376 3416 praestcre
1400 3344 1544 3415 dignetur,
1567 3342 1703 3414 quicum
1725 3339 1838 3395 Pstrcct

111 3426 340 3482 bonisomnibns
356 3425 558 3495 perfruemini,
582 3425 632 3496 qui
655 3426 809 3480 adrentum
835 3427 959 3482 Redem—
1013 3433 1121 3505 Spiritu
1137 3437 1233 3487 sancto
1244 3432 1312 3487 vivit
1324 3437 1352 3487 et
1362 3436 1463 3503 regnat
1481 3433 1564 3499 Deus,
1579 3446 1632 3502 per
1646 3431 1740 3486 omnia
1753 3427 1837 3484 secuti

111 3515 201 3585 ptoris
221 3513 321 3567 muudi
336 3514 458 3567 necdum
480 3518 564 3567 natus
584 3513 710 3583 agnovit,
736 3513 836 3569 metris
852 3514 959 3569 sterili·
1013 3521 1194 3575 soculorum.
1213 3525 1313 3576 Amen.

111 3606 198 3655 tatem
208 3602 350 3657 nascendo
367 3601 493 3669 abstulit,
511 3601 600 3672 patris
617 3600 747 3673 linguam
766 3607 849 3656 natus
864 3603 958 3657 absol·
1398 3610 1475 3665 Alia.

111 3690 160 3744 VR·
174 3691 276 3744 Amen·
1047 3715 1101 3769 Per
1119 3714 1353 3771 intercessionem
1374 3730 1566 3787 supernorum
1591 3714 1696 3770 civium
1718 3711 1835 3769 custodiit

145 3779 290 3844 Quatenus
306 3777 396 3848 ipsius
417 3778 502 3847 ugni,
526 3792 614 3848 quem
638 3776 687 3831 ille
709 3776 800 3848 digito
820 3777 956 3846 ostendit,
1011 3819 1061 3856 νος
1076 3803 1215 3858 Dominus
1229 3810 1322 3860 rector
1337 3805 1520 3875 angelorum·
1536 3806 1639 3859 Amen·

112 3869 194 3935 cujum
219 3867 419 3921 immolatione
450 3867 517 3919 estis
551 3865 703 3936 redempti,
739 3867 779 3920 itu
819 3867 957 3921 virtutum
1049 3893 1416 3948 Uteorumtutelaconpffl
1439 3891 1583 3962 spiritales
1606 3896 1636 3946 ,t
1659 3890 1779 3946 emal„
1796 3883 1834 3938 ad·

111 3955 185 4009 lanis
204 3954 308 4016 vestiri,
325 3960 353 4008 et
375 3955 570 4009 innocentiam
593 3954 711 4009 valeatis
733 3954 853 4019 imitari,
878 3961 909 4009 nt
931 3955 959 4010 ei
1011 3981 1151 4035 ,marios
1167 3981 1281 4047 muniti,
1297 3980 1326 4036 in
1341 3996 1462 4035 numero
1476 3981 1604 4036 mmmm
1624 3979 1674 4034 pei
1688 3970 1833 4034 mereamini

111 4047 225 4097 aeternae
240 4044 341 4113 patries
352 4043 485 4097 felicitate
500 4042 615 4113 possitis
628 4043 754 4112 adjungi,
769 4045 870 4098 Amen.
1012 4068 1184 4140 computari,
1201 4071 1303 4124 ,amem

146 4132 225 4195 0¹¹⁰d
239 4133 310 4201 ipse.
1047 4156 1102 4221 Qui
1115 4174 1167 4228 per
1180 4157 1345 4213 omnimode
1359 4156 1547 4213 comnminum
1559 4173 1676 4228 genera,
1690 4156 1749 4228 ejus
1757 4148 1833 4209 inedi-

148 4253 175 4291 n.
196 4252 229 4291 ru
248 4252 362 4291 reruni
384 4250 614 4292 rrosrouonurr
637 4251 731 4292 erran
759 4250 795 4292 rr
813 4252 920 4293 ulum.
977 4245 1064 4309 phili
1077 4247 1169 4317 gratia
1183 4252 1376 4318 pervenerunt
1390 4246 1426 4301 ed
1440 4247 1565 4302 coelestia
1579 4263 1678 4319 regne.
1693 4251 1786 4301 Amen.

148 4324 301 4378 Benedicat
315 4323 394 4378 vobis
418 4323 600 4395 omnipotens
623 4325 708 4391 Deus,
734 4325 857 4396 quivos
880 4325 958 4383 beati
1047 4335 1129 4400 Quod
1146 4335 1217 4407 ipse.

112 4421 188 4475 Petri
209 4420 397 4475 saluberrimo
418 4421 595 4476 corrfsssiona
615 4422 646 4476 in
668 4422 867 4479 ecclesiastica
890 4424 959 4481 fidei
1418 4426 1493 4480 Alio.

110 4509 239 4563 fundavit
255 4508 406 4563 θθὶῑᾶἢὸῑθ·
423 4511 524 4563 Amen·
1046 4532 1154 4585 Auctor
1168 4534 1197 4584 et
1209 4533 1408 4587 remunerator
1426 4530 1556 4585 omnium
1579 4531 1731 4597 bonorum,
1747 4525 1829 4583 tributi

148 4599 180 4651 Et
203 4613 274 4667 quos
298 4597 374 4651 beati
401 4598 824 4654 Paulisanctissimainstruxit
851 4602 958 4672 praedi·
1011 4618 1591 4675 ,robissocietatemsamsoffimsuorum,
1607 4624 1710 4676 Amen,

111 4684 233 4745 catione,
258 4699 309 4737 sua
329 4690 445 4739 tueatur
468 4687 632 4756 gratissima
658 4687 835 4742 defensione.
855 4693 956 4745 Amen.
1047 4704 1102 4773 Qui
1116 4709 1160 4761 ,ep
1174 4707 1248 4762 bene
1264 4707 1351 4762 creati
1366 4707 1396 4762 in
1412 4709 1473 4779 eju,
1489 4725 1588 4765 amore
1602 4707 1779 4780 perstiterunt
1795 4698 1828 4753 iel

145 4773 290 4838 Quatenus
311 4775 412 4828 Petrus
431 4775 517 4837 cleve,
544 4775 648 4831 Paulus
669 4793 812 4844 sermone,
843 4779 957 4849 utrique
1011 4798 1095 4867 culp„
1117 4812 1168 4850 sua
1195 4797 1331 4868 prolapsi,
1356 4797 1433 4852 ipius
1458 4798 1653 4853 jnaestjmabffi
1666 4799 1764 4870 9101„oe
1780 4804 1825 4846 sur·

110 4861 325 4929 intercessione,
341 4863 377 4917 nd
391 4863 469 4916 illam
486 4880 533 4916 vos
547 4869 656 4917 certent
675 4865 799 4934 patriam
824 4865 959 4921 introdu-
1010 4889 1156 4940 rexerunt,
1171 4888 1273 4941 Amen·

109 4964 184 5017 cere,
201 4948 236 5002 ad
251 4964 339 5018 quam
354 4948 396 5002 illi
411 4949 483 5003 alter
497 4964 589 5017 cruca,
606 4951 676 5004 alter
694 4951 801 5022 gladio,
818 4952 958 5007 hodierne
1047 4975 1082 5029 Ut
1104 4974 1266 5031 imitatione
1289 4975 1481 5047 perfectorum
1507 4975 1749 5037 christicolarum,
1761 4969 1826 5026 cole

109 5037 155 5092 die
170 5052 336 5107 pervenere.
352 5039 453 5091 Amen.

144 5125 225 5189 Quod
242 5124 314 5195 ipse.

1012 5063 1095 5119 redes
1109 5063 1185 5118 fiatis
1197 5065 1355 5120 coelestium
1365 5065 1513 5121 virtutum.
1530 5069 1633 5122 lmen.

1045 5152 1124 5217 Quod
1138 5152 1209 5223 ipse.

285 5246 313 5285 n.
335 5245 367 5285 ru
392 5245 605 5288 rrsrrrrrerr
622 5248 648 5289 s.
670 5248 785 5289 ulain.
1394 5244 1488 5298 Alia.

146 5318 221 5372 Deus
240 5317 290 5390 qui
304 5335 356 5389 per
370 5319 462 5375 beatae
479 5321 574 5377 llariae
595 5322 716 5389 virginis
736 5327 851 5393 partum
866 5341 957 5396 genus
1048 5328 1259 5385 Benedictlonis
1272 5345 1331 5385 snae
1347 5346 1396 5385 ros
1411 5331 1550 5387 Dominus
1573 5332 1754 5404 omnipotens
1770 5318 1826 5397 jugi·

143 5471 155 5495 ⁸
175 5464 233 5519 llnc
251 5483 340 5537 usque
356 5468 574 5526 benedictiones
589 5471 779 5526 Dominicales
791 5478 856 5544 post
870 5473 1054 5530 Pentecosten
1072 5474 1196 5531 habebnt
1213 5476 1300 5532 codex
1322 5477 1532 5548 Ultrajectinns.
