3930 6098
93 300 147 353 tlt

596 299 733 358 CONTRA
755 300 953 356 GltAECOltUll
979 302 1153 358 berosus.
1168 331 1200 339 -
1215 302 1280 358 ttb.
1306 302 1351 357 lv.

1797 307 1847 360 318

95 442 158 491 turn
179 441 232 502 est,
253 452 330 491 nunc
350 436 458 508 portari
479 453 536 491 non
556 442 659 508 potest,
677 454 776 492 rernm
798 439 942 494 moliendo
961 443 1064 495 hante
1090 441 1196 496 Pascha
1218 439 1428 510 jejunantibus;
1449 438 1514 493 aliis
1539 444 1604 495 ante
1630 458 1678 496 sex
1708 441 1846 514 septima·

94 527 338 581 contradictiones
353 526 383 580 in
406 525 553 581 discordiae
571 527 736 582 scandalum
756 528 945 598 congeritur:

95 631 133 669 au
162 616 234 670 adeo
255 615 460 686 imprudentiae
485 616 611 670 tenebris
636 622 702 671 suut
729 617 861 684 involuti,
890 634 946 689 quo

96 708 200 775 putent
221 705 357 759 Ecclesiae
377 704 481 760 Christi
510 705 695 760 insolentium
723 706 947 777 reprehensione

95 793 169 847 reite
195 799 317 861 malms,
349 793 424 864 quod
451 794 616 849 inconcusse
650 811 702 866 per
732 795 822 850 multa
845 797 948 850 saecnla

95 882 266 936 servavere?

132 970 313 1035 membranas,
340 971 476 1026 Romame
504 971 579 1026 sedis
605 973 780 1043 apostolicus
811 990 828 1026 a
863 975 947 1028 Petro

96 1061 227 1130 apostolo
252 1059 416 1130 trigesimus
439 1061 550 1127 tertias,
573 1062 607 1116 de
629 1061 730 1132 quinta
749 1061 948 1117 Sabbaticon-

96 1148 200 1212 stituit,
225 1152 257 1201 ut
279 1148 357 1201 nulla
382 1148 502 1213 ratione,
529 1149 686 1218 Dominica,
710 1156 760 1204 aut
784 1151 886 1221 quinta
908 1150 948 1204 ie·

97 1236 141 1290 ria
152 1237 298 1307 ieiunium
313 1238 379 1308 quis
402 1238 437 1292 de
458 1238 592 1292 fidelibus
611 1245 725 1307 ageret;
747 1239 885 1310 quoniam
901 1255 949 1294 eos

97 1324 159 1378 dies
184 1323 291 1395 pagani
325 1325 406 1394 quasi
439 1341 518 1378 sacro
544 1326 657 1396 jejunio
685 1326 878 1381 celebrabant.
912 1327 949 1383 Et

96 1414 229 1484 quamvis
245 1415 340 1484 potior
352 1413 402 1467 illa
417 1415 488 1468 ratio
505 1414 634 1468 videatur
647 1431 707 1468 csse
722 1416 757 1470 de
775 1416 833 1470 diei
850 1415 948 1471 Domi·

96 1503 157 1556 nici
176 1501 332 1573 pransione
355 1519 441 1572 quam
458 1503 552 1556 omnis
569 1507 646 1557 tenet
668 1504 801 1572 Ecclesia,
826 1505 902 1576 quod
918 1504 948 1558 in

97 1607 133 1644 ea
148 1590 281 1645 videlicet
294 1591 421 1645 Christus
442 1606 459 1645 a
478 1591 600 1646 mortuis
615 1593 813 1663 resurrexerit,
829 1600 856 1648 et
871 1592 947 1664 qnod

96 1680 189 1737 laturi
204 1678 300 1733 saecuti
316 1680 429 1750 requies
444 1695 493 1750 per
506 1695 570 1734 eam
580 1680 760 1748 significetur
775 1698 781 1736 :
798 1682 833 1736 de
847 1683 949 1752 quinta

98 1784 215 1838 qnoque
235 1768 362 1834 Sabbati,
384 1784 471 1839 quam
489 1769 589 1823 beatus
608 1769 741 1824 Silvester
755 1786 820 1825 cnm
844 1771 949 1826 Graecis

98 1857 250 1927 disputans
273 1856 408 1924 reddidit,
432 1873 490 1910 non
515 1863 559 1911 est
583 1863 680 1911 tamen
705 1860 948 1914 contemnendum

98 1945 177 2018 quod
205 1945 375 1999 llelchrades
396 1945 542 1999 Romanus
564 1946 715 2016 episcopus
742 1947 865 2001 edocuit.
896 1947 949 2002 Pa-

98 2050 243 2105 ganorum
258 2033 365 2087 etenim
378 2034 490 2104 jejunia
505 2035 653 2089 destruere
668 2035 763 2105 potius
783 2053 869 2107 quam
881 2037 949 2090 irni-

98 2125 154 2176 tari
173 2122 260 2176 debet
278 2122 400 2176 Ecclesia
419 2123 566 2190 catholica,
588 2124 836 2194 quemadmodum
866 2125 948 2179 lesti-

101 2214 203 2265 ritates
223 2227 325 2265 eorum
346 2211 504 2278 universas,
525 2213 677 2282 inquibus
696 2214 949 2284 potiusdoemoni-

98 2300 155 2353 bus
169 2316 255 2370 qnam
274 2302 330 2354 lleo
357 2315 421 2354 vero
440 2300 570 2354 noscitur
584 2300 731 2356 deserviri.
751 2303 782 2356 Et
797 2302 862 2357 ideo
878 2319 949 2357 con·

99 2388 249 2442 senienter
262 2389 412 2442 delinitum
428 2394 455 2442 et
475 2389 533 2442 illis
555 2389 655 2443 diebus
670 2406 686 2443 a
710 2390 878 2446 Christianis
895 2407 951 2446 non

100 2494 163 2532 esse
180 2476 383 2548 jejunandum,
415 2477 520 2548 quibus
546 2478 651 2548 pagani
669 2479 803 2550 jejunare
827 2497 948 2534 noscun-

99 2571 163 2632 tur;
190 2583 227 2620 ne
246 2566 302 2634 piac
324 2565 543 2620 sanctimoniam
567 2567 717 2637 religionis
742 2570 885 2623 maculare
908 2569 950 2622 vi·

100 2656 203 2710 deatur
225 2653 390 2723 superstitio
411 2654 581 2708 demoniaci
607 2657 709 2709 cultus.
732 2660 865 2711 Attamen
885 2673 951 2712 cum

101 2743 198 2814 prima
213 2741 329 2796 Sabbeti
345 2741 382 2797 sit
395 2743 530 2797 omnibus
549 2743 719 2799 Christianis
738 2747 879 2815 generalis
899 2747 950 2800 ob·

101 2830 256 2896 servantia,
273 2846 331 2884 non
351 2830 514 2901 jejunandi,
532 2831 662 2902 quintam
678 2832 794 2886 Sabbati
818 2850 876 2886 non
892 2849 952 2887 om·

101 2919 188 2974 nibus
207 2919 358 2973 observare
385 2935 446 2972 mos
465 2925 517 2984 est,
538 2919 671 2989 pluribus
684 2920 724 2989 ,in
750 2938 783 2975 eo
806 2921 852 2975 die
876 2921 950 2992 jeju·

999 546 1067 597 nas;
1098 529 1162 584 aliis
1195 534 1260 584 aute
1289 533 1397 598 septem
1420 530 1534 583 Paschae
1565 530 1741 601 septimanas
1770 530 1846 602 jeju.

1000 619 1080 674 nium
1100 618 1324 673 inchoantibus:
1350 616 1377 672 id
1404 623 1455 681 est,
1477 618 1592 687 quidam
1619 617 1764 688 jejunium
1793 619 1846 674 Pa-

1000 709 1095 762 sehale
1111 708 1247 762 inchoant
1262 713 1338 760 serta
1354 705 1532 759 hebdomada
1555 712 1620 760 ante
1639 708 1756 770 Pascha,
1773 722 1846 761 non·

1001 797 1072 852 nulli
1087 797 1219 868 septima,
1235 798 1330 864 plures
1349 801 1461 860 octava;
1481 795 1678 863 superaddunt
1698 795 1784 849 etiam
1799 794 1849 850 alii

1002 902 1118 941 nonam.

1037 974 1156 1027 Videant
1177 973 1266 1044 igitur
1290 971 1336 1026 isti
1367 971 1589 1042 reprehensores
1617 985 1690 1039 quos
1722 966 1846 1022 habeant

1000 1065 1043 1116 vel
1068 1063 1186 1116 comites
1211 1062 1252 1115 rel
1280 1060 1445 1114 imitatores.
1474 1058 1601 1130 [lenique
1623 1073 1687 1111 cum
1712 1054 1848 1111 Romanis

1002 1168 1061 1206 non
1090 1155 1257 1216 consonant,
1293 1150 1342 1220 qui
1375 1165 1424 1201 sex
1452 1146 1646 1201 hebdomadas
1669 1145 1849 1199 continenter

1001 1245 1067 1292 ante
1105 1239 1210 1293 Pascha
1239 1244 1342 1308 practer
1371 1234 1550 1290 Dominicam
1576 1234 1726 1304 jejunant3
1754 1247 1849 1301 neque

1002 1344 1066 1382 cunr
1084 1327 1186 1397 eisqui
1203 1326 1323 1396 septime
1341 1323 1520 1379 hebdomada
1532 1323 1676 1395 jejunium
1693 1321 1847 1376 inchoent:

1002 1416 1235 1487 quandoquidem
1265 1415 1311 1468 isti
1338 1413 1387 1467 illa
1419 1430 1448 1466 se
1481 1412 1580 1466 dicunt
1608 1409 1789 1465 hebdomade
1813 1409 1850 1463 ab

1002 1507 1064 1559 oris
1096 1513 1123 1557 et
1153 1520 1235 1558 caseo
1269 1503 1428 1568 continere,
1460 1502 1615 1571 perlectam
1646 1515 1712 1553 vero
1745 1495 1850 1568 jejunii

1002 1594 1133 1648 nondum
1165 1592 1377 1646 observantiam
1415 1590 1583 1660 suscepisse,
1624 1586 1702 1659 quod
1741 1585 1851 1640 faciunt

1003 1682 1044 1737 itti
1070 1682 1121 1753 qui
1141 1686 1249 1752 septem
1273 1679 1466 1734 hebdomadas
1482 1677 1593 1748 jejunio
1615 1674 1744 1730 Paschali
1768 1672 1850 1729 dedi-

1004 1787 1113 1826 cavere.

1041 1860 1143 1914 bicant
1163 1857 1250 1912 etiam
1274 1856 1330 1923 isti,
1349 1855 1426 1928 quod
1450 1859 1513 1909 octo
1538 1851 1766 1908 hebdomadibus
1784 1853 1850 1905 ante

1004 1949 1111 2004 Pascha
1125 1947 1257 2001 carnibus
1272 1945 1442 2011 abstineant,
1457 1943 1562 2015 jejunii
1581 1942 1625 1995 sui
1644 1957 1703 1995 non
1723 1939 1849 2010 plenam,

1004 2037 1054 2092 sad
1083 2035 1261 2090 dimidiatam
1291 2034 1498 2089 continentiam
1519 2035 1652 2103 agentes;
1670 2028 1746 2083 unde
1767 2028 1851 2097 longe

1005 2125 1125 2180 liuntob
1142 2124 1182 2178 eis
1202 2124 1251 2194 qui
1272 2123 1311 2177 sic
1325 2127 1422 2177 octava
1441 2120 1622 2176 hebdomada
1639 2117 1784 2189 jejunium
1805 2114 1850 2168 in·

1004 2218 1118 2280 chonnt,
1149 2219 1181 2267 ut
1209 2212 1280 2266 nihil
1299 2213 1333 2265 de
1365 2209 1548 2265 continentiae
1579 2209 1714 2262 varietate
1739 2217 1852 2274 permu-

1005 2310 1074 2358 tent.
1096 2304 1158 2356 lam
1177 2318 1244 2356 vero
1265 2316 1331 2354 cum
1354 2298 1410 2353 illis
1434 2298 1484 2369 qui
1505 2313 1607 2351 novem
1623 2291 1852 2349 hebdomadibus

1004 2391 1160 2463 jejunando
1192 2389 1328 2445 Paschale
1365 2394 1478 2458 tempus
1515 2385 1706 2457 praeveniunt,
1742 2381 1852 2434 nullam

1005 2481 1051 2535 isti
1066 2482 1199 2534 ridentur
1218 2478 1323 2532 habere
1340 2475 1595 2540 communionem
1616 2467 1852 2543 quandoquidem

1005 2570 1035 2623 iu
1051 2585 1126 2622 nona
1142 2567 1320 2621 hebdomada
1336 2582 1388 2620 nec
1409 2565 1444 2619 ab
1459 2564 1527 2629 ovis,
1547 2578 1601 2616 nec
1618 2578 1634 2614 a
1649 2575 1741 2626 caseo,
1758 2570 1852 2627 neque

1005 2658 1169 2713 acarnibus
1194 2674 1223 2711 sc
1238 2656 1386 2710 continere
1400 2653 1601 2724 profiteantur.
1627 2651 1698 2720 Ergo
1718 2663 1782 2702 curn
1803 2646 1852 2699 de·

1005 2747 1201 2817 prehendatur
1224 2746 1253 2799 in
1278 2743 1475 2798 observatione
1500 2739 1605 2812 jejunii
1627 2736 1771 2793 Paschalis
1796 2748 1853 2789 non

1005 2837 1097 2890 sotum
1115 2834 1149 2888 eb
1164 2831 1403 2896 occidentalibus,
1418 2847 1517 2884 varum
1534 2830 1569 2882 ab
1585 2825 1779 2883 Orientalibus
1793 2821 1851 2876 dis-

1005 2925 1120 2990 sentire,
1140 2923 1236 2977 dicent
1255 2938 1312 2992 qua
1335 2919 1443 2973 ratione
1468 2917 1678 2988 reprehendent
1696 2914 1851 2978 Romanos,

103 3008 250 3071 nantibus,
295 3008 421 3061 inanime
449 3008 674 3078 Quadragesima
712 3009 858 3080 paschali;
899 3025 951 3063 nec
972 3019 1034 3092 Cat
1048 3029 1106 3067 non
1120 3010 1295 3081 reprehendi
1310 3014 1445 3061 verentur
1457 3006 1492 3060 ab
1507 3006 1570 3060 aliis
1585 3002 1723 3068 Ecclesiis,
1749 2999 1854 3071 quibus

102 3104 201 3151 tamen
229 3097 266 3151 ob
291 3097 346 3151 hoc
365 3096 423 3150 ulla
450 3097 483 3151 tit
514 3097 590 3151 iuter
614 3097 751 3151 Ecclesiae
781 3097 883 3152 Christi
909 3098 951 3153 di·

103 3185 255 3257 sceptatio,
280 3185 460 3240 servantibus
483 3185 605 3256 singulis
624 3203 710 3258 quam
731 3192 953 3256 susceperunta

104 3275 265 3344 majoribus
281 3274 340 3327 suis
357 3274 508 3344 jejunandi
525 3275 569 3328 vel
589 3275 749 3344 prandendi
768 3273 950 3329 cousuetudi-

105 3378 182 3416 nem.
215 3363 274 3416 lloc
302 3361 327 3415 si
359 3362 465 3416 vellent
494 3363 657 3417 Graecorum
690 3364 834 3434 principes
861 3368 952 3417 atten-

103 3451 183 3516 dere,
208 3466 266 3505 non
293 3456 351 3504 tam
370 3450 471 3504 leviter
489 3450 735 3522 reprehenderent
759 3451 873 3505 Latinos
895 3451 954 3504 sive

106 3541 250 3594 Romanos
262 3538 384 3593 Sabbata
401 3540 577 3610 jejunantes,
599 3541 647 3594 sed
667 3557 718 3593 sua
736 3541 863 3594 contenti
885 3556 954 3593 con·

105 3629 270 3694 suetudine,
299 3628 474 3683 mirarentur
509 3629 649 3699 Reginam
677 3629 809 3683 assistere
842 3627 954 3682 Christo

106 3718 136 3771 in
166 3718 269 3770 resuta
289 3719 436 3786 deaurato,
463 3718 706 3771 circumamictam
731 3719 877 3784 varietate,
903 3732 955 3769 nec

106 3805 194 3859 certis
218 3805 326 3876 regulis
363 3812 536 3860 conarentur
568 3805 671 3874 addici,
702 3806 737 3860 de
769 3803 955 3876 quonullam

106 3896 214 3949 habeut
239 3900 299 3948 tarn
330 3895 398 3949 h'orr
416 3895 592 3949 Testamenti
618 3911 704 3966 quam
729 3895 837 3949 Veteris
857 3899 954 3948 aucto·

107 3984 235 4038 ritatem.

444 4088 557 4144 cartu
577 4089 621 4143 lV.

105 4215 233 4276 Romani,
258 4211 331 4279 quod
357 4213 510 4266 Grecoram
535 4227 608 4266 more
632 4213 878 4279 Quadruqeaa'mum
903 4228 957 4266 aron

142 4284 292 4347 obserccut,
325 4283 539 4349 redarguuntur.
574 4286 660 4349 Quom
692 4284 723 4337 ob
748 4299 858 4337 cuasam
891 4299 956 4351 qucr-

143 4354 275 4418 druqtntu
290 4354 398 4406 dimum
411 4355 550 4422 ij'urrium
569 4360 632 4406 urite
646 4355 759 4408 euecta.
789 4356 870 4409 Varie
894 4356 953 4406 heb.

142 4423 326 4478 maceratorum
363 4432 501 4477 reametur·
530 4429 664 4478 scrantur.
706 4425 795 4489 Quare
831 4424 956 4478 nonrmlli

141 4494 357 4550 Occidentutinm
376 4497 493 4562 tripiutu
514 4509 562 4548 rec
581 4495 639 4548 dies
657 4493 795 4564 jejunant.
824 4496 955 4560 Quadru-

141 4568 259 4631 pesimus
270 4565 377 4619 dinam
392 4580 519 4619 numeria
533 4567 696 4634 explicatur.

141 4688 334 4742 Transeamus
353 4687 413 4758 jam
434 4688 469 4742 ad
488 4687 558 4742 illud
580 4687 656 4758 quod
677 4688 712 4743 de
732 4687 956 4758 Quadragesime

103 4775 232 4846 paschali
257 4782 399 4829 conantur
417 4776 600 4846 redarguere,
628 4776 765 4846 dicentes,
789 4777 866 4847 quod
896 4793 954 4830 uon

100 4864 270 4934 jejunemus
287 4864 362 4917 sicut
382 4863 424 4917 illi
443 4869 505 4917 octa
524 4863 717 4919 hebdomadas
737 4871 803 4920 aute
817 4866 956 4921 Paschae

102 4953 250 5018 carnium,
271 4957 300 5006 et
317 4958 427 5021 septem
450 4952 676 5008 hebdomadibus
697 4971 713 5007 a
738 4955 813 5009 casei
831 4960 859 5011 et
885 4971 955 5008 oro·

103 5057 170 5094 rum
188 5055 237 5094 esu
255 5056 308 5093 suo
324 5056 405 5094 more
423 5057 483 5094 non
501 5058 655 5096 cessamus.
676 5043 721 5097 Sic
742 5043 797 5097 ista
818 5044 953 5112 dicentes,

103 5135 243 5200 tanquam
258 5128 331 5182 hanc
345 5129 462 5183 illorum
483 5131 720 5185 consuetudinem
737 5148 837 5186 omnes
852 5133 955 5187 Orien·

102 5217 176 5272 tales
209 5224 238 5271 et
267 5217 473 5284 Occidentales,
506 5222 612 5288 praeter
641 5220 794 5285 Romanos,
822 5220 955 5274 Ecclesiae

102 5309 300 5359 conservent:
331 5306 568 5376 quandoquidem
599 5312 657 5361 tam
698 5309 726 5361 in
761 5308 955 5363 Orientalibus

101 5410 193 5467 qnam
223 5394 254 5448 in
284 5394 513 5450 Occidentalibns
538 5397 666 5451 Ecclesiis
691 5399 780 5450 multa
809 5397 956 5451 diversitas

102 5482 283 5548 inveniatur,
305 5482 378 5536 sicut
403 5483 465 5552 jam
488 5483 621 5554 superius
645 5488 791 5538 ostensum
814 5491 866 5551 est,
893 5485 956 5539 aliis

100 5585 154 5626 sex
182 5569 425 5638 hebdomadibus,
458 5570 563 5642 praeter
604 5570 794 5639 dominicam,
828 5573 956 5628 Ecclesiis

976 4338 1037 4392 [let
1064 4335 1255 4399 consuetudo;
1283 4337 1425 4404 quatenus
1451 4329 1557 4400 singuli
1588 4326 1752 4382 custodiant

1008 3102 1038 3156 in
1060 3099 1187 3154 Paschali
1209 3097 1321 3167 jejunio
1345 3112 1402 3150 non
1431 3094 1605 3148 concordare
1623 3091 1776 3145 videntur:
1806 3089 1855 3140 aut

1007 3194 1081 3243 certe
1097 3188 1246 3258 proferant
1260 3186 1303 3238 rel
1319 3183 1427 3237 Veteris
1440 3184 1484 3236 rel
1500 3181 1569 3236 Novi
1590 3176 1764 3234 Testamenti
1785 3190 1854 3244 prte-

1008 3283 1098 3348 cepta,
1116 3276 1159 3329 vel
1175 3273 1382 3335 auctoritatem,
1400 3287 1458 3343 qua
1473 3269 1628 3324 defendant
1641 3280 1723 3320 suam
1738 3278 1855 3318 consue·
1900 3316 1904 3325 ‚

1008 3365 1149 3429 tudinem,
1166 3361 1209 3416 rel
1230 3362 1388 3416 itomanam
1409 3357 1512 3412 merito
1530 3353 1752 3426 reprehendant.
1772 3351 1854 3416 Quod

1008 3470 1073 3507 cum
1092 3454 1184 3507 lacere
1205 3453 1362 3521 nequeunt,
1380 3449 1480 3503 doceat
1495 3463 1543 3500 eos
1561 3446 1663 3499 saltem
1676 3438 1855 3495 consuetudo

1010 3542 1198 3598 Ecclesiarum
1214 3539 1292 3593 varia
1307 3536 1466 3609 Jejunandi,
1484 3535 1562 3606 qaod
1582 3548 1640 3587 non
1661 3531 1716 3585 ista
1732 3529 1782 3583 liat
1801 3528 1855 3582 ob·

1009 3631 1151 3684 serrantia
1175 3629 1210 3682 de
1234 3625 1429 3697 praeceptione
1451 3637 1622 3694 quacunque
1640 3618 1748 3682 divina,
1775 3615 1856 3687 cujus

1010 3719 1177 3772 necessitate
1196 3715 1359 3785 jejunantes
1383 3718 1590 3766 coerceantur:
1614 3708 1662 3761 sed
1686 3711 1801 3760 maneat
1825 3703 1857 3758 in

1009 3805 1235 3875 uniuscujusque
1254 3801 1409 3872 proposito,
1431 3816 1481 3854 seu
1500 3797 1656 3853 voluntatis
1676 3795 1808 3857 arbitrio,
1824 3798 1857 3846 ut

1009 3911 1074 3950 cum
1090 3893 1196 3964 gaudio
1212 3891 1300 3945 sancti
1319 3889 1440 3959 Spiritus
1456 3887 1556 3942 ollerat
1578 3887 1634 3939 lieo
1655 3883 1732 3955 quod
1751 3881 1804 3935 sibi
1817 3896 1856 3934 re

1010 3989 1087 4038 ctum
1104 3980 1296 4052 possibileque
1319 3977 1440 4042 ridetur,
1454 3982 1483 4030 et
1504 3991 1562 4029 non
1582 3971 1786 4035 necessarium,
1806 3968 1856 4022 sed

1010 4074 1060 4127 liat
1074 4068 1268 4124 voluntarium
1287 4067 1393 4120 bonum
1410 4069 1538 4118 nostrum
1556 4079 1563 4115 ι
1580 4077 1632 4115 nec
1642 4067 1741 4113 tamen
1754 4063 1785 4110 ut
1800 4055 1856 4110 hoc

1009 4161 1040 4215 in
1064 4158 1286 4228 uniuscnjusque
1309 4156 1346 4208 sit
1371 4155 1554 4224 singulariter
1580 4141 1729 4214 electioiae,
1756 4161 1856 4200 verum

1010 4248 1149 4303 servanda
1176 4251 1218 4300 ast
1243 4243 1363 4314 singulis
1379 4242 1510 4296 Ecclesiis
1527 4239 1666 4309 majorum
1691 4234 1856 4300 auctoritas,

1778 4321 1855 4395 qnod

1009 4439 1191 4496 unaquaeqne
1206 4420 1361 4476 Ecclesia'a
1377 4420 1435 4473 suis
1452 4419 1558 4489 accepit
1584 4415 1786 4471 fundatoribus
1807 4428 1858 4465 cu-

1010 4513 1203 4568 stodiendum.
1223 4511 1281 4564 Nisi
1298 4511 1371 4563 forte
1387 4507 1544 4580 putandum
1561 4507 1638 4578 quod
1652 4504 1738 4558 Greci
1755 4501 1858 4556 sintin

1009 4604 1063 4657 hoc
1080 4599 1277 4672 praeponendi,
1299 4599 1376 4668 quod
1394 4593 1575 4652 hebdomada
1595 4595 1716 4683 septima
1733 4607 1785 4646 nec
1806 4606 1860 4644 ova

1010 4706 1061 4743 nec
1077 4704 1192 4742 caseum
1207 4685 1373 4747 coniedanu
1390 4683 1624 4755 quandoquidem
1638 4681 1725 4751 longe
1741 4678 1858 4748 precel-

1010 4778 1108 4832 luntur
1123 4777 1158 4830 ab
1170 4776 1211 4828 eis
1231 4774 1280 4846 qui
1298 4780 1410 4828 coctum
1429 4772 1537 4844 aliquid
1554 4789 1605 4842 per
1624 4777 1713 4825 totam
1729 4768 1858 4832 Quadra·

1009 4866 1149 4935 gesimam
1165 4881 1222 4919 non
1238 4863 1408 4929 comedunt;
1424 4879 1535 4916 necnon
1547 4863 1582 4916 ab
1599 4862 1640 4915 eis
1651 4858 1770 4931 quisolo
1785 4868 1858 4927 pane

1009 4960 1170 5010 vescuntur.
1187 4957 1350 5025 Appareant
1364 4951 1449 5007 etiarn
1475 4954 1596 5005 nautium
1619 4948 1769 5002 interiores
1789 4941 1857 5007 illis,

1010 5045 1059 5115 qui
1080 5061 1132 5097 nec
1153 5043 1217 5107 hoc,
1246 5041 1296 5094 sed
1317 5042 1469 5095 herbarum
1494 5037 1692 5093 tantummodo
1715 5049 1764 5087 esu
1790 5029 1858 5083 reli-

1009 5134 1133 5187 ciontur.
1151 5133 1207 5185 Nec
1222 5146 1338 5201 quoque
1359 5131 1474 5201 penitus
1490 5129 1530 5182 eis
1545 5123 1718 5187 conterendi,
1738 5119 1788 5191 qui
1808 5133 1860 5189 per

1009 5226 1099 5275 totam
1120 5220 1376 5290 Quadragesimem
1398 5220 1439 5272 vir
1458 5218 1544 5272 semel
1566 5219 1615 5268 aut
1636 5211 1724 5266 bisin
1746 5209 1859 5263 hebdo-

1010 5310 1093 5364 mada
1117 5310 1214 5364 cibum
1239 5309 1354 5379 corpori
1379 5308 1548 5377 largiuntur.
1573 5304 1689 5358 Cessent
1717 5299 1806 5369 igitur
1829 5313 1860 5351 se

1009 5398 1244 5468 superextollere,
1263 5414 1298 5451 ne
1319 5401 1469 5459 corruant;
1488 5393 1536 5446 sed
1555 5390 1651 5462 potius
1669 5387 1860 5444 humilientur

1010 5491 1042 5539 ut
1057 5492 1183 5556 surgant,
1199 5491 1228 5539 et
1245 5485 1386 5556 potiorem
1403 5499 1463 5536 esse
1483 5482 1657 5549 cognoscant
1676 5475 1858 5531 concordiem

1011 5574 1096 5646 pacis,
1113 5580 1141 5629 et
1160 5574 1321 5630 dilectionis
1337 5572 1487 5635 unitatem,
1503 5584 1590 5640 quam
1610 5566 1788 5638 jejuniorum
1809 5563 1858 5617 ob·
