3930 6098
52 274 104 329 477
841 272 1026 328 EPlS'l'OLAE.
1756 281 1808 336 tta

54 409 136 461 natos
149 422 286 477 arguens,
308 406 378 461 dum
401 405 510 460 solvere
530 404 651 477 ligatum
676 405 796 477 satagit;
813 420 900 476 quem
917 406 1061 474 doorptta,
1077 407 1173 462 animas
1187 412 1277 463 nutem
1291 411 1361 464 nitit
1371 416 1462 467 nocent
1472 412 1582 484 (Metto.
1594 429 1623 482 x,
1633 412 1691 485 28),
1703 395 1769 469 vere
1779 427 1809 482 et

55 493 182 549 solveret
194 494 353 550 invectione
374 511 426 548 sua
440 504 453 530 ⁸
474 494 601 549 solutum
625 495 686 566 ipse
710 495 824 566 penitus
850 509 908 549 non
963 493 1096 565 religiose
1121 495 1215 550 dicitis
1239 513 1246 550 :
1270 498 1317 551 sad
1342 499 1430 553 miror
1453 516 1504 554 cur
1527 501 1682 556 fortissimo
1703 503 1809 558 docens

56 582 177 637 invenit.
199 584 266 655 Ego,
285 584 470 651 minamine,
487 600 553 638 cum
569 583 658 638 divini
674 583 801 637 numinis
816 587 907 638 testa·
964 582 1157 650 absconditur,
1173 589 1201 639 et
1215 584 1367 639 homiuum
1383 587 1486 641 timore
1501 605 1516 642 a
1532 590 1656 660 propriis
1672 606 1809 661 segrega-

59 672 137 726 tione
151 671 300 726 miseriam
321 671 441 743 periculi
456 671 513 726 mei
528 671 659 742 exposui,
677 671 835 726 remedium
854 687 909 741 po·
964 676 1009 725 tus
1024 688 1075 743 per
1088 672 1199 726 diversa
1213 676 1342 743 vagatur.
1359 675 1421 729 lam
1437 692 1503 730 vero
1519 678 1594 747 quod
1616 678 1645 731 in
1668 678 1810 751 principio

60 760 163 815 stulatti
180 777 188 816 :
205 764 234 815 et
246 776 294 815 vos
306 776 365 814 non
379 776 413 814 ex
426 759 506 814 vobis
518 776 601 831 pure,
616 760 666 814 aed
682 759 732 830 qui
745 759 817 813 mihi
828 758 910 831 quasi
965 776 1011 814 me
1027 760 1134 815 ironica
1148 762 1315 816 solvendum
1330 763 1366 817 ab
1382 763 1423 817 eis
1438 764 1487 834 qui
1507 780 1552 818 me
1576 766 1738 834 ligaverant
1758 768 1810 838 ju-

61 849 180 905 inimico
204 850 388 920 responderet
409 848 565 919 sophistam
589 848 745 920 inquiritis,
770 848 828 902 imo
852 864 911 902 non
963 848 1049 917 betis,
1071 849 1225 904 adicientes
1252 868 1258 904 :
1283 850 1311 905 Si
1333 852 1411 905 enim
1435 857 1504 907 tunc
1528 853 1614 924 digna
1634 855 1687 908 init
1708 871 1810 911 eorum

63 937 220 1008 sophistam
237 937 286 991 sed
301 937 471 992 sollecistam
484 935 592 1007 rogatis
608 954 614 991 :
633 952 745 1009 nosque
760 937 910 1008 quiescen-
964 953 1067 993 manus
1089 938 1245 1009 impositio,
1269 939 1324 994 evit
1347 945 1375 994 et
1399 956 1475 994 nunc
1499 947 1613 1012 accepta
1638 943 1698 997 sine
1723 944 1810 998 dubio

67 1033 117 1093 tes,
141 1031 172 1083 et
195 1030 294 1080 vestra
311 1025 484 1080 beatitudini
509 1026 702 1092 condolentes,
719 1025 756 1080 ad
780 1025 911 1080 stimulos
965 1025 1122 1093 absoltttio;
1148 1026 1216 1097 quid
1239 1033 1339 1081 contra
1364 1044 1393 1082 se
1417 1029 1448 1082 in
1472 1030 1526 1083 hoc
1549 1030 1687 1083 duntaxat
1707 1031 1812 1085 dixerit

63 1114 198 1170 incitatis.
221 1114 382 1169 Sententiae
406 1130 474 1168 vero
497 1114 657 1170 Salomonis
681 1113 867 1179 advertimus,
884 1118 912 1168 et
965 1115 1028 1168 loco
1050 1115 1154 1168 sciolus
1170 1115 1228 1179 illa,
1245 1131 1395 1187 nunquam
1418 1117 1565 1171 advertere
1580 1118 1683 1188 potuit,
1700 1122 1727 1171 et
1744 1118 1812 1173 Sar-

64 1203 218 1270 avobisb,
240 1202 779 1274 dudumeasdissipatascoguovimus
800 1220 806 1257 :
824 1219 911 1274 quam
965 1203 1068 1258 dorum
1097 1201 1269 1258 salsedinem
1296 1205 1434 1272 devitans,
1465 1205 1610 1276 quomodo
1637 1206 1812 1276 salsuginem

64 1297 161 1347 contra
195 1293 312 1346 Patrum
344 1291 486 1358 instituta,
516 1294 544 1346 et
577 1292 755 1347 anteriorum
788 1293 910 1359 decreta,
965 1292 1119 1347 incurrerit
1138 1293 1235 1347 nascit.
1263 1293 1393 1349 sienim
1417 1294 1812 1349 verehocetnonironica

65 1383 248 1435 anathemato
280 1380 392 1435 cuidam
424 1381 591 1436 multotiens
620 1381 815 1451 participasse,
845 1386 911 1435 anta
965 1381 1036 1436 dixit
1058 1386 1089 1435 ut
1112 1382 1179 1453 quid
1205 1382 1286 1436 nobis
1314 1381 1344 1435 in
1371 1381 1458 1437 linem
1488 1398 1641 1454 pravorum
1669 1383 1814 1437 consortia

64 1475 196 1524 nostrum
212 1468 378 1541 episcopum
394 1469 535 1523 bonorem
559 1479 579 1537 ⁰,
602 1469 797 1541 previdimus,
819 1486 910 1523 sacer·
964 1470 1111 1525 interdixit
1132 1475 1159 1525 ct
1175 1475 1249 1525 tacto
1269 1470 1339 1541 picis
1354 1471 1518 1542 inquinatos
1532 1470 1675 1525 firmavit?
1690 1470 1720 1526 Si
1736 1487 1811 1539 tero,

64 1558 239 1629 dotibusque
263 1557 306 1612 illi
330 1557 579 1628 participantibus,
595 1563 660 1628 post
676 1559 815 1613 honorem
832 1575 912 1613 comn-
966 1563 998 1613 ut
1018 1563 1112 1613 textus
1127 1559 1252 1630 epistolae
1268 1558 1361 1626 docet,
1385 1558 1414 1613 in
1432 1558 1574 1613 derisione
1589 1559 1644 1613 hoc
1658 1559 1689 1613 in
1705 1556 1815 1630 princi·

63 1647 224 1702 manicasse
252 1645 437 1718 probavimus
466 1647 546 1701 nullo
575 1651 654 1701 metu
678 1647 805 1716 terroris,
833 1647 912 1701 nulla
966 1647 1015 1718 pio
1030 1647 1158 1718 protulit,
1176 1662 1284 1718 uosque
1308 1663 1359 1718 par
1375 1648 1428 1701 hoc
1444 1647 1599 1718 suggillare
1615 1648 1744 1716 tentavit,
1760 1663 1811 1701 au-

61 1736 212 1791 occasione
226 1736 349 1805 timoris,
372 1736 432 1790 sola
455 1736 601 1790 voluntate
618 1735 719 1802 animi,
740 1741 767 1790 et
783 1737 911 1791 dilectio·
967 1736 1026 1791 diat
1042 1752 1189 1803 nervosus,
1205 1740 1236 1790 ut
1250 1735 1304 1791 sibi
1320 1736 1473 1807 applaudet
1488 1741 1621 1803 assertor,
1638 1741 1666 1790 et
1680 1736 1813 1805 silvosus,

60 1824 100 1880 nis
116 1823 284 1879 affectione.
308 1824 388 1879 Certe
413 1824 537 1879 recolitis
552 1825 667 1895 quando
683 1824 709 1879 ei
724 1825 760 1880 ad
775 1825 912 1879 immola·
965 1842 1024 1882 non
1038 1825 1182 1897 palatinus
1197 1825 1319 1879 dictator
1334 1840 1341 1878 ε
1357 1808 1431 1888 Quid
1456 1828 1581 1879 vestrum
1605 1840 1674 1895 ergo
1699 1823 1813 1895 proprie

60 1914 171 1968 tionem
199 1912 292 1967 missoe
317 1913 442 1968 casulam
469 1929 521 1983 pro
545 1912 714 1967 indumento
744 1913 910 1985 prastasias,
966 1919 1066 1985 pastor
1083 1913 1186 1984 satagit
1200 1913 1419 1983 praesentialiter
1435 1914 1555 1978 solvere,
1572 1929 1659 1984 quem
1674 1913 1812 1983 praevari-

59 2007 171 2074 quanta
185 2001 268 2056 vobis
282 2017 336 2072 ego
351 2000 421 2072 ipsis
436 2000 536 2056 diebus
551 2016 648 2055 amore
663 2005 756 2054 vcstro
771 2000 913 2071 impulsus
967 2008 1077 2056 catores
1099 2018 1159 2056 non
1181 2002 1318 2057 habentes
1342 2001 1450 2072 ligandi
1465 2002 1594 2057 ordinem
1611 2001 1730 2056 mininie
1744 2001 1814 2072 liga·

60 2089 268 2160 suggesserim.
292 2089 396 2155 Quanti
411 2106 428 2144 a
443 2089 573 2145 Patribus
587 2088 775 2158 anathemati,
791 2089 913 2143 inratio-
967 2091 1053 2146 vere?
1070 2092 1141 2161 Ergo
1165 2091 1237 2145 solvi
1260 2090 1405 2162 quomodo
1428 2091 1534 2161 poterit
1557 2090 1607 2161 qui
1628 2090 1732 2161 ligatus
1755 2105 1813 2145 non

61 2178 201 2237 nabiliter
214 2179 277 2233 sine
292 2178 413 2233 concilio
426 2182 518 2232 restra
530 2177 658 2249 jussione
675 2177 802 2232 existunt
816 2177 911 2244 soluti,
968 2180 1095 2234 exstitit?
1110 2195 1176 2234 nam
1191 2178 1215 2232 si
1231 2180 1272 2233 eis
1293 2184 1465 2250 potestatem
1489 2178 1591 2234 adimis
1616 2179 1733 2250 ligandi,
1755 2193 1813 2233 non
1917 2165 1921 2176 ¹

63 2272 139 2324 certe
155 2284 215 2322 non
230 2266 382 2339 ignoratis.
396 2267 531 2333 Recolite,
546 2267 673 2334 obsecro,
690 2265 913 2323 consecrationis

65 2360 166 2410 vestrae
186 2372 247 2410 non
267 2355 415 2426 inculpata
437 2355 590 2428 principia,
614 2361 642 2410 et
662 2373 736 2428 pene
758 2355 913 2410 simoniaco

70 2461 163 2503 errore
186 2444 362 2517 propinquo.
389 2446 525 2499 Poterant
547 2445 626 2499 enim
647 2445 748 2516 quovis
769 2460 913 2499 asserente

75 2533 203 2591 canonica
224 2533 417 2588 inchoationis
431 2538 530 2588 vestrae
545 2533 704 2604 primordia
720 2533 911 2605 comprobari,

81 2623 101 2677 si
113 2622 310 2693 quadringenti
333 2621 418 2677 solidi
443 2638 503 2677 non
525 2622 647 2677 fuissent
661 2622 756 2692 palam
774 2622 913 2676 eunuchis

84 2710 121 2763 vel
133 2710 190 2764 aliis
213 2710 334 2765 exsoluti
356 2727 362 2765 ε
388 2710 445 2764 imo
461 2727 519 2766 non
535 2711 619 2779 clam,
636 2711 685 2765 sed
701 2726 752 2781 par
766 2711 912 2780 chirogra-

88 2798 133 2867 pha
151 2798 269 2854 arabica
288 2815 322 2853 ax
342 2797 472 2853 Ecclesia
496 2814 644 2869 prospera,
669 2799 746 2869 quod
769 2799 913 2853 inlicitum

94 2892 124 2939 est
140 2887 320 2952 dabitoribus,
339 2887 458 2959 erogati,
483 2892 567 2942 etex
590 2887 639 2941 illo
663 2887 823 2942 ministerio
845 2904 912 2942 con-

969 2267 1088 2338 ligatum
1108 2283 1177 2337 ergo
1198 2283 1276 2321 cassa
1299 2284 1428 2338 quarere
1452 2269 1561 2322 solvere
1586 2284 1593 2320 :
1619 2274 1648 2322 at
1662 2268 1715 2321 hoc
1731 2267 1757 2321 ei
1771 2282 1815 2320 re·

968 2371 1104 2426 sponsum
1126 2356 1162 2409 sit
1184 2371 1190 2410 :
1215 2356 1355 2411 Caeterum
1371 2357 1552 2410 conscientiae
1569 2362 1673 2411 nostrae
1686 2356 1814 2427 judicem

968 2445 1106 2499 babemus
1121 2444 1251 2499 omnium
1267 2444 1431 2512 Dominum,
1449 2446 1498 2516 qui
1512 2448 1605 2515 potest
1625 2445 1688 2499 sine
1702 2444 1814 2515 impro-

967 2535 1116 2605 peratione
1137 2549 1237 2588 curare
1258 2533 1429 2599 invalidum,
1448 2534 1516 2605 quia
1532 2534 1598 2589 licet
1615 2534 1711 2588 Levita
1727 2539 1756 2588 at
1770 2550 1814 2588 sa-

968 2623 1066 2678 cerdos
1089 2622 1269 2677 vulneratum
1292 2639 1309 2677 a
1332 2622 1491 2677 latronibus
1518 2622 1688 2690 dimiserint,
1715 2622 1813 2677 Sama-

967 2712 1078 2766 ritanus
1098 2728 1166 2767 vero
1181 2711 1230 2766 illa
1244 2711 1405 2767 misericors
1420 2711 1587 2766 seminicem
1611 2711 1645 2765 ad
1669 2711 1814 2766 stabulum

968 2800 1134 2870 reportavit,
1157 2801 1252 2855 oleum
1275 2801 1367 2872 plagis
1391 2800 1506 2866 inludit,
1531 2798 1692 2854 mercedem
1715 2798 1815 2853 stabu-

969 2891 1040 2945 lario
1057 2890 1145 2945 dedit.
1170 2890 1293 2945 Ulterius
1307 2894 1415 2956 tamen,
1438 2889 1478 2943 mi
1495 2888 1624 2958 Domine,
1641 2887 1814 2942 sententiam

96 2977 189 3046 gregati,
205 2992 263 3047 qno
286 2992 345 3030 non
367 2975 479 3030 licitum
504 2981 547 3030 est
569 2976 648 3030 laicis
671 2976 758 3031 etiam
782 2976 915 3030 tidelibus
935 2984 1092 3055 Cvastram
1107 2993 1139 3031 ex
1154 2977 1272 3032 alterius
1286 2994 1334 3032 ora
1349 2979 1485 3032 liuentem
1502 2993 1559 3031 non
1574 2976 1729 3048 requiram,
1746 2976 1815 3047 quia

98 3062 167 3134 aliqua
181 3065 339 3136 impertire,
360 3063 505 3135 siqnidem
522 3080 608 3136 super
629 3065 703 3119 solos
727 3065 886 3119 sacerdotes
901 3066 915 3108 d

98 3154 188 3209 recula
209 3154 421 3226 dispertiuntur
443 3153 584 3208 Ecclesiae.
608 3153 721 3219 Quanti,
737 3170 844 3225 quaeso,
874 3170 916 3207 sa·

98 3241 197 3298 cerdotes
211 3244 272 3298 sine
286 3243 452 3297 testimonio
466 3243 607 3298 ordinati?
622 3243 721 3315 quanti
735 3243 915 3299 sine-conni-

97 3325 168 3384 bentia
189 3332 357 3386 clericorum
379 3332 423 3385 val
448 3330 575 3386 filiorum
593 3331 724 3385 Ecclesiae
740 3331 915 3387 consecrati?

10 3432 12 3492 ;
96 3425 185 3485 quantae
206 3421 336 3476 Ecclesiae
362 3420 508 3493 duplicato
534 3421 702 3487 sacerdotio,
720 3421 750 3476 id
772 3426 823 3487 est,
841 3421 916 3475 binis

94 3511 242 3577 pastoribus,
280 3514 379 3565 contra
414 3511 531 3564 Petrum
568 3509 757 3565 institutionis
798 3509 916 3564 divisae'l

93 3599 171 3665 quanti
190 3605 288 3653 contra
311 3614 434 3653 canones
455 3614 507 3669 per
529 3613 631 3653 omnes
657 3598 788 3653 basilicas
814 3598 843 3653 in
870 3599 916 3654 di·

90 3698 166 3742 versos
180 3687 297 3743 ordines
312 3686 448 3742 constitui
459 3703 511 3758 per
522 3702 572 3742 vos
586 3687 758 3756 exstiterint,
775 3703 845 3758 rogo
861 3687 916 3758 ipsi

88 3774 175 3831 videta.

111 3865 135 3919 t.
150 3864 202 3920 Sed
221 3864 284 3920 haec
306 3862 404 3918 omnia
419 3868 484 3935 post
498 3870 601 3934 tergun
617 3864 744 3935 rejicitis,
762 3868 917 3918 attentum

81 3952 218 4022 pronubis
232 3952 263 4007 in
286 3952 338 4006 hos
361 3952 452 4007 nostri
475 3952 613 4022 temporis
636 3952 798 4008 sacerdotes
821 3953 917 4008 oculos

79 4049 183 4110 apertos
205 4040 327 4096 habetis.
349 4041 405 4096 Nec
420 4040 474 4094 hoc
490 4040 546 4095 alio
562 4046 703 4111 tempore,
720 4041 777 4095 nisi
800 4041 916 4112 quando

77 4136 167 4184 nostra
183 4146 233 4183 vos
249 4130 397 4200 suggessio
418 4129 565 4200 impetrat.
590 4130 661 4184 Nam
683 4129 756 4184 facie
781 4135 866 4184 tenus
888 4135 917 4184 et

75 4218 267 4273 honorabilem
291 4219 514 4288 Athanagildum
537 4219 668 4274 abbatam
685 4219 804 4287 vidistis,
821 4224 849 4273 at
862 4219 918 4274 hoc

968 3069 1052 3139 platta
1078 3066 1212 3121 taedimur
1237 3066 1360 3120 aliorum
1389 3065 1548 3131 sententiis,
1574 3070 1602 3119 et
1630 3081 1687 3119 non
1714 3070 1814 3118 vcstrts

968 3153 1140 3226 purissimis,
1156 3154 1310 3209 desereire.

1005 3400 1102 3438 tttctrtt
1126 3400 1249 3439 tetstota
1274 3400 1369 3439 entant
1393 3399 1603 3438 rnansottessottt
1622 3393 1635 3424 θ
1660 3395 1777 3436 uterere.

1007 3507 1112 3562 Dilecto
1128 3507 1199 3562 mibi
1214 3509 1355 3564 Eneazsno
1369 3512 1505 3563 Anvsnus.

1007 3601 1031 3652 t.
1050 3598 1080 3651 ln
1096 3597 1207 3668 primis,
1226 3598 1265 3652 mi
1286 3597 1399 3666 dilecte,
1424 3597 1524 3652 salutis
1550 3595 1649 3650 munia
1671 3597 1702 3649 nt
1716 3606 1814 3646 aman·

970 3691 1023 3752 ter,
1040 3686 1080 3740 ita
1095 3686 1217 3740 dulciter
1237 3687 1322 3750 solvo,
1340 3691 1425 3757 atque
1447 3686 1501 3740 tibi
1515 3670 1677 3755 conjuncte,
1693 3681 1716 3736 si
1732 3685 1815 3734 sectae

970 3781 1028 3829 tnae
1055 3774 1182 3844 rituique
1211 3774 1356 3840 convenit,
1385 3774 1544 3828 identidem
1574 3770 1721 3826 salutifera
1749 3769 1817 3838 jura

970 3863 1112 3933 dependo.
1131 3864 1170 3917 [le
1185 3867 1287 3916 caetero
1303 3878 1373 3933 rogo
1389 3867 1421 3916 ut
1436 3878 1495 3916 non
1508 3861 1652 3917 fastidium
1667 3858 1719 3912 tibi
1734 3856 1817 3926 iuge-

971 3957 1015 4006 rat
1027 3951 1188 4006 dilectionis
1204 3958 1308 4006 nostras
1324 3951 1438 4020 oblatio,
1462 3967 1519 4022 qua
1536 3955 1563 4005 ta
1579 3950 1689 4004 lucrare
1711 3947 1741 4000 in
1757 3946 1816 3999 Do-

971 4040 1158 4111 minocupio.

1005 4131 1031 4182 2.
1057 4129 1111 4184 Sed
1135 4128 1159 4183 si
1182 4128 1222 4183 ita
1246 4144 1324 4183 amas
1350 4132 1380 4182 ut
1402 4128 1500 4198 diligo,
1526 4125 1682 4181 identidem
1706 4124 1817 4177 lucrare

971 4234 1017 4272 me
1033 4225 1081 4272 tuo
1097 4223 1194 4288 satage
1210 4218 1305 4272 studio
1329 4234 1335 4272 :
1365 4217 1433 4288 quia
1457 4217 1507 4288 qni
1531 4219 1696 4270 convertere
1718 4212 1819 4267 fecerit

73 4308 97 4362 ei
111 4309 205 4362 dicere
220 4307 441 4378 praesentialiter
453 4307 582 4361 voluistis
598 4325 604 4362 :
622 4312 651 4362 et
672 4307 790 4377 Ettlogio
808 4307 838 4360 in
854 4307 917 4377 pri·
937 4301 1161 4379 Dpeccatorem,
1177 4306 1298 4361 lucravit
1313 4306 1438 4360 animam
1452 4305 1524 4375 ejus,
1538 4309 1566 4359 et
1578 4319 1696 4357 suorum
1711 4317 1817 4372 coope-

72 4413 117 4451 mo
145 4395 353 4468 persecutionis
382 4396 494 4467 impetu
522 4395 679 4450 sacrificare
702 4396 825 4466 jussistis
853 4413 859 4450 :
890 4402 918 4451 et

69 4502 146 4540 nunc
160 4491 259 4540 contra
272 4501 321 4539 vos
336 4484 415 4555 ipsos
428 4491 525 4539 nostra
539 4490 651 4539 tantum
667 4484 816 4539 occasione
832 4485 916 4539 dimi-

68 4575 151 4629 catis.
168 4573 273 4629 Oiclix
289 4578 318 4628 et
334 4572 459 4628 multum
479 4573 556 4636 lelix,
574 4589 661 4644 quem
673 4573 788 4627 concilii
803 4579 917 4644 tempus

67 4663 145 4736 quod
164 4662 334 4734 exspectatis
352 4659 508 4715 invenerit!
533 4661 646 4716 Utinam
669 4662 730 4731 jam
745 4661 853 4716 rediret
872 4677 915 4715 se·

66 4752 189 4818 renites,
202 4751 264 4821 jam
278 4750 373 4804 abiret
393 4749 559 4820 tempestas!
578 4752 649 4805 Puto
664 4749 742 4820 quod
758 4751 916 4805 multorum

64 4841 169 4910 lingna
184 4840 338 4903 silesceret,
354 4843 383 4892 et
395 4838 511 4892 frenum
527 4838 581 4892 sibi
596 4854 645 4892 ora
669 4839 719 4892 illa
743 4838 916 4909 imponeret,

63 4945 133 5002 quae
145 4928 226 4999 ioqui
240 4928 371 4982 nesciens
384 4927 521 4981 hactenus
535 4942 586 4996 per
599 4931 681 4981 antra
696 4926 831 4981 insibilat.
845 4928 916 4981 Nam

62 5018 144 5091 quod
158 5017 253 5071 dicitis
274 5033 281 5070 :
306 5017 359 5082 Oui
384 5018 460 5070 timet
483 5016 612 5082 tornines,
637 5018 689 5070 cito
712 5021 826 5082 constet,
852 5031 916 5070 nom

61 5113 114 5180 qni
128 5108 265 5176 speratin
279 5107 391 5161 homino
415 5105 614 5170 confortabitur
639 5104 730 5173 (Pron.
754 5120 829 5171 xxix,
853 5103 914 5174 25);

60 5197 108 5252 vel
132 5193 419 5265 illudevangelicum
435 5210 441 5248 :
458 5195 546 5251 Nolite
560 5196 708 5265 timereeos
728 5196 777 5263 qni
791 5194 915 5249 occidunt

97 5363 113 5388 ⁸
129 5353 192 5420 lla,
206 5354 379 5408 invectionem
394 5367 481 5408 suom.
499 5353 586 5407 Bravo
600 5353 780 5408 insertionem.

98 5428 113 5469 b
132 5424 221 5489 lts.,o
236 5439 294 5479 oos.

100 5505 111 5530 ⁶
127 5499 172 5549 An
186 5495 355 5549 Honorium‘i

98 5569 115 5611 t
132 5567 196 5634 lta,
210 5579 293 5637 anper
304 5566 369 5622 sotis
382 5564 577 5622 innodatione.

971 4395 1009 4449 rit
1025 4395 1242 4449 multitudinem
1258 4398 1448 4464 peccatorum.
1468 4395 1501 4448 Et
1523 4391 1611 4447 David
1635 4408 1687 4462 pro
1712 4406 1818 4461 magno

972 4499 1092 4538 munere
1107 4484 1188 4554 quasi
1203 4489 1268 4537 vota
1283 4482 1293 4518 ¹
1307 4482 1443 4554 persolvit
1465 4499 1472 4536 τ
1500 4485 1613 4538 Doceon
1629 4482 1737 4550 iniquos
1758 4481 1819 4534 oios

972 4578 1044 4634 tuos,
1069 4574 1197 4640 olimpii
1222 4572 1259 4625 od
1284 4576 1308 4625 te
1331 4576 1522 4626 convertentur
1545 4571 1629 4638 (Psoi.
1655 4585 1681 4634 a,
1708 4573 1760 4630 lb).
1786 4568 1821 4622 Et

970 4660 1034 4716 ideo
1059 4661 1121 4715 fava
1145 4660 1227 4724 meis,
1252 4659 1384 4730 diligenti
1404 4658 1564 4713 intentione
1589 4659 1674 4728 hujus
1698 4657 1819 4728 pagellae

971 4750 1079 4804 discute
1101 4755 1220 4816 textum,
1244 4752 1271 4801 et
1295 4763 1352 4802 non
1375 4748 1471 4815 verba,
1497 4748 1546 4802 sed
1570 4746 1691 4800 sollicite
1715 4744 1817 4815 praevi·

971 4839 1006 4893 de
1020 4837 1196 4892 intellectum
1215 4852 1222 4889 ε
1238 4835 1306 4906 quia
1330 4852 1389 4889 non
1413 4836 1567 4890 verborum
1589 4834 1721 4906 cupimus
1749 4832 1819 4886 lale·

971 4933 1098 4982 ratorum
1114 4925 1285 4995 adspargere
1308 4924 1394 4993 faces,
1418 4925 1467 4979 sed
1492 4923 1666 4994 simplicium
1688 4926 1716 4974 at
1734 4935 1818 4990 pura·

971 5015 1041 5069 lium
1057 5014 1108 5069 tibi
1122 5029 1256 5085 promere
1273 5029 1363 5066 voces.
1381 5015 1436 5067 Nec
1451 5013 1578 5083 diploide
1599 5016 1698 5065 nostra
1713 5007 1819 5063 bifario

970 5105 1115 5159 coloratur
1144 5102 1272 5168 assertio,
1295 5103 1339 5156 vel
1367 5104 1424 5156 sala
1452 5103 1537 5155 attico
1561 5100 1680 5169 hujusce
1710 5095 1842 5150 redolet

970 5190 1102 5247 dictionis
1124 5191 1227 5259 oratio,
1253 5191 1302 5246 sed
1323 5190 1450 5261 plehai0,
1468 5197 1497 5244 et
1512 5193 1543 5243 ut
1562 5188 1602 5242 ita
1616 5186 1718 5251 dicam,
1736 5199 1818 5238 com-

1005 5356 1016 5383 ⁰
1046 5349 1211 5402 Eleazarum
1239 5346 1384 5417 suggillat,
1416 5345 1527 5400 Gallum
1556 5343 1673 5397 natione
1704 5344 1733 5395 et
1762 5340 1815 5394 lle·

970 5420 1081 5473 braeum
1095 5418 1151 5472 tide
1165 5435 1199 5472 ex
1213 5419 1381 5472 Christiano.

1006 5490 1015 5524 ¹
1031 5491 1091 5555 lde„
1107 5495 1181 5543 noto.
