3930 6098
106 310 179 363 lDl'l
743 308 847 364 LIBER
867 309 912 364 DE
930 308 1055 366 TRIBUS
1073 307 1257 365 aristonis.
1589 261 1595 268 Ι
1792 311 1860 364 lois

105 446 160 514 pto
174 439 316 512 passionis
338 439 443 495 frustra
457 440 570 495 ridetur
583 439 706 495 effusum
725 445 813 512 atque
827 456 957 497 cousum-
974 442 1073 509 Atua,
1099 457 1116 496 o
1141 456 1219 496 mors
1236 456 1305 495 :ero
1330 455 1443 495 morsus
1466 445 1543 504 tuus,
1568 439 1681 493 inferne
1707 439 1774 510 (Osa.
1800 455 1858 510 xru,

106 535 202 601 ptum,
219 529 296 599 apud
311 530 402 583 Deum
417 528 536 598 plenum
551 532 594 583 est
608 528 712 596 fructu,
729 529 802 584 etin
819 528 898 585 nullo
912 530 960 584 sui
1014 531 1068 601 lt).
1087 553 1096 580 ι
1116 531 1149 586 Et
1160 529 1228 601 idep
1252 545 1400 601 nunqnam
1416 528 1520 600 aliquis
1536 528 1743 583 catholicorum
1763 528 1860 584 docto-

107 619 225 674 eliectus
241 618 319 673 lucro
335 617 510 672 fraudatum.
530 618 658 689 Denique
670 623 703 672 ut
716 618 813 672 statim
826 619 959 674 fructuo-
1011 634 1077 672 rum
1092 617 1132 672 ita
1156 618 1287 683 sensisse,
1304 622 1355 671 aut
1376 617 1506 672 docuisse
1528 616 1686 671 credendus
1710 621 1762 684 est,
1778 616 1861 688 quasi

107 706 255 762 sissimnm
270 706 361 776 ipsius
376 706 421 759 sui
434 706 528 776 operis
546 705 680 761 ellectum
693 706 724 760 in
739 707 890 778 utriusque
909 724 959 779 po·
1014 707 1152 762 Dominus
1168 711 1196 761 et
1211 707 1332 761 salvator
1345 711 1443 761 noster
1458 707 1543 760 ctiam
1560 706 1596 760 ad
1612 705 1691 759 iilam
1703 705 1860 776 impiorum

106 795 171 866 puli
186 794 395 865 redemptione,
410 798 497 865 atquc
516 795 728 849 illuminatione
747 795 958 851 evidentissime
1012 795 1321 866 multitudinemque
1340 799 1406 848 ante
1427 795 1590 866 passionem
1607 795 1668 864 eJus
1689 793 1784 864 periit,
1800 794 1860 848 sal-

108 885 278 950 declnraret,
296 883 451 953 prremissis
466 882 561 936 verbis
575 883 709 953 protinus
727 884 881 955 adjunxit:
897 906 909 935 ι
927 886 960 940 iit
1012 883 1134 938 vendam
1158 888 1245 955 atque
1267 883 1475 945 redimendam,
1499 884 1661 953 passionem
1685 889 1713 938 ct
1736 887 1860 938 mortem

108 971 286 1038 glorificatus
312 987 376 1025 sum
400 971 430 1024 in
457 971 547 1025 oculis
575 972 700 1038 Domini,
727 977 756 1028 et
781 975 855 1028 Deus
878 989 960 1028 meus
1013 973 1182 1042 susceperit
1197 973 1268 1027 Cum
1283 987 1351 1042 ergo
1365 987 1416 1042 pro
1431 971 1480 1025 illa
1496 971 1737 1026 inaestimabiliter
1751 971 1860 1042 majore

107 1061 202 1116 lactus
218 1065 260 1114 est
273 1060 410 1115 fortitudo
426 1075 504 1125 mca;
522 1065 551 1114 et
564 1059 657 1115 dixit:
673 1062 779 1115 Parnm
801 1067 852 1129 est,
870 1066 902 1116 ut
920 1063 960 1116 sis
1012 1058 1134 1114 humani
1155 1060 1268 1130 generis
1290 1065 1381 1130 parte,
1398 1074 1461 1130 quas
1484 1075 1536 1130 per
1550 1063 1592 1113 tot
1606 1059 1695 1113 miliia
1718 1074 1859 1114 annorum

109 1149 184 1205 mihi
208 1164 306 1203 servus
331 1148 366 1202 ad
390 1147 566 1202 suscitandas
591 1148 683 1203 tribus
705 1149 799 1211 Jacob,
825 1154 854 1204 et
876 1150 960 1205 iaeces
1012 1156 1207 1219 processerat,
1232 1150 1397 1204 nuliatenus
1422 1147 1580 1203 credendus
1610 1148 1647 1201 sit
1671 1162 1779 1219 passus,
1807 1163 1860 1203 nec

109 1238 198 1293 isreel
220 1236 437 1291 convertendas.
461 1236 546 1290 Posui
561 1241 589 1291 te
604 1237 635 1292 in
650 1237 744 1292 lucem
769 1238 911 1308 gentibus,
927 1245 961 1293 ut
1013 1254 1066 1309 pro
1082 1239 1145 1308 ejus
1157 1239 1250 1291 salute
1265 1237 1423 1301 crucilirus,
1438 1237 1506 1307 qnid
1524 1236 1558 1291 de
1573 1235 1627 1290 ista
1640 1236 1739 1307 utique
1755 1236 1860 1291 minori

109 1324 150 1379 sis
181 1325 258 1380 salus
281 1340 346 1378 mca
377 1339 468 1395 usque
496 1325 533 1380 ad
565 1329 726 1380 extremum
748 1330 833 1382 terrie
865 1328 957 1399 libid„
1014 1332 1094 1397 parte
1106 1325 1266 1381 infidelium
1278 1330 1306 1380 et
1318 1325 1475 1396 impiorum
1487 1324 1661 1379 credendum
1671 1330 1723 1394 est,
1738 1324 1862 1396 quipost

110 1417 139 1478 5,
153 1413 192 1482 6).
218 1435 229 1462 ι
255 1413 318 1467 Νοιι
333 1427 402 1483 crgo
418 1412 524 1483 aliquis
538 1428 573 1468 ex
586 1412 645 1467 illis
667 1414 761 1469 verbis
783 1415 863 1470 velut
877 1416 960 1470 ratio·
1013 1414 1177 1486 passionem
1191 1414 1253 1485 ejus
1268 1430 1358 1485 usque
1373 1413 1408 1467 ad
1425 1413 1528 1468 mundi
1542 1413 1698 1467 terminum
1712 1417 1762 1467 aut
1776 1412 1862 1467 exsti-

110 1516 180 1555 nem
194 1517 224 1556 se
240 1500 382 1556 iuvenisse
400 1501 554 1568 existimet,
578 1501 645 1572 quia
659 1503 815 1558 Dominum
829 1509 960 1559 nostrum
1015 1508 1112 1559 terunt
1127 1509 1176 1558 ant
1190 1503 1323 1570 esistunt,
1335 1508 1385 1558 aut
1399 1503 1488 1557 futuri
1502 1501 1590 1556 sunt?
1604 1503 1635 1556 ln
1647 1501 1751 1573 quibus
1762 1501 1861 1573 ntique

109 1589 222 1661 aliquid
247 1590 373 1645 inaniter
398 1596 427 1645 et
441 1607 513 1645 vane
528 1590 559 1645 in
578 1590 710 1662 passione
728 1607 780 1645 sna
801 1598 830 1646 et
843 1593 961 1662 pretiosi
1015 1595 1043 1647 et
1065 1593 1152 1646 homo
1169 1591 1217 1646 iile
1232 1590 1361 1646 noudum
1385 1595 1471 1646 natus
1486 1590 1678 1644 Antichristus
1699 1589 1762 1645 erit.
1789 1591 1862 1646 Nam

109 1679 260 1750 sanguinis
272 1679 410 1735 effusione
425 1680 516 1750 egisse
531 1680 704 1748 contendat;
720 1696 785 1735 cum
799 1686 859 1736 tota
874 1680 959 1750 huius
1015 1680 1039 1734 si
1066 1680 1100 1735 ad
1120 1680 1190 1735 istos
1221 1680 1292 1734 tales
1318 1679 1455 1734 Dominus
1478 1679 1630 1733 salvandos
1653 1678 1741 1742 venit,
1765 1678 1796 1734 id
1819 1684 1862 1735 est

108 1768 287 1840 prophetice
301 1769 432 1823 lectionis
446 1769 519 1823 serie
541 1769 756 1824 ordinatissimo
772 1785 868 1825 rerum
889 1770 958 1825 effc-
978 1788 998 1842 Β
1015 1769 1131 1841 impios,
1154 1774 1183 1823 et
1196 1769 1226 1823 in
1242 1785 1292 1822 sna
1307 1768 1456 1838 impietate
1474 1768 1628 1838 perituros,
1644 1783 1713 1838 ergo
1728 1767 1863 1837 praestitit

108 1859 169 1922 ctu,
187 1860 216 1910 et
230 1872 263 1911 cx
278 1872 409 1928 persona,
426 1857 575 1912 uldictum
586 1862 638 1925 est,
652 1857 863 1914 infirmantium
873 1874 963 1913 mem·
1015 1857 1072 1912 illis
1095 1857 1174 1927 quod
1198 1856 1255 1912 illis
1277 1857 1404 1927 antiquis
1424 1856 1521 1927 impiis
1541 1871 1600 1910 non
1621 1855 1755 1926 prestitit
1770 1872 1777 1910 ι
1793 1856 1862 1927 qnia

108 1944 230 2000 brorum
247 1946 362 2001 evidens
382 1946 526 2002 haesitatio
541 1952 569 2002 et
593 1947 766 2019 desperatio,
787 1953 816 2003 et
838 1963 872 2003 ex
896 1965 961 2020 per·
1015 1944 1148 2000 videlicet
1172 1961 1225 2017 pro
1245 1945 1306 2001 istis
1321 1951 1365 2000 est
1382 1930 1531 2000 crucifixus
1559 1949 1587 1998 et
1613 1948 1754 2006 mortuus,
1784 1942 1862 2015 quod

108 2050 184 2089 sone
196 2033 288 2105 ipsius
302 2032 404 2105 cepitis
421 2034 493 2105 justi
506 2034 619 2105 judicii,
637 2040 665 2089 et
685 2035 875 2090 efficacissimi
891 2052 961 2106 ope·
1015 2050 1068 2105 pro
1093 2034 1151 2088 iilis
1164 2034 1328 2089 nuliatenus
1351 2033 1510 2088 credendus
1531 2039 1573 2088 est
1589 2048 1697 2104 passus.
1714 2031 1744 2088 Si
1765 2037 1861 2087 autem

108 2121 152 2177 ris
178 2123 377 2193 presumptio,
400 2128 429 2177 et
450 2139 483 2178 ex
507 2138 632 2195 persona
656 2128 773 2195 patrum
792 2125 961 2195 plenissima
1017 2138 1069 2177 nec
1085 2137 1136 2194 pro
1150 2123 1214 2177 istis
1227 2126 1269 2176 est
1283 2123 1435 2177 crucifixus
1451 2128 1480 2176 et
1495 2126 1635 2192 mortuns,
1650 2121 1723 2175 sicut
1744 2136 1798 2175 nec
1808 2136 1862 2192 pro

109 2212 273 2267 declaretur
287 2217 375 2267 tantae
385 2212 567 2280 humilitatis,
584 2214 694 2267 citanti
708 2213 804 2284 operis
818 2214 848 2268 in
858 2214 964 2269 utrius·
1015 2210 1081 2278 iilis,
1098 2226 1165 2282 crgo
1188 2227 1272 2282 pares
1287 2216 1354 2266 suut
1368 2211 1526 2282 impietate,
1542 2227 1626 2283 paras
1644 2209 1818 2281 perditione,
1833 2214 1863 2264 et

108 2317 168 2373 qne
184 2300 285 2371 popuii
306 2301 495 2372 acquisitione
509 2301 705 2373 compensatio
722 2319 729 2356 :
744 2301 846 2357 inillis
865 2303 963 2357 videli—
1014 2294 1124 2370 pariter
1135 2300 1253 2354 omnino
1268 2301 1423 2355 extraneis
1438 2300 1543 2355 Christi
1557 2299 1753 2371 redemptione
1769 2314 1775 2352 :
1792 2297 1862 2370 quia

109 2394 166 2459 cet,
185 2389 236 2460 qui
250 2404 302 2459 par
314 2405 380 2444 eum
395 2405 412 2443 a
427 2393 520 2444 morte
534 2390 639 2445 animae
661 2391 845 2458 suscitantur,
859 2392 910 2463 qui
924 2391 961 2445 ad
1015 2392 1043 2442 et
1062 2388 1086 2442 si
1099 2405 1152 2458 pro
1168 2389 1229 2443 istis
1244 2405 1343 2460 passus
1367 2405 1428 2444 csse
1451 2390 1571 2455 dicatur,
1588 2389 1657 2460 qnid
1682 2388 1724 2442 eis
1742 2385 1862 2458 proiecit

109 2478 199 2533 iidem
214 2483 429 2547 convertuntur,
445 2478 550 2550 quihus
569 2479 600 2534 in
616 2479 709 2534 lucem
728 2480 857 2551 ponitur,
876 2484 960 2552 atque
1015 2475 1076 2547 ejus
1091 2477 1185 2547 passio
1198 2477 1306 2547 impiis,
1321 2482 1349 2532 et
1362 2478 1392 2532 in
1407 2494 1459 2532 sua
1474 2477 1621 2548 impietate
1636 2475 1779 2547 perituris,
1794 2474 1858 2543 nisi,

108 2567 143 2622 in
157 2568 279 2623 salutem
292 2568 385 2623 datur.
1015 2563 1111 2635 utqui
1125 2579 1182 2619 nou
1200 2564 1273 2619 fiunt
1286 2565 1441 2636 participes
1451 2565 1666 2636 redemptionis,
1684 2564 1823 2633 majorem
1833 2565 1862 2616 et
1911 2567 1912 2571 ’
1932 2570 1935 2574 “

423 2665 536 2720 CAPUT
554 2664 644 2720 xum,
1015 2651 1175 2724 graviorem
1191 2651 1340 2708 incurrant
1352 2653 1499 2707 cumulum
1516 2651 1730 2707 damnationis?

109 2763 167 2817 i’ro
182 2763 276 2831 impiis
290 2768 354 2816 eata
375 2766 486 2816 mortem
499 2763 603 2818 Christi
626 2761 765 2817 comitatis
789 2763 863 2817 auito
881 2762 960 2818 modo
1338 2776 1451 2832 CAPUT
1470 2779 1534 2833 xlx,

143 2847 244 2903 passus
270 2837 318 2886 est.
345 2832 470 2899 Daidala
496 2835 614 2902 posteris
639 2833 804 2903 infidelibus,
835 2833 960 2902 quidde

145 2901 340 2959 ΛΜΝ-,ωε
1235 2886 1273 2938 De
1286 2885 1317 2939 D.
1333 2885 1429 2940 Leonis
1444 2887 1634 2954 tntctitqentio.

145 3009 281 3074 Quamvis
302 3008 391 3080 igitur
405 3007 481 3063 idem
507 3007 647 3064 Dominus
669 3012 779 3078 noster,
799 3009 879 3065 etad
895 3025 958 3065 om·
1049 3004 1133 3060 Ponit
1158 3006 1289 3076 quedam
1313 3007 1400 3062 verba
1421 3008 1451 3062 B.
1474 3011 1529 3063 lieo
1549 3009 1580 3063 in
1606 3008 1778 3080 quibusdam
1799 3024 1865 3063 ser·-

106 3115 162 3154 nes
178 3098 328 3153 mirandos
344 3103 373 3152 et
392 3112 491 3152 omnes
505 3097 698 3165 redimendos,
715 3097 804 3152 etiam
819 3113 892 3169 quos
904 3113 958 3152 nec
976 3083 997 3138 C
1013 3094 1149 3149 monibus
1163 3093 1199 3148 ad
1213 3094 1364 3166 populum,
1381 3110 1413 3151 ex
1430 3097 1533 3166 quihus
1549 3096 1691 3164 nonnulii,
1708 3095 1753 3150 sel
1764 3096 1858 3151 minus

107 3186 229 3242 salvarit
251 3201 303 3240 nec
317 3184 449 3252 redemit,
465 3185 494 3241 id
518 3193 561 3240 est
576 3176 717 3254 inlideies,
736 3192 765 3241 et
786 3186 902 3258 impios,
927 3187 956 3241 in
1013 3183 1201 3250 attendentes,
1227 3181 1271 3237 vel
1292 3183 1389 3237 minus
1410 3183 1613 3254 intelligentes,
1638 3182 1766 3238 fortassis
1791 3198 1862 3238 cnm·

106 3292 161 3330 sua
183 3275 354 3330 infidelitate
376 3279 405 3329 et
426 3273 574 3346 impietate
597 3275 725 3345 perditos
740 3277 769 3330 et
792 3280 956 3346 pereuntes,
1012 3270 1115 3325 docere
1137 3273 1166 3324 et
1186 3271 1292 3326 sentire
1316 3272 1478 3327 existimant
1501 3272 1577 3342 quod
1598 3273 1737 3328 Dominus
1760 3277 1857 3326 noster

106 3364 168 3418 sire
185 3364 338 3434 perituros,
354 3362 464 3417 senisse
480 3362 679 3430 contendatur,
697 3378 788 3418 unum
802 3368 900 3418 tamen
916 3368 958 3418 est
1012 3359 1098 3414 etiam
1121 3376 1174 3430 pro
1189 3360 1285 3432 impiis
1299 3361 1330 3415 in
1346 3377 1397 3416 sua
1411 3361 1559 3432 impietate
1574 3362 1743 3416 durantibus
1757 3377 1857 3432 passus

105 3451 188 3524 quod
201 3468 254 3506 nos
269 3456 297 3506 et
309 3449 476 3506 fidelissime
490 3449 644 3516 credimus,
664 3457 693 3506 et
707 3451 852 3506 verissime
874 3451 955 3506 novi·
1012 3447 1057 3515 sit,
1075 3453 1105 3503 et
1124 3463 1223 3502 eorum
1239 3449 1330 3521 possit
1352 3449 1408 3504 dici
1434 3450 1609 3522 redemptor,
1635 3450 1709 3505 sicut
1729 3450 1799 3505 iilud
1815 3456 1857 3505 est

105 3555 184 3607 mus,
200 3538 268 3611 quia
280 3554 333 3610 pro
347 3538 427 3594 omni
441 3537 491 3593 illa
500 3537 707 3593 innumerabili
719 3545 747 3593 et
756 3539 870 3594 infinita
885 3539 959 3594 mui-
1012 3537 1089 3607 quod
1109 3537 1232 3609 quodam
1257 3537 1319 3592 loco
1351 3538 1389 3593 ait
1407 3554 1413 3593 :
1434 3537 1561 3612 [Respice
1587 3539 1714 3604 tandem,
1747 3538 1854 3607 ludeo,

109 3628 234 3685 titudine
254 3627 420 3699 impiorum,
437 3626 488 3698 qni
510 3627 546 3681 ab
561 3626 677 3681 exordio
692 3627 795 3682 mnndi
816 3643 907 3698 usque
922 3630 957 3684 nd
1011 3625 1131 3696 respice,
1155 3631 1184 3680 ct
1204 3626 1240 3681 ad
1258 3627 1479 3698 Redemptorem
1504 3629 1590 3682 ctiam
1611 3634 1703 3695 tuum,
1728 3627 1857 3699 deposita

109 3717 276 3788 passionem
304 3717 419 3772 Domini
441 3725 454 3752 ⁸
477 3731 530 3787 per
554 3721 678 3787 quatuor
701 3715 791 3771 lerme
814 3732 956 3772 annorum
1012 3712 1191 3781 infidelitate,
1214 3720 1389 3770 convertere.
1408 3716 1600 3771 Nolisccleris
1619 3715 1662 3769 tui
1678 3715 1856 3770 immanitate

110 3804 203 3860 millia
217 3806 248 3859 in
262 3821 315 3861 sua
336 3805 483 3877 impietate
498 3804 694 3873 summoniri,
715 3810 745 3859 et
759 3805 836 3870 apud
850 3805 957 3860 inleros
1011 3801 1128 3868 terreri;
1143 3817 1203 3856 nou
1225 3802 1317 3872 justos
1338 3803 1478 3870 Christus,
1503 3804 1551 3858 sed
1576 3806 1737 3874 peccatores
1753 3808 1854 3858 vocat:

109 3895 221 3946 {eterna
235 3890 398 3960 perditione
413 3890 551 3958 damnati,
567 3908 717 3964 nunquam
734 3891 873 3948 Dominus
888 3909 957 3963 pas·
1011 3904 1064 3943 nec
1075 3888 1252 3959 impietatem
1271 3895 1347 3945 tuam
1364 3889 1487 3962 repellit,
1504 3890 1555 3962 qui
1567 3906 1620 3960 pro
1635 3895 1673 3956 te,
1686 3904 1752 3944 cum
1764 3888 1856 3944 cruci·

108 3995 169 4047 sus,
195 3994 345 4049 nunquam
369 3983 500 4034 mortuus
523 3983 575 4045 est,
597 3995 650 4034 nec
670 3980 708 4034 ad
733 3997 783 4036 cos
808 3981 957 4037 salvandos
1011 3976 1084 4032 iixus
1099 3981 1181 4044 esset,
1198 3977 1313 4051 oravit]
1334 3978 1387 4034 Sed
1402 3979 1433 4034 in
1447 3979 1492 4034 his
1505 3979 1599 4033 verbis
1621 3977 1857 4033 maniicstumest

107 4067 254 4145 ullatenus
278 4068 365 4137 venit,
388 4083 439 4121 nec
462 4084 515 4139 pro
540 4068 580 4122 eis
602 4068 760 4140 pretiosum
786 4071 956 4142 sanguinem
1012 4066 1085 4120 bene
1099 4065 1338 4137 intelligentibus,
1356 4067 1435 4138 quia,
1451 4067 1555 4122 usitato
1570 4082 1650 4121 more
1665 4065 1856 4120 humanoelo·

106 4156 185 4211 indit
200 4173 206 4211 :
221 4156 361 4228 quoniam
386 4157 461 4211 solos
484 4157 549 4211 ilios
575 4172 608 4210 ex
631 4157 675 4211 his
699 4157 750 4228 qui
775 4158 810 4213 ab
838 4158 956 4214 exordio
1011 4155 1144 4222 cutionis,
1160 4155 1213 4210 sub
1231 4155 1318 4210 unius
1333 4155 1424 4211 Jndaei
1439 4172 1563 4227 persona
1576 4160 1671 4210 totum
1691 4153 1856 4211 ludaeorum

106 4244 213 4300 mundi
230 4260 322 4316 usque
338 4245 374 4300 ad
383 4244 553 4315 passionem
574 4245 635 4315 ejus
657 4245 834 4313 exstiterunt,
856 4247 955 4302 eudem
1011 4244 1151 4314 populum
1167 4244 1334 4316 alloquitur,
1356 4244 1501 4300 etidcirco
1514 4245 1593 4299 velut
1606 4244 1635 4298 in
1652 4257 1774 4314 persona
1791 4257 1857 4297 om·

106 4331 241 4402 passione
264 4347 316 4385 sua
333 4331 485 4386 redemisse
500 4336 528 4386 et
545 4331 676 4398 salvasse,
695 4338 781 4403 atque
799 4332 835 4388 ab
849 4333 954 4387 inferni
1010 4331 1102 4400 nium,
1116 4332 1152 4387 ad
1167 4348 1259 4387 uuum
1275 4333 1379 4388 clamat
1388 4338 1417 4388 et
1428 4332 1497 4388 dicit
1513 4350 1520 4387 :
1537 4333 1581 4404 [Et
1593 4333 1628 4387 ad
1642 4332 1857 4403 redemptorem

106 4419 239 4474 claustris
251 4418 379 4474 eduxisse
394 4419 552 4475 credendus
567 4423 620 4488 est,
633 4420 684 4491 qui
699 4426 727 4475 et
739 4420 862 4475 fideliter
876 4436 952 4488 euru,
1011 4419 1099 4473 etiam
1121 4423 1203 4474 tuum
1233 4421 1363 4492 deposita
1386 4421 1556 4476 infidelitate
1583 4419 1771 4492 convertere]
1794 4421 1856 4475 Non

107 4512 296 4579 speraverunt
318 4512 481 4576 venturum,
498 4515 527 4563 ot
548 4508 672 4564 fideliter
684 4524 737 4579 per
751 4524 817 4563 eum
841 4507 955 4562 nedem·
1010 4506 1079 4578 quia
1100 4507 1197 4562 nullus
1213 4507 1250 4563 sit
1264 4508 1425 4564 infidelium
1441 4509 1604 4564 ludaeorum
1620 4510 1701 4579 cnjus
1717 4508 1857 4564 Dominus

105 4594 239 4666 ptionem
263 4599 291 4649 et
312 4594 512 4650 liberationem
533 4596 568 4650 ad
592 4596 713 4650 salutem
738 4611 768 4649 se
790 4600 955 4667 accepturos
1010 4593 1118 4649 nonsit
1132 4595 1308 4667 redemptor,
1323 4597 1373 4652 sed
1386 4597 1455 4668 qnia
1469 4613 1528 4652 non
1542 4582 1634 4652 solum
1650 4598 1771 4652 aliarum
1786 4612 1856 4668 gen·

106 4699 172 4738 esse
198 4681 384 4737 crediderunt
401 4698 407 4736 :
424 4688 537 4737 sanctos
557 4683 689 4739 videlicet
713 4684 901 4755 patriarchas,
927 4688 956 4738 et
1009 4683 1094 4751 tium,
1109 4685 1158 4740 sed
1174 4684 1261 4739 etiam
1274 4686 1352 4740 iilius
1366 4686 1456 4741 ludaei
1477 4686 1587 4757 populi,
1607 4687 1687 4756 cujus
1706 4687 1811 4740 scelera
1828 4690 1857 4740 ct

105 4771 276 4843 prophetas,
290 4774 318 4825 et
339 4773 458 4825 ceteros
468 4772 564 4842 justos
585 4771 690 4843 quibus
706 4772 792 4826 etiam
808 4787 861 4843 per
875 4771 956 4827 Oscae
1009 4772 1157 4844 impietate
1178 4773 1329 4829 crucifixus
1353 4781 1405 4841 est,
1422 4774 1446 4829 si
1462 4774 1579 4829 adeum
1599 4778 1790 4841 convertatur,
1806 4789 1855 4828 re-

104 4859 278 4929 prophetam
295 4862 360 4912 aute
374 4860 556 4928 promiserat,
569 4860 687 4915 dicens:
706 4881 720 4910 α
732 4861 770 4916 De
781 4876 869 4916 manu
882 4876 956 4915 mor·
1010 4862 1142 4933 demptcr
1161 4877 1223 4916 esse
1248 4863 1393 4934 dignatur.
1411 4865 1442 4919 iit
1458 4863 1523 4919 ideo
1538 4864 1579 4919 ait
1602 4861 1662 4936 [qui
1675 4878 1727 4933 pro
1741 4865 1770 4916 te
1788 4877 1855 4917 cnm

103 4945 144 5001 tis
164 4945 294 5000 liberabo
310 4961 370 5013 eos,
393 4946 428 5001 de
445 4951 537 5003 morte
560 4948 701 5003 redimam
723 4964 783 5004 cos.
805 4950 858 5005 Ero
879 4965 955 5005 mors
1009 4951 1160 5006 crucifixus
1183 4956 1259 5006 esset
1274 4952 1366 5007 oravit
1380 4950 1398 5023 ε]
1412 4969 1471 5008 non
1483 4952 1559 5022 quod
1578 4951 1675 5006 nullus
1694 4949 1855 5006 iniideiium

634 5093 735 5151 aurs:
751 5083 921 5152 buvutnu
941 5093 1112 5152 noeroars
1127 5096 1322 5161 soenorum.

140 5226 154 5253 ⁸
173 5219 214 5272 lta
236 5216 314 5298 rarii·
333 5222 401 5273 sunt
418 5218 569 5274 chronistse
592 5220 624 5275 in
647 5237 789 5277 annorum
812 5227 952 5293 supputa·
1008 5223 1151 5279 creatione
1175 5224 1209 5280 ad
1235 5224 1377 5280 Christum
1401 5225 1553 5281 effluxisse.
1579 5224 1767 5281 communior
1784 5223 1853 5295 qui·

102 5288 184 5369 tione
199 5293 374 5343 screatione
389 5305 480 5360 usqua
504 5290 537 5344 ad
553 5291 707 5359 Christum,
725 5296 755 5346 ut
766 5295 832 5364 J'ure
846 5294 881 5349 dc
896 5293 953 5348 illis
1007 5295 1084 5361 dem,
1106 5295 1156 5364 qui
1180 5301 1223 5350 est
1245 5301 1303 5352 tam
1325 5297 1487 5352 Graecorum
1511 5312 1598 5368 quam
1621 5297 1799 5362 Latinorum,
1822 5300 1854 5351 nt

102 5358 163 5414 dici
184 5360 276 5428 possit
290 5375 296 5413 :
310 5361 363 5414 Tot
386 5361 491 5431 capita,
514 5365 555 5415 tot
579 5362 748 5430 sententiaa;
771 5363 953 5419 communior
1007 5370 1087 5420 notat
1111 5366 1249 5421 Duronius
1265 5367 1295 5421 in
1315 5367 1536 5438 Martyrologio;
1562 5368 1667 5422 certior
1682 5383 1758 5434 vero,
1783 5366 1852 5439 quia

102 5435 204 5484 tamen
227 5430 372 5510 etcertior
394 5436 551 5486 esteorum
567 5433 745 5504 supputatio,
766 5435 816 5506 qui
839 5451 871 5489 cx
889 5435 951 5489 Liill
1007 5436 1083 5490 hunc
1109 5453 1252 5492 annorum
1275 5453 1426 5493 numerum
1450 5438 1620 5499 Ecclesiam
1645 5437 1852 5520 biartyroiogiis

103 5499 312 5570 interpretibus
340 5505 368 5555 et
392 5502 564 5582 pervetustis
595 5505 780 5560 flehraeorum
804 5505 950 5561 codicibus
1005 5512 1145 5580 perpetuo
1160 5508 1288 5570 retinuit,

102 5571 205 5626 dicunt
218 5570 347 5643 quinque
362 5571 453 5628 miliia
466 5577 583 5628 centnm
597 5579 626 5629 et
640 5575 798 5647 nonaginta
815 5590 919 5632 novem
934 5594 950 5632 a
