<?xml version="1.0" encoding="UTF-8"?>
<!DOCTYPE html PUBLIC "-//W3C//DTD XHTML 1.0 Transitional//EN"
    "http://www.w3.org/TR/xhtml1/DTD/xhtml1-transitional.dtd">
<html xmlns="http://www.w3.org/1999/xhtml" xml:lang="en" lang="en">
 <head>
  <title>
</title>
<meta http-equiv="Content-Type" content="text/html;charset=utf-8" />
  <meta name='ocr-system' content='tesseract 3.04.00' />
  <meta name='ocr-capabilities' content='ocr_page ocr_carea ocr_par ocr_line ocrx_word'/>
</head>
<body>
  <div class='ocr_page' id='page_1' title='image "./patrologiaecurs04unkngoog_0238.png"; bbox 0 0 3930 6098; ppageno 0'>
   <div class='ocr_carea' id='block_1_1' title="bbox 43 277 1794 352">
    <p class='ocr_par' dir='ltr' id='par_1_1' title="bbox 43 277 1794 352">
     <span class='ocr_line' id='line_1_1' title="bbox 43 277 1794 352; baseline 0.01 -19"><span class='ocrx_word' id='word_1_1' title='bbox 43 277 90 335; x_wconf 75' lang='lat' dir='ltr'><strong>lii</strong></span> <span class='ocrx_word' id='word_1_2' title='bbox 798 332 799 337; x_wconf 68' lang='grc'>,</span> <span class='ocrx_word' id='word_1_3' title='bbox 821 279 1009 342; x_wconf 80' lang='lat' dir='ltr'><strong>EPISTOLAE.</strong></span> <span class='ocrx_word' id='word_1_4' title='bbox 1743 287 1794 352; x_wconf 68' lang='lat' dir='ltr'><strong>aaa</strong></span> 
     </span>
    </p>
   </div>
   <div class='ocr_carea' id='block_1_2' title="bbox 37 413 1797 2351">
    <p class='ocr_par' dir='ltr' id='par_1_2' title="bbox 44 413 1795 755">
     <span class='ocr_line' id='line_1_2' title="bbox 44 413 1795 486; baseline 0.009 -20"><span class='ocrx_word' id='word_1_5' title='bbox 44 413 173 483; x_wconf 85' lang='lat' dir='ltr'><strong>gustinus</strong></span> <span class='ocrx_word' id='word_1_6' title='bbox 193 417 293 469; x_wconf 89' lang='lat' dir='ltr'><strong>contra</strong></span> <span class='ocrx_word' id='word_1_7' title='bbox 317 413 523 469; x_wconf 83' lang='lat' dir='ltr'><strong>Priscillauos:</strong></span> <span class='ocrx_word' id='word_1_8' title='bbox 548 416 647 486; x_wconf 91' lang='lat' dir='ltr'><strong>Neque</strong></span> <span class='ocrx_word' id='word_1_9' title='bbox 673 416 750 470; x_wconf 89' lang='lat' dir='ltr'><strong>enim</strong></span> <span class='ocrx_word' id='word_1_10' title='bbox 777 417 827 471; x_wconf 90' lang='lat' dir='ltr'><strong>illa</strong></span> <span class='ocrx_word' id='word_1_11' title='bbox 850 433 894 472; x_wconf 87' lang='lat' dir='ltr'><strong>su·</strong></span> <span class='ocrx_word' id='word_1_12' title='bbox 912 419 1040 475; x_wconf 89' lang='lat' dir='ltr'><strong>Anostri</strong></span> <span class='ocrx_word' id='word_1_13' title='bbox 1057 435 1115 473; x_wconf 92' lang='grc' dir='ltr'>ιιοιι</span> <span class='ocrx_word' id='word_1_14' title='bbox 1138 435 1264 486; x_wconf 89' lang='lat' dir='ltr'><strong>carnem,</strong></span> <span class='ocrx_word' id='word_1_15' title='bbox 1281 421 1328 475; x_wconf 89' lang='lat' dir='ltr'><strong>sed</strong></span> <span class='ocrx_word' id='word_1_16' title='bbox 1347 419 1395 476; x_wconf 86' lang='lat' dir='ltr'><strong>Dei</strong></span> <span class='ocrx_word' id='word_1_17' title='bbox 1422 423 1541 478; x_wconf 84' lang='lat' dir='ltr'><strong>Verbum</strong></span> <span class='ocrx_word' id='word_1_18' title='bbox 1565 424 1651 480; x_wconf 88' lang='lat' dir='ltr'><strong>unius</strong></span> <span class='ocrx_word' id='word_1_19' title='bbox 1666 427 1795 482; x_wconf 83' lang='lat' dir='ltr'><strong>snbstan-</strong></span> 
     </span>
     <span class='ocr_line' id='line_1_3' title="bbox 45 503 1795 585; baseline 0.009 -30"><span class='ocrx_word' id='word_1_20' title='bbox 45 503 188 572; x_wconf 73' lang='lat' dir='ltr'>scaptione</span> <span class='ocrx_word' id='word_1_21' title='bbox 218 504 340 558; x_wconf 89' lang='lat' dir='ltr'><strong>allerum</strong></span> <span class='ocrx_word' id='word_1_22' title='bbox 371 521 471 558; x_wconf 86' lang='lat' dir='ltr'><strong>eorum</strong></span> <span class='ocrx_word' id='word_1_23' title='bbox 510 504 541 558; x_wconf 92' lang='lat' dir='ltr'><strong>in</strong></span> <span class='ocrx_word' id='word_1_24' title='bbox 570 505 693 559; x_wconf 90' lang='lat' dir='ltr'><strong>alterum</strong></span> <span class='ocrx_word' id='word_1_25' title='bbox 724 521 891 561; x_wconf 82' lang='lat' dir='ltr'><strong>conversum</strong></span> <span class='ocrx_word' id='word_1_26' title='bbox 947 507 995 561; x_wconf 76' lang='lat' dir='ltr'><strong>ria</strong></span> <span class='ocrx_word' id='word_1_27' title='bbox 1019 523 1084 561; x_wconf 91' lang='lat' dir='ltr'><strong>cum</strong></span> <span class='ocrx_word' id='word_1_28' title='bbox 1110 508 1191 562; x_wconf 85' lang='lat' dir='ltr'><strong>Patre</strong></span> <span class='ocrx_word' id='word_1_29' title='bbox 1211 510 1443 566; x_wconf 87' lang='lat' dir='ltr'><strong>essedixerunt:</strong></span> <span class='ocrx_word' id='word_1_30' title='bbox 1471 515 1595 568; x_wconf 89' lang='lat' dir='ltr'><strong>Verbum</strong></span> <span class='ocrx_word' id='word_1_31' title='bbox 1618 515 1735 585; x_wconf 88' lang='lat' dir='ltr'><strong>quidem</strong></span> <span class='ocrx_word' id='word_1_32' title='bbox 1761 533 1795 571; x_wconf 87' lang='lat' dir='ltr'><strong>ex</strong></span> 
     </span>
     <span class='ocr_line' id='line_1_4' title="bbox 47 594 1795 666; baseline 0.01 -23"><span class='ocrx_word' id='word_1_33' title='bbox 47 598 129 661; x_wconf 85' lang='lat' dir='ltr'><strong>atque</strong></span> <span class='ocrx_word' id='word_1_34' title='bbox 146 598 291 647; x_wconf 91' lang='lat' dir='ltr'><strong>mutatum</strong></span> <span class='ocrx_word' id='word_1_35' title='bbox 308 599 432 648; x_wconf 79' lang='lat' dir='ltr'><strong>esttnec</strong></span> <span class='ocrx_word' id='word_1_36' title='bbox 445 594 582 647; x_wconf 83' lang='lat' dir='ltr'><strong>Divinitas</strong></span> <span class='ocrx_word' id='word_1_37' title='bbox 597 594 703 665; x_wconf 91' lang='lat' dir='ltr'><strong>quippe</strong></span> <span class='ocrx_word' id='word_1_38' title='bbox 719 594 749 648; x_wconf 92' lang='lat' dir='ltr'><strong>iu</strong></span> <span class='ocrx_word' id='word_1_39' title='bbox 764 601 891 649; x_wconf 88' lang='lat' dir='ltr'><strong>creatura</strong></span> <span class='ocrx_word' id='word_1_40' title='bbox 947 599 1067 666; x_wconf 84' lang='lat' dir='ltr'><strong>paterna</strong></span> <span class='ocrx_word' id='word_1_41' title='bbox 1098 597 1268 666; x_wconf 80' lang='lat' dir='ltr'><strong>processisse</strong></span> <span class='ocrx_word' id='word_1_42' title='bbox 1296 598 1462 662; x_wconf 86' lang='lat' dir='ltr'><strong>substantia,</strong></span> <span class='ocrx_word' id='word_1_43' title='bbox 1492 616 1606 655; x_wconf 86' lang='lat' dir='ltr'><strong>caruem</strong></span> <span class='ocrx_word' id='word_1_44' title='bbox 1637 609 1733 659; x_wconf 88' lang='lat' dir='ltr'><strong>autem</strong></span> <span class='ocrx_word' id='word_1_45' title='bbox 1762 622 1795 660; x_wconf 88' lang='lat' dir='ltr'><strong>ex</strong></span> 
     </span>
     <span class='ocr_line' id='line_1_5' title="bbox 47 681 1404 755; baseline 0.004 -22"><span class='ocrx_word' id='word_1_46' title='bbox 47 684 154 733; x_wconf 89' lang='lat' dir='ltr'><strong>mutata</strong></span> <span class='ocrx_word' id='word_1_47' title='bbox 183 685 236 744; x_wconf 88' lang='lat' dir='ltr'><strong>est,</strong></span> <span class='ocrx_word' id='word_1_48' title='bbox 265 685 299 734; x_wconf 90' lang='lat' dir='ltr'><strong>ut</strong></span> <span class='ocrx_word' id='word_1_49' title='bbox 327 681 480 735; x_wconf 80' lang='lat' dir='ltr'><strong>desisteret</strong></span> <span class='ocrx_word' id='word_1_50' title='bbox 506 697 566 734; x_wconf 87' lang='lat' dir='ltr'><strong>esse</strong></span> <span class='ocrx_word' id='word_1_51' title='bbox 593 688 742 736; x_wconf 86' lang='lat' dir='ltr'><strong>creatura:</strong></span> <span class='ocrx_word' id='word_1_52' title='bbox 772 699 840 736; x_wconf 87' lang='lat' dir='ltr'><strong>narn</strong></span> <span class='ocrx_word' id='word_1_53' title='bbox 870 683 893 735; x_wconf 91' lang='lat' dir='ltr'><strong>si</strong></span> <span class='ocrx_word' id='word_1_54' title='bbox 948 685 1064 755; x_wconf 88' lang='lat' dir='ltr'><strong>Virgine</strong></span> <span class='ocrx_word' id='word_1_55' title='bbox 1079 701 1139 738; x_wconf 89' lang='lat' dir='ltr'><strong>esse</strong></span> <span class='ocrx_word' id='word_1_56' title='bbox 1153 685 1274 740; x_wconf 78' lang='lat' dir='ltr'><strong>confessi</strong></span> <span class='ocrx_word' id='word_1_57' title='bbox 1292 689 1371 739; x_wconf 91' lang='lat' dir='ltr'><strong>sunt.</strong></span> <span class='ocrx_word' id='word_1_58' title='bbox 1394 709 1404 733; x_wconf 77' lang='grc' dir='ltr'>ι</span> 
     </span>
    </p>

    <p class='ocr_par' dir='ltr' id='par_1_3' title="bbox 37 767 1797 2351">
     <span class='ocr_line' id='line_1_6' title="bbox 46 767 1796 852; baseline 0.009 -32"><span class='ocrx_word' id='word_1_59' title='bbox 46 768 206 822; x_wconf 88' lang='lat' dir='ltr'><strong>substantia</strong></span> <span class='ocrx_word' id='word_1_60' title='bbox 219 767 345 822; x_wconf 92' lang='lat' dir='ltr'><strong>hominis</strong></span> <span class='ocrx_word' id='word_1_61' title='bbox 372 769 402 823; x_wconf 92' lang='lat' dir='ltr'><strong>in</strong></span> <span class='ocrx_word' id='word_1_62' title='bbox 423 770 576 823; x_wconf 87' lang='lat' dir='ltr'><strong>Divinitate</strong></span> <span class='ocrx_word' id='word_1_63' title='bbox 593 785 729 824; x_wconf 88' lang='lat' dir='ltr'><strong>conversa</strong></span> <span class='ocrx_word' id='word_1_64' title='bbox 752 775 804 839; x_wconf 88' lang='lat' dir='ltr'><strong>est,</strong></span> <span class='ocrx_word' id='word_1_65' title='bbox 820 787 894 841; x_wconf 90' lang='lat' dir='ltr'><strong>aug·</strong></span> <span class='ocrx_word' id='word_1_66' title='bbox 982 777 1008 826; x_wconf 82' lang='lat'><strong>7.</strong></span> <span class='ocrx_word' id='word_1_67' title='bbox 1027 774 1059 826; x_wconf 83' lang='lat' dir='ltr'><strong>Et</strong></span> <span class='ocrx_word' id='word_1_68' title='bbox 1074 773 1142 843; x_wconf 88' lang='lat' dir='ltr'><strong>quia</strong></span> <span class='ocrx_word' id='word_1_69' title='bbox 1156 774 1241 828; x_wconf 89' lang='lat' dir='ltr'><strong>uobis</strong></span> <span class='ocrx_word' id='word_1_70' title='bbox 1255 774 1378 828; x_wconf 88' lang='lat' dir='ltr'><strong>scribere</strong></span> <span class='ocrx_word' id='word_1_71' title='bbox 1393 776 1548 846; x_wconf 81' lang='lat' dir='ltr'><strong>praevidisti</strong></span> <span class='ocrx_word' id='word_1_72' title='bbox 1565 779 1640 848; x_wconf 89' lang='lat' dir='ltr'><strong>quud</strong></span> <span class='ocrx_word' id='word_1_73' title='bbox 1658 779 1687 834; x_wconf 91' lang='lat' dir='ltr'><strong>in</strong></span> <span class='ocrx_word' id='word_1_74' title='bbox 1705 781 1796 852; x_wconf 81' lang='lat' dir='ltr'><strong>Ephe·</strong></span> 
     </span>
     <span class='ocr_line' id='line_1_7' title="bbox 46 856 1793 933; baseline 0.009 -24"><span class='ocrx_word' id='word_1_75' title='bbox 46 856 182 910; x_wconf 83' lang='lat' dir='ltr'><strong>mentavit</strong></span> <span class='ocrx_word' id='word_1_76' title='bbox 196 856 314 928; x_wconf 79' lang='lat' dir='ltr'><strong>aliquod</strong></span> <span class='ocrx_word' id='word_1_77' title='bbox 342 858 515 913; x_wconf 78' lang='lat' dir='ltr'><strong>Divinitatis.</strong></span> <span class='ocrx_word' id='word_1_78' title='bbox 533 858 586 912; x_wconf 89' lang='lat' dir='ltr'><strong>Sed</strong></span> <span class='ocrx_word' id='word_1_79' title='bbox 603 859 678 912; x_wconf 89' lang='lat' dir='ltr'><strong>absit</strong></span> <span class='ocrx_word' id='word_1_80' title='bbox 697 864 730 913; x_wconf 90' lang='lat' dir='ltr'><strong>ut</strong></span> <span class='ocrx_word' id='word_1_81' title='bbox 754 876 892 930; x_wconf 89' lang='lat' dir='ltr'><strong>augmen·</strong></span> <span class='ocrx_word' id='word_1_82' title='bbox 946 861 1129 933; x_wconf 86' lang='lat' dir='ltr'><strong>sinasynodo</strong></span> <span class='ocrx_word' id='word_1_83' title='bbox 1144 862 1315 929; x_wconf 74' lang='lat' dir='ltr'><strong>continetur,</strong></span> <span class='ocrx_word' id='word_1_84' title='bbox 1331 864 1381 918; x_wconf 92' lang='lat' dir='ltr'><strong>ubi</strong></span> <span class='ocrx_word' id='word_1_85' title='bbox 1395 865 1428 920; x_wconf 90' lang='lat' dir='ltr'><strong>ad</strong></span> <span class='ocrx_word' id='word_1_86' title='bbox 1450 866 1543 919; x_wconf 89' lang='lat' dir='ltr'><strong>locum</strong></span> <span class='ocrx_word' id='word_1_87' title='bbox 1562 866 1601 919; x_wconf 88' lang='lat' dir='ltr'><strong>sic</strong></span> <span class='ocrx_word' id='word_1_88' title='bbox 1620 868 1793 924; x_wconf 89' lang='lat' dir='ltr'><strong>adnotatur:</strong></span> 
     </span>
     <span class='ocr_line' id='line_1_8' title="bbox 47 945 1797 1021; baseline 0.009 -24"><span class='ocrx_word' id='word_1_89' title='bbox 47 951 104 997; x_wconf 89' lang='lat' dir='ltr'><strong>tum</strong></span> <span class='ocrx_word' id='word_1_90' title='bbox 120 945 244 1016; x_wconf 89' lang='lat' dir='ltr'><strong>recipiat</strong></span> <span class='ocrx_word' id='word_1_91' title='bbox 259 945 413 1000; x_wconf 78' lang='lat' dir='ltr'><strong>ineffabilis</strong></span> <span class='ocrx_word' id='word_1_92' title='bbox 428 946 588 1016; x_wconf 90' lang='lat' dir='ltr'><strong>plenitudo.</strong></span> <span class='ocrx_word' id='word_1_93' title='bbox 615 948 709 1001; x_wconf 86' lang='lat' dir='ltr'><strong>blanet</strong></span> <span class='ocrx_word' id='word_1_94' title='bbox 728 964 796 1018; x_wconf 89' lang='lat' dir='ltr'><strong>ergo</strong></span> <span class='ocrx_word' id='word_1_95' title='bbox 812 954 891 1002; x_wconf 90' lang='lat' dir='ltr'><strong>utra·</strong></span> <span class='ocrx_word' id='word_1_96' title='bbox 948 949 1056 1021; x_wconf 88' lang='lat' dir='ltr'><strong>Siquis</strong></span> <span class='ocrx_word' id='word_1_97' title='bbox 1074 951 1357 1006; x_wconf 87' lang='lat' dir='ltr'><strong>cantiteturcnrncm</strong></span> <span class='ocrx_word' id='word_1_98' title='bbox 1384 953 1434 1006; x_wconf 88' lang='lat' dir='ltr'><strong>Dei</strong></span> <span class='ocrx_word' id='word_1_99' title='bbox 1448 952 1661 1010; x_wconf 84' lang='lat' dir='ltr'><strong>vivificatricem</strong></span> <span class='ocrx_word' id='word_1_100' title='bbox 1685 974 1746 1011; x_wconf 89' lang='lat' dir='ltr'><strong>esse</strong></span> <span class='ocrx_word' id='word_1_101' title='bbox 1767 965 1797 1014; x_wconf 89' lang='lat' dir='ltr'><strong>et</strong></span> 
     </span>
     <span class='ocr_line' id='line_1_9' title="bbox 46 1033 1796 1110; baseline 0.007 -23"><span class='ocrx_word' id='word_1_102' title='bbox 46 1033 179 1105; x_wconf 78' lang='lat' dir='ltr'><strong>quel&#39;ilii</strong></span> <span class='ocrx_word' id='word_1_103' title='bbox 203 1040 569 1107; x_wconf 86' lang='lat' dir='ltr'><strong>naturaetunapersona.</strong></span> <span class='ocrx_word' id='word_1_104' title='bbox 588 1038 690 1090; x_wconf 83' lang='lat' dir='ltr'><strong>Beatus</strong></span> <span class='ocrx_word' id='word_1_105' title='bbox 706 1037 760 1091; x_wconf 88' lang='lat' dir='ltr'><strong>Leo</strong></span> <span class='ocrx_word' id='word_1_106' title='bbox 776 1042 894 1107; x_wconf 91' lang='lat' dir='ltr'><strong>aposlo-</strong></span> <span class='ocrx_word' id='word_1_107' title='bbox 946 1040 1092 1110; x_wconf 88' lang='lat' dir='ltr'><strong>propriam</strong></span> <span class='ocrx_word' id='word_1_108' title='bbox 1116 1039 1206 1110; x_wconf 91' lang='lat' dir='ltr'><strong>ipsius</strong></span> <span class='ocrx_word' id='word_1_109' title='bbox 1221 1039 1304 1094; x_wconf 86' lang='lat' dir='ltr'><strong>Verbi</strong></span> <span class='ocrx_word' id='word_1_110' title='bbox 1331 1039 1380 1094; x_wconf 83' lang='lat' dir='ltr'><strong>liei</strong></span> <span class='ocrx_word' id='word_1_111' title='bbox 1397 1041 1498 1104; x_wconf 89' lang='lat' dir='ltr'><strong>Patris,</strong></span> <span class='ocrx_word' id='word_1_112' title='bbox 1522 1042 1796 1100; x_wconf 85' lang='lat' dir='ltr'><strong>sedvelutalterius</strong></span> 
     </span>
     <span class='ocr_line' id='line_1_10' title="bbox 45 1122 1797 1202; baseline 0.007 -28"><span class='ocrx_word' id='word_1_113' title='bbox 45 1122 333 1178; x_wconf 84' lang='lat' dir='ltr'><strong>licaesadisantistes</strong></span> <span class='ocrx_word' id='word_1_114' title='bbox 353 1124 389 1178; x_wconf 89' lang='lat' dir='ltr'><strong>ad</strong></span> <span class='ocrx_word' id='word_1_115' title='bbox 414 1124 578 1179; x_wconf 81' lang='lat' dir='ltr'><strong>Flavianum</strong></span> <span class='ocrx_word' id='word_1_116' title='bbox 596 1125 894 1196; x_wconf 72' lang='lat' dir='ltr'><strong>Constantinopolin·</strong></span> <span class='ocrx_word' id='word_1_117' title='bbox 947 1133 1052 1198; x_wconf 78' lang='lat' dir='ltr'><strong>praeter</strong></span> <span class='ocrx_word' id='word_1_118' title='bbox 1064 1128 1160 1197; x_wconf 93' lang='lat' dir='ltr'><strong>ipsum</strong></span> <span class='ocrx_word' id='word_1_119' title='bbox 1184 1128 1328 1199; x_wconf 89' lang='lat' dir='ltr'><strong>conjuncti</strong></span> <span class='ocrx_word' id='word_1_120' title='bbox 1344 1130 1438 1184; x_wconf 91' lang='lat' dir='ltr'><strong>eidem</strong></span> <span class='ocrx_word' id='word_1_121' title='bbox 1455 1147 1505 1201; x_wconf 88' lang='lat' dir='ltr'><strong>per</strong></span> <span class='ocrx_word' id='word_1_122' title='bbox 1532 1131 1711 1202; x_wconf 88' lang='lat' dir='ltr'><strong>dignitatem,</strong></span> <span class='ocrx_word' id='word_1_123' title='bbox 1748 1141 1797 1189; x_wconf 89' lang='lat' dir='ltr'><strong>aut</strong></span> 
     </span>
     <span class='ocr_line' id='line_1_11' title="bbox 45 1213 1796 1291; baseline 0.006 -27"><span class='ocrx_word' id='word_1_124' title='bbox 45 1227 113 1265; x_wconf 89' lang='lat' dir='ltr'><strong>num</strong></span> <span class='ocrx_word' id='word_1_125' title='bbox 131 1229 138 1265; x_wconf 78' lang='lat' dir='ltr'>z</span> <span class='ocrx_word' id='word_1_126' title='bbox 157 1213 188 1266; x_wconf 85' lang='lat' dir='ltr'><strong>Et</strong></span> <span class='ocrx_word' id='word_1_127' title='bbox 204 1213 278 1266; x_wconf 86' lang='lat' dir='ltr'><strong>sient</strong></span> <span class='ocrx_word' id='word_1_128' title='bbox 292 1213 385 1268; x_wconf 87' lang='lat' dir='ltr'><strong>iorma</strong></span> <span class='ocrx_word' id='word_1_129' title='bbox 404 1213 478 1267; x_wconf 85' lang='lat' dir='ltr'><strong>servi</strong></span> <span class='ocrx_word' id='word_1_130' title='bbox 495 1213 543 1268; x_wconf 90' lang='lat' dir='ltr'><strong>Dei</strong></span> <span class='ocrx_word' id='word_1_131' title='bbox 558 1213 680 1268; x_wconf 84' lang='lat' dir='ltr'><strong>formam</strong></span> <span class='ocrx_word' id='word_1_132' title='bbox 696 1231 755 1268; x_wconf 91' lang='lat' dir='ltr'><strong>non</strong></span> <span class='ocrx_word' id='word_1_133' title='bbox 774 1215 892 1281; x_wconf 80' lang='lat' dir='ltr'><strong>ademit,</strong></span> <span class='ocrx_word' id='word_1_134' title='bbox 948 1213 1029 1285; x_wconf 84' lang='lat' dir='ltr'><strong>quasi</strong></span> <span class='ocrx_word' id='word_1_135' title='bbox 1045 1214 1169 1268; x_wconf 84' lang='lat' dir='ltr'><strong>divinam</strong></span> <span class='ocrx_word' id='word_1_136' title='bbox 1185 1215 1394 1270; x_wconf 83' lang='lat' dir='ltr'><strong>habitationem</strong></span> <span class='ocrx_word' id='word_1_137' title='bbox 1420 1218 1562 1286; x_wconf 88' lang='lat' dir='ltr'><strong>habentis,</strong></span> <span class='ocrx_word' id='word_1_138' title='bbox 1579 1235 1611 1272; x_wconf 89' lang='lat' dir='ltr'><strong>ac</strong></span> <span class='ocrx_word' id='word_1_139' title='bbox 1625 1235 1682 1273; x_wconf 91' lang='lat' dir='ltr'><strong>non</strong></span> <span class='ocrx_word' id='word_1_140' title='bbox 1701 1221 1796 1291; x_wconf 90' lang='lat' dir='ltr'><strong>potius</strong></span> 
     </span>
     <span class='ocr_line' id='line_1_12' title="bbox 44 1299 1796 1375; baseline 0.006 -23"><span class='ocrx_word' id='word_1_141' title='bbox 44 1299 82 1353; x_wconf 87' lang='lat' dir='ltr'><strong>ita</strong></span> <span class='ocrx_word' id='word_1_142' title='bbox 104 1300 201 1354; x_wconf 85' lang='lat' dir='ltr'><strong>iorma</strong></span> <span class='ocrx_word' id='word_1_143' title='bbox 223 1302 272 1355; x_wconf 89' lang='lat' dir='ltr'><strong>Dei</strong></span> <span class='ocrx_word' id='word_1_144' title='bbox 298 1300 371 1356; x_wconf 86' lang='lat' dir='ltr'><strong>servi</strong></span> <span class='ocrx_word' id='word_1_145' title='bbox 399 1302 595 1356; x_wconf 86' lang='lat' dir='ltr'><strong>fornramnon</strong></span> <span class='ocrx_word' id='word_1_146' title='bbox 613 1303 727 1357; x_wconf 88' lang='lat' dir='ltr'><strong>minuit.</strong></span> <span class='ocrx_word' id='word_1_147' title='bbox 754 1305 787 1358; x_wconf 83' lang='lat' dir='ltr'><strong>Et</strong></span> <span class='ocrx_word' id='word_1_148' title='bbox 807 1303 894 1375; x_wconf 88' lang='lat' dir='ltr'><strong>paulo</strong></span> <span class='ocrx_word' id='word_1_149' title='bbox 949 1309 980 1356; x_wconf 92' lang='lat' dir='ltr'><strong>ut</strong></span> <span class='ocrx_word' id='word_1_150' title='bbox 1003 1303 1134 1364; x_wconf 76' lang='lat' dir='ltr'><strong>diximus,</strong></span> <span class='ocrx_word' id='word_1_151' title='bbox 1170 1303 1381 1358; x_wconf 83' lang='lat' dir='ltr'><strong>vivificatricem</strong></span> <span class='ocrx_word' id='word_1_152' title='bbox 1412 1323 1483 1373; x_wconf 89' lang='lat' dir='ltr'><strong>esse,</strong></span> <span class='ocrx_word' id='word_1_153' title='bbox 1514 1309 1667 1362; x_wconf 87' lang='lat' dir='ltr'><strong>anathema</strong></span> <span class='ocrx_word' id='word_1_154' title='bbox 1689 1308 1736 1362; x_wconf 90' lang='lat' dir='ltr'><strong>sit.</strong></span> <span class='ocrx_word' id='word_1_155' title='bbox 1767 1308 1796 1363; x_wconf 88' lang='lat' dir='ltr'><strong>Si</strong></span> 
     </span>
     <span class='ocr_line' id='line_1_13' title="bbox 43 1389 1796 1469; baseline 0.006 -28"><span class='ocrx_word' id='word_1_156' title='bbox 43 1393 108 1458; x_wconf 86' lang='lat' dir='ltr'><strong>post</strong></span> <span class='ocrx_word' id='word_1_157' title='bbox 126 1404 133 1442; x_wconf 92' lang='lat'>:</span> <span class='ocrx_word' id='word_1_158' title='bbox 149 1391 183 1443; x_wconf 85' lang='lat' dir='ltr'><strong>Et</strong></span> <span class='ocrx_word' id='word_1_159' title='bbox 198 1389 272 1445; x_wconf 90' lang='lat' dir='ltr'><strong>sicut</strong></span> <span class='ocrx_word' id='word_1_160' title='bbox 286 1391 409 1445; x_wconf 87' lang='lat' dir='ltr'><strong>Verbum</strong></span> <span class='ocrx_word' id='word_1_161' title='bbox 425 1392 460 1445; x_wconf 90' lang='lat' dir='ltr'><strong>ab</strong></span> <span class='ocrx_word' id='word_1_162' title='bbox 476 1392 640 1462; x_wconf 74' lang='lat' dir='ltr'><strong>equalitate</strong></span> <span class='ocrx_word' id='word_1_163' title='bbox 655 1398 781 1463; x_wconf 78' lang='lat' dir='ltr'><strong>paternae</strong></span> <span class='ocrx_word' id='word_1_164' title='bbox 795 1393 893 1463; x_wconf 77' lang='lat' dir='ltr'><strong>gloriae</strong></span> <span class='ocrx_word' id='word_1_165' title='bbox 949 1391 1026 1445; x_wconf 91' lang='lat' dir='ltr'><strong>euim</strong></span> <span class='ocrx_word' id='word_1_166' title='bbox 1042 1392 1111 1446; x_wconf 88' lang='lat' dir='ltr'><strong>dicis</strong></span> <span class='ocrx_word' id='word_1_167' title='bbox 1128 1392 1196 1462; x_wconf 87' lang='lat' dir='ltr'><strong>quia</strong></span> <span class='ocrx_word' id='word_1_168' title='bbox 1211 1394 1329 1464; x_wconf 88' lang='lat' dir='ltr'><strong>propria</strong></span> <span class='ocrx_word' id='word_1_169' title='bbox 1345 1399 1387 1448; x_wconf 88' lang='lat' dir='ltr'><strong>est</strong></span> <span class='ocrx_word' id='word_1_170' title='bbox 1403 1394 1452 1448; x_wconf 88' lang='lat' dir='ltr'><strong>Dei</strong></span> <span class='ocrx_word' id='word_1_171' title='bbox 1475 1396 1576 1462; x_wconf 86' lang='lat' dir='ltr'><strong>Patris,</strong></span> <span class='ocrx_word' id='word_1_172' title='bbox 1602 1398 1679 1469; x_wconf 92' lang='lat' dir='ltr'><strong>quod</strong></span> <span class='ocrx_word' id='word_1_173' title='bbox 1705 1397 1796 1452; x_wconf 89' lang='lat' dir='ltr'><strong>sancti</strong></span> 
     </span>
     <span class='ocr_line' id='line_1_14' title="bbox 42 1479 1795 1556; baseline 0.006 -28"><span class='ocrx_word' id='word_1_174' title='bbox 42 1493 100 1530; x_wconf 90' lang='lat' dir='ltr'><strong>non</strong></span> <span class='ocrx_word' id='word_1_175' title='bbox 124 1479 241 1547; x_wconf 82' lang='lat' dir='ltr'><strong>recedit,</strong></span> <span class='ocrx_word' id='word_1_176' title='bbox 265 1479 304 1531; x_wconf 91' lang='lat' dir='ltr'><strong>ita</strong></span> <span class='ocrx_word' id='word_1_177' title='bbox 332 1496 397 1533; x_wconf 88' lang='lat' dir='ltr'><strong>caro</strong></span> <span class='ocrx_word' id='word_1_178' title='bbox 423 1485 553 1534; x_wconf 88' lang='lat' dir='ltr'><strong>naturam</strong></span> <span class='ocrx_word' id='word_1_179' title='bbox 576 1484 664 1534; x_wconf 88' lang='lat' dir='ltr'><strong>nostri</strong></span> <span class='ocrx_word' id='word_1_180' title='bbox 694 1483 808 1552; x_wconf 83' lang='lat' dir='ltr'><strong>generis</strong></span> <span class='ocrx_word' id='word_1_181' title='bbox 835 1497 893 1535; x_wconf 91' lang='lat' dir='ltr'><strong>non</strong></span> <span class='ocrx_word' id='word_1_182' title='bbox 948 1481 1278 1535; x_wconf 83' lang='lat' dir='ltr'><strong>Patresmiuimecredo</strong></span> <span class='ocrx_word' id='word_1_183' title='bbox 1296 1488 1325 1536; x_wconf 89' lang='lat' dir='ltr'><strong>ut</strong></span> <span class='ocrx_word' id='word_1_184' title='bbox 1353 1483 1391 1537; x_wconf 89' lang='lat' dir='ltr'><strong>ita</strong></span> <span class='ocrx_word' id='word_1_185' title='bbox 1410 1484 1543 1551; x_wconf 80' lang='lat' dir='ltr'><strong>dixerint,</strong></span> <span class='ocrx_word' id='word_1_186' title='bbox 1569 1502 1638 1556; x_wconf 90' lang='lat' dir='ltr'><strong>ergo</strong></span> <span class='ocrx_word' id='word_1_187' title='bbox 1657 1485 1795 1539; x_wconf 89' lang='lat' dir='ltr'><strong>Sabellia-</strong></span> 
     </span>
     <span class='ocr_line' id='line_1_15' title="bbox 42 1566 1795 1646; baseline 0.006 -28"><span class='ocrx_word' id='word_1_188' title='bbox 42 1566 176 1636; x_wconf 85' lang='lat' dir='ltr'><strong>reliquit.</strong></span> <span class='ocrx_word' id='word_1_189' title='bbox 194 1567 264 1622; x_wconf 86' lang='lat' dir='ltr'><strong>ltem</strong></span> <span class='ocrx_word' id='word_1_190' title='bbox 282 1569 513 1638; x_wconf 75' lang='lat' dir='ltr'><strong>hieronymusin</strong></span> <span class='ocrx_word' id='word_1_191' title='bbox 530 1570 750 1624; x_wconf 84' lang='lat' dir='ltr'><strong>Commentariis</strong></span> <span class='ocrx_word' id='word_1_192' title='bbox 769 1571 892 1640; x_wconf 85' lang='lat' dir='ltr'><strong>Evange-</strong></span> <span class='ocrx_word' id='word_1_193' title='bbox 948 1584 1016 1622; x_wconf 90' lang='lat' dir='ltr'><strong>nam</strong></span> <span class='ocrx_word' id='word_1_194' title='bbox 1031 1569 1164 1624; x_wconf 76' lang='lat' dir='ltr'><strong>baeresim</strong></span> <span class='ocrx_word' id='word_1_195' title='bbox 1180 1578 1293 1624; x_wconf 88' lang='lat' dir='ltr'><strong>secutus</strong></span> <span class='ocrx_word' id='word_1_196' title='bbox 1313 1571 1465 1636; x_wconf 85' lang='lat' dir='ltr'><strong>videberis,</strong></span> <span class='ocrx_word' id='word_1_197' title='bbox 1482 1575 1530 1646; x_wconf 90' lang='lat' dir='ltr'><strong>qui</strong></span> <span class='ocrx_word' id='word_1_198' title='bbox 1547 1575 1617 1628; x_wconf 88' lang='lat' dir='ltr'><strong>dicis</strong></span> <span class='ocrx_word' id='word_1_199' title='bbox 1639 1575 1706 1646; x_wconf 88' lang='lat' dir='ltr'><strong>quia</strong></span> <span class='ocrx_word' id='word_1_200' title='bbox 1729 1591 1795 1646; x_wconf 92' lang='lat' dir='ltr'><strong>pro·</strong></span> 
     </span>
     <span class='ocr_line' id='line_1_16' title="bbox 41 1655 1793 1733; baseline 0.005 -25"><span class='ocrx_word' id='word_1_201' title='bbox 41 1655 150 1709; x_wconf 87' lang='lat' dir='ltr'><strong>horum</strong></span> <span class='ocrx_word' id='word_1_202' title='bbox 168 1657 324 1711; x_wconf 89' lang='lat' dir='ltr'><strong>secundum</strong></span> <span class='ocrx_word' id='word_1_203' title='bbox 342 1657 505 1711; x_wconf 71' lang='lat' dir='ltr'><strong>blattbaeum</strong></span> <span class='ocrx_word' id='word_1_204' title='bbox 523 1674 529 1710; x_wconf 93' lang='lat'>:</span> <span class='ocrx_word' id='word_1_205' title='bbox 544 1660 621 1712; x_wconf 82' lang='lat' dir='ltr'><strong>Diait</strong></span> <span class='ocrx_word' id='word_1_206' title='bbox 636 1661 767 1714; x_wconf 82' lang='lat' dir='ltr'><strong>Dominus</strong></span> <span class='ocrx_word' id='word_1_207' title='bbox 782 1661 894 1714; x_wconf 88' lang='lat' dir='ltr'><strong>Domino</strong></span> <span class='ocrx_word' id='word_1_208' title='bbox 949 1656 1011 1727; x_wconf 90' lang='lat' dir='ltr'><strong>pria</strong></span> <span class='ocrx_word' id='word_1_209' title='bbox 1026 1662 1068 1711; x_wconf 91' lang='lat' dir='ltr'><strong>est</strong></span> <span class='ocrx_word' id='word_1_210' title='bbox 1082 1674 1146 1712; x_wconf 88' lang='lat' dir='ltr'><strong>caro</strong></span> <span class='ocrx_word' id='word_1_211' title='bbox 1163 1659 1213 1713; x_wconf 92' lang='lat' dir='ltr'><strong>Dei</strong></span> <span class='ocrx_word' id='word_1_212' title='bbox 1226 1660 1327 1726; x_wconf 87' lang='lat' dir='ltr'><strong>Patris,</strong></span> <span class='ocrx_word' id='word_1_213' title='bbox 1343 1666 1372 1715; x_wconf 91' lang='lat' dir='ltr'><strong>et</strong></span> <span class='ocrx_word' id='word_1_214' title='bbox 1389 1661 1495 1716; x_wconf 88' lang='lat' dir='ltr'><strong>iterum</strong></span> <span class='ocrx_word' id='word_1_215' title='bbox 1511 1664 1628 1733; x_wconf 89' lang='lat' dir='ltr'><strong>propria</strong></span> <span class='ocrx_word' id='word_1_216' title='bbox 1643 1669 1685 1717; x_wconf 86' lang='lat' dir='ltr'><strong>est</strong></span> <span class='ocrx_word' id='word_1_217' title='bbox 1700 1664 1793 1718; x_wconf 80' lang='lat' dir='ltr'><strong>Verbi.</strong></span> 
     </span>
     <span class='ocr_line' id='line_1_17' title="bbox 39 1745 1792 1819; baseline 0.004 -21"><span class='ocrx_word' id='word_1_218' title='bbox 39 1745 223 1810; x_wconf 82' lang='lat' dir='ltr'><strong>meo,sedca</strong></span> <span class='ocrx_word' id='word_1_219' title='bbox 246 1746 352 1800; x_wconf 84' lang='lat' dir='ltr'><strong>deal-ris</strong></span> <span class='ocrx_word' id='word_1_220' title='bbox 376 1747 668 1816; x_wconf 58' lang='lat' dir='ltr'><strong>metamaucensem</strong></span> <span class='ocrx_word' id='word_1_221' title='bbox 688 1751 812 1803; x_wconf 84' lang='lat' dir='ltr'><strong>inimicos</strong></span> <span class='ocrx_word' id='word_1_222' title='bbox 837 1754 895 1803; x_wconf 87' lang='lat' dir='ltr'><strong>tuos</strong></span> <span class='ocrx_word' id='word_1_223' title='bbox 949 1746 1028 1809; x_wconf 85' lang='lat' dir='ltr'><strong>Quod</strong></span> <span class='ocrx_word' id='word_1_224' title='bbox 1060 1752 1157 1801; x_wconf 89' lang='lat' dir='ltr'><strong>sancta</strong></span> <span class='ocrx_word' id='word_1_225' title='bbox 1182 1751 1308 1818; x_wconf 85' lang='lat' dir='ltr'><strong>synodus</strong></span> <span class='ocrx_word' id='word_1_226' title='bbox 1339 1750 1481 1819; x_wconf 80' lang='lat' dir='ltr'><strong>Ephesius</strong></span> <span class='ocrx_word' id='word_1_227' title='bbox 1511 1751 1631 1805; x_wconf 85' lang='lat' dir='ltr'><strong>urinime</strong></span> <span class='ocrx_word' id='word_1_228' title='bbox 1657 1752 1792 1806; x_wconf 87' lang='lat' dir='ltr'><strong>decrevit.</strong></span> 
     </span>
     <span class='ocr_line' id='line_1_18' title="bbox 37 1834 1793 1907; baseline 0.004 -21"><span class='ocrx_word' id='word_1_229' title='bbox 37 1834 190 1887; x_wconf 82' lang='lat' dir='ltr'><strong>scabellum</strong></span> <span class='ocrx_word' id='word_1_230' title='bbox 209 1835 310 1904; x_wconf 85' lang='lat' dir='ltr'><strong>pedum</strong></span> <span class='ocrx_word' id='word_1_231' title='bbox 335 1841 441 1889; x_wconf 84' lang='lat' dir='ltr'><strong>tuorum</strong></span> <span class='ocrx_word' id='word_1_232' title='bbox 467 1837 549 1906; x_wconf 79' lang='lat' dir='ltr'><strong>(Paul.</strong></span> <span class='ocrx_word' id='word_1_233' title='bbox 570 1853 623 1902; x_wconf 83' lang='lat' dir='ltr'><strong>cxx,</strong></span> <span class='ocrx_word' id='word_1_234' title='bbox 651 1837 698 1907; x_wconf 90' lang='lat' dir='ltr'><strong>l):</strong></span> <span class='ocrx_word' id='word_1_235' title='bbox 722 1837 830 1891; x_wconf 87' lang='lat' dir='ltr'><strong>dictum</strong></span> <span class='ocrx_word' id='word_1_236' title='bbox 853 1842 896 1890; x_wconf 86' lang='lat' dir='ltr'><strong>cst</strong></span> <span class='ocrx_word' id='word_1_237' title='bbox 950 1834 1062 1889; x_wconf 83' lang='lat' dir='ltr'><strong>Etenim</strong></span> <span class='ocrx_word' id='word_1_238' title='bbox 1078 1835 1378 1892; x_wconf 84' lang='lat' dir='ltr'><strong>intercaeteranoster</strong></span> <span class='ocrx_word' id='word_1_239' title='bbox 1394 1838 1567 1904; x_wconf 88' lang='lat' dir='ltr'><strong>Vincentius,</strong></span> <span class='ocrx_word' id='word_1_240' title='bbox 1586 1838 1793 1904; x_wconf 87' lang='lat' dir='ltr'><strong>dicis,cuidam</strong></span> 
     </span>
     <span class='ocr_line' id='line_1_19' title="bbox 38 1913 1796 1998; baseline 0.002 -22"><span class='ocrx_word' id='word_1_241' title='bbox 38 1923 97 1977; x_wconf 87' lang='lat' dir='ltr'><strong>hoe</strong></span> <span class='ocrx_word' id='word_1_242' title='bbox 113 1938 175 1977; x_wconf 92' lang='lat' dir='ltr'><strong>non</strong></span> <span class='ocrx_word' id='word_1_243' title='bbox 191 1924 348 1979; x_wconf 88' lang='lat' dir='ltr'><strong>secundnm</strong></span> <span class='ocrx_word' id='word_1_244' title='bbox 363 1925 392 1979; x_wconf 94' lang='lat' dir='ltr'><strong>id</strong></span> <span class='ocrx_word' id='word_1_245' title='bbox 406 1925 481 1995; x_wconf 90' lang='lat' dir='ltr'><strong>quod</strong></span> <span class='ocrx_word' id='word_1_246' title='bbox 498 1925 532 1979; x_wconf 92' lang='lat' dir='ltr'><strong>de</strong></span> <span class='ocrx_word' id='word_1_247' title='bbox 548 1941 582 1979; x_wconf 89' lang='lat' dir='ltr'><strong>eo</strong></span> <span class='ocrx_word' id='word_1_248' title='bbox 598 1931 682 1979; x_wconf 87' lang='lat' dir='ltr'><strong>natus</strong></span> <span class='ocrx_word' id='word_1_249' title='bbox 697 1925 776 1980; x_wconf 90' lang='lat' dir='ltr'><strong>estid</strong></span> <span class='ocrx_word' id='word_1_250' title='bbox 793 1925 893 1991; x_wconf 90' lang='lat' dir='ltr'><strong>David,</strong></span> <span class='ocrx_word' id='word_1_251' title='bbox 949 1922 1108 1993; x_wconf 84' lang='lat' dir='ltr'><strong>implorans</strong></span> <span class='ocrx_word' id='word_1_252' title='bbox 1131 1925 1226 1979; x_wconf 87' lang='lat' dir='ltr'><strong>taliter</strong></span> <span class='ocrx_word' id='word_1_253' title='bbox 1239 1925 1329 1979; x_wconf 92' lang='lat' dir='ltr'><strong>dicit:</strong></span> <span class='ocrx_word' id='word_1_254' title='bbox 1348 1925 1397 1979; x_wconf 91' lang='lat' dir='ltr'><strong>llla</strong></span> <span class='ocrx_word' id='word_1_255' title='bbox 1416 1925 1501 1980; x_wconf 86' lang='lat' dir='ltr'><strong>iacies</strong></span> <span class='ocrx_word' id='word_1_256' title='bbox 1523 1943 1610 1997; x_wconf 90' lang='lat' dir='ltr'><strong>quam</strong></span> <span class='ocrx_word' id='word_1_257' title='bbox 1626 1913 1690 1998; x_wconf 85' lang='lat' dir='ltr'><strong>post</strong></span> <span class='ocrx_word' id='word_1_258' title='bbox 1712 1927 1796 1981; x_wconf 90' lang='lat' dir='ltr'><strong>meri·</strong></span> 
     </span>
     <span class='ocr_line' id='line_1_20' title="bbox 40 2010 1797 2086; baseline 0.002 -21"><span class='ocrx_word' id='word_1_259' title='bbox 40 2018 69 2065; x_wconf 84' lang='lat' dir='ltr'><strong>et</strong></span> <span class='ocrx_word' id='word_1_260' title='bbox 92 2020 106 2044; x_wconf 74' lang='lat'>⁸</span> <span class='ocrx_word' id='word_1_261' title='bbox 131 2013 290 2067; x_wconf 84' lang='lat' dir='ltr'><strong>secundum</strong></span> <span class='ocrx_word' id='word_1_262' title='bbox 315 2012 342 2067; x_wconf 93' lang='lat' dir='ltr'><strong>id</strong></span> <span class='ocrx_word' id='word_1_263' title='bbox 359 2014 435 2084; x_wconf 91' lang='lat' dir='ltr'><strong>quod</strong></span> <span class='ocrx_word' id='word_1_264' title='bbox 451 2029 484 2067; x_wconf 89' lang='lat' dir='ltr'><strong>ex</strong></span> <span class='ocrx_word' id='word_1_265' title='bbox 500 2014 581 2067; x_wconf 88' lang='lat' dir='ltr'><strong>Patre</strong></span> <span class='ocrx_word' id='word_1_266' title='bbox 602 2020 685 2068; x_wconf 90' lang='lat' dir='ltr'><strong>uatus</strong></span> <span class='ocrx_word' id='word_1_267' title='bbox 700 2030 815 2085; x_wconf 87' lang='lat' dir='ltr'><strong>semper</strong></span> <span class='ocrx_word' id='word_1_268' title='bbox 829 2014 893 2081; x_wconf 86' lang='lat' dir='ltr'><strong>luit,</strong></span> <span class='ocrx_word' id='word_1_269' title='bbox 949 2010 1025 2066; x_wconf 88' lang='lat' dir='ltr'><strong>diem</strong></span> <span class='ocrx_word' id='word_1_270' title='bbox 1047 2013 1165 2066; x_wconf 89' lang='lat' dir='ltr'><strong>colonus</strong></span> <span class='ocrx_word' id='word_1_271' title='bbox 1187 2013 1309 2083; x_wconf 88' lang='lat' dir='ltr'><strong>paradisi</strong></span> <span class='ocrx_word' id='word_1_272' title='bbox 1331 2014 1405 2068; x_wconf 81' lang='lat' dir='ltr'><strong>ferre</strong></span> <span class='ocrx_word' id='word_1_273' title='bbox 1421 2014 1563 2069; x_wconf 87' lang='lat' dir='ltr'><strong>sustinens</strong></span> <span class='ocrx_word' id='word_1_274' title='bbox 1586 2014 1708 2085; x_wconf 83' lang='lat' dir='ltr'><strong>fugitet</strong></span> <span class='ocrx_word' id='word_1_275' title='bbox 1731 2019 1797 2086; x_wconf 89' lang='lat' dir='ltr'><strong>post</strong></span> 
     </span>
     <span class='ocr_line' id='line_1_21' title="bbox 39 2100 1795 2174; baseline 0.003 -22"><span class='ocrx_word' id='word_1_276' title='bbox 39 2100 225 2170; x_wconf 78' lang='lat' dir='ltr'><strong>praeveniens</strong></span> <span class='ocrx_word' id='word_1_277' title='bbox 239 2117 304 2154; x_wconf 91' lang='lat' dir='ltr'><strong>eum</strong></span> <span class='ocrx_word' id='word_1_278' title='bbox 319 2102 379 2172; x_wconf 88' lang='lat' dir='ltr'><strong>ipse</strong></span> <span class='ocrx_word' id='word_1_279' title='bbox 393 2117 451 2154; x_wconf 86' lang='lat' dir='ltr'><strong>suae</strong></span> <span class='ocrx_word' id='word_1_280' title='bbox 469 2101 561 2155; x_wconf 86' lang='lat' dir='ltr'><strong>carnis</strong></span> <span class='ocrx_word' id='word_1_281' title='bbox 578 2103 701 2156; x_wconf 87' lang='lat' dir='ltr'><strong>Patrem.</strong></span> <span class='ocrx_word' id='word_1_282' title='bbox 719 2104 790 2157; x_wconf 89' lang='lat' dir='ltr'><strong>ltem</strong></span> <span class='ocrx_word' id='word_1_283' title='bbox 805 2104 895 2157; x_wconf 89' lang='lat' dir='ltr'><strong>saneti</strong></span> <span class='ocrx_word' id='word_1_284' title='bbox 949 2117 1001 2171; x_wconf 89' lang='lat' dir='ltr'><strong>pro</strong></span> <span class='ocrx_word' id='word_1_285' title='bbox 1016 2101 1094 2155; x_wconf 91' lang='lat' dir='ltr'><strong>illius</strong></span> <span class='ocrx_word' id='word_1_286' title='bbox 1108 2107 1135 2155; x_wconf 87' lang='lat' dir='ltr'><strong>el</strong></span> <span class='ocrx_word' id='word_1_287' title='bbox 1150 2102 1247 2172; x_wconf 84' lang='lat' dir='ltr'><strong>stirpis</strong></span> <span class='ocrx_word' id='word_1_288' title='bbox 1262 2103 1323 2172; x_wconf 71' lang='lat' dir='ltr'><strong>eJus</strong></span> <span class='ocrx_word' id='word_1_289' title='bbox 1335 2103 1562 2173; x_wconf 81' lang='lat' dir='ltr'><strong>transgressione</strong></span> <span class='ocrx_word' id='word_1_290' title='bbox 1576 2103 1668 2174; x_wconf 90' lang='lat' dir='ltr'><strong>sputis</strong></span> <span class='ocrx_word' id='word_1_291' title='bbox 1681 2104 1715 2158; x_wconf 90' lang='lat' dir='ltr'><strong>ab</strong></span> <span class='ocrx_word' id='word_1_292' title='bbox 1732 2103 1795 2158; x_wconf 90' lang='lat' dir='ltr'><strong>inli-</strong></span> 
     </span>
     <span class='ocr_line' id='line_1_22' title="bbox 42 2188 1797 2263; baseline 0.003 -22"><span class='ocrx_word' id='word_1_293' title='bbox 42 2188 195 2242; x_wconf 75' lang='lat' dir='ltr'><strong>Athanasii</strong></span> <span class='ocrx_word' id='word_1_294' title='bbox 218 2189 420 2244; x_wconf 78' lang='lat' dir='ltr'><strong>Alexandrinae</strong></span> <span class='ocrx_word' id='word_1_295' title='bbox 440 2191 519 2245; x_wconf 87' lang='lat' dir='ltr'><strong>urbis</strong></span> <span class='ocrx_word' id='word_1_296' title='bbox 551 2192 626 2244; x_wconf 89' lang='lat' dir='ltr'><strong>sedis</strong></span> <span class='ocrx_word' id='word_1_297' title='bbox 653 2191 779 2263; x_wconf 89' lang='lat' dir='ltr'><strong>episcopi</strong></span> <span class='ocrx_word' id='word_1_298' title='bbox 804 2192 895 2245; x_wconf 86' lang='lat' dir='ltr'><strong>sancti</strong></span> <span class='ocrx_word' id='word_1_299' title='bbox 949 2189 1060 2244; x_wconf 88' lang='lat' dir='ltr'><strong>delibus</strong></span> <span class='ocrx_word' id='word_1_300' title='bbox 1080 2190 1289 2256; x_wconf 88' lang='lat' dir='ltr'><strong>sordidataest,</strong></span> <span class='ocrx_word' id='word_1_301' title='bbox 1315 2191 1353 2244; x_wconf 91' lang='lat' dir='ltr'><strong>ita</strong></span> <span class='ocrx_word' id='word_1_302' title='bbox 1369 2191 1449 2245; x_wconf 89' lang='lat' dir='ltr'><strong>vobis</strong></span> <span class='ocrx_word' id='word_1_303' title='bbox 1468 2191 1582 2246; x_wconf 90' lang='lat' dir='ltr'><strong>damin</strong></span> <span class='ocrx_word' id='word_1_304' title='bbox 1603 2191 1670 2262; x_wconf 90' lang='lat' dir='ltr'><strong>igne</strong></span> <span class='ocrx_word' id='word_1_305' title='bbox 1686 2192 1797 2246; x_wconf 83' lang='lat' dir='ltr'><strong>venerit</strong></span> 
     </span>
     <span class='ocr_line' id='line_1_23' title="bbox 45 2278 1795 2351; baseline 0.003 -21"><span class='ocrx_word' id='word_1_306' title='bbox 45 2282 71 2331; x_wconf 90' lang='lat' dir='ltr'><strong>et</strong></span> <span class='ocrx_word' id='word_1_307' title='bbox 94 2278 278 2347; x_wconf 80' lang='lat' dir='ltr'><strong>confessoris,</strong></span> <span class='ocrx_word' id='word_1_308' title='bbox 300 2279 336 2333; x_wconf 90' lang='lat' dir='ltr'><strong>ad</strong></span> <span class='ocrx_word' id='word_1_309' title='bbox 359 2279 519 2349; x_wconf 82' lang='lat' dir='ltr'><strong>Epictetum</strong></span> <span class='ocrx_word' id='word_1_310' title='bbox 543 2280 760 2336; x_wconf 89' lang='lat' dir='ltr'><strong>Corinthiorum</strong></span> <span class='ocrx_word' id='word_1_311' title='bbox 784 2281 893 2350; x_wconf 89' lang='lat' dir='ltr'><strong>episco-</strong></span> <span class='ocrx_word' id='word_1_312' title='bbox 946 2278 1076 2348; x_wconf 82' lang='lat' dir='ltr'><strong>judicare</strong></span> <span class='ocrx_word' id='word_1_313' title='bbox 1100 2279 1247 2346; x_wconf 82' lang='lat' dir='ltr'><strong>saeculum,</strong></span> <span class='ocrx_word' id='word_1_314' title='bbox 1266 2279 1294 2332; x_wconf 94' lang='lat' dir='ltr'><strong>in</strong></span> <span class='ocrx_word' id='word_1_315' title='bbox 1316 2279 1531 2350; x_wconf 85' lang='lat' dir='ltr'><strong>tranquillitatis</strong></span> <span class='ocrx_word' id='word_1_316' title='bbox 1546 2285 1574 2333; x_wconf 88' lang='lat' dir='ltr'><strong>et</strong></span> <span class='ocrx_word' id='word_1_317' title='bbox 1601 2280 1679 2350; x_wconf 89' lang='lat' dir='ltr'><strong>pacis</strong></span> <span class='ocrx_word' id='word_1_318' title='bbox 1702 2281 1795 2351; x_wconf 87' lang='lat' dir='ltr'><strong>speeie</strong></span> 
     </span>
    </p>
   </div>
   <div class='ocr_carea' id='block_1_3' title="bbox 48 2366 894 2970">
    <p class='ocr_par' dir='ltr' id='par_1_4' title="bbox 48 2366 894 2970">
     <span class='ocr_line' id='line_1_24' title="bbox 48 2366 894 2441; baseline 0.005 -22"><span class='ocrx_word' id='word_1_319' title='bbox 48 2381 134 2434; x_wconf 90' lang='lat' dir='ltr'><strong>pum:</strong></span> <span class='ocrx_word' id='word_1_320' title='bbox 159 2366 311 2430; x_wconf 84' lang='lat' dir='ltr'><strong>Quomodo</strong></span> <span class='ocrx_word' id='word_1_321' title='bbox 327 2373 423 2421; x_wconf 82' lang='lat' dir='ltr'><strong>etitem</strong></span> <span class='ocrx_word' id='word_1_322' title='bbox 448 2368 492 2422; x_wconf 84' lang='lat' dir='ltr'><strong>vel</strong></span> <span class='ocrx_word' id='word_1_323' title='bbox 518 2367 649 2423; x_wconf 84' lang='lat' dir='ltr'><strong>dubitare</strong></span> <span class='ocrx_word' id='word_1_324' title='bbox 669 2369 730 2422; x_wconf 90' lang='lat' dir='ltr'><strong>ausi</strong></span> <span class='ocrx_word' id='word_1_325' title='bbox 755 2374 821 2423; x_wconf 88' lang='lat' dir='ltr'><strong>sunt</strong></span> <span class='ocrx_word' id='word_1_326' title='bbox 844 2369 894 2441; x_wconf 90' lang='lat' dir='ltr'><strong>qni</strong></span> 
     </span>
     <span class='ocr_line' id='line_1_25' title="bbox 50 2454 893 2530; baseline 0.006 -23"><span class='ocrx_word' id='word_1_327' title='bbox 50 2454 183 2508; x_wconf 88' lang='lat' dir='ltr'><strong>dicuntur</strong></span> <span class='ocrx_word' id='word_1_328' title='bbox 195 2455 361 2521; x_wconf 85' lang='lat' dir='ltr'><strong>Christiani,</strong></span> <span class='ocrx_word' id='word_1_329' title='bbox 379 2455 434 2509; x_wconf 87' lang='lat' dir='ltr'><strong>nisi</strong></span> <span class='ocrx_word' id='word_1_330' title='bbox 447 2457 587 2511; x_wconf 85' lang='lat' dir='ltr'><strong>Dominus</strong></span> <span class='ocrx_word' id='word_1_331' title='bbox 606 2457 655 2527; x_wconf 91' lang='lat' dir='ltr'><strong>qui</strong></span> <span class='ocrx_word' id='word_1_332' title='bbox 672 2474 704 2511; x_wconf 87' lang='lat' dir='ltr'><strong>ex</strong></span> <span class='ocrx_word' id='word_1_333' title='bbox 725 2458 812 2512; x_wconf 85' lang='lat' dir='ltr'><strong>bieria</strong></span> <span class='ocrx_word' id='word_1_334' title='bbox 827 2474 893 2530; x_wconf 89' lang='lat' dir='ltr'><strong>pro·</strong></span> 
     </span>
     <span class='ocr_line' id='line_1_26' title="bbox 53 2543 892 2614; baseline 0.006 -19"><span class='ocrx_word' id='word_1_335' title='bbox 53 2544 130 2597; x_wconf 88' lang='lat' dir='ltr'><strong>cessit</strong></span> <span class='ocrx_word' id='word_1_336' title='bbox 153 2543 242 2598; x_wconf 82' lang='lat' dir='ltr'><strong>Filius</strong></span> <span class='ocrx_word' id='word_1_337' title='bbox 265 2544 381 2614; x_wconf 90' lang='lat' dir='ltr'><strong>quidem</strong></span> <span class='ocrx_word' id='word_1_338' title='bbox 401 2544 560 2599; x_wconf 88' lang='lat' dir='ltr'><strong>substantia</strong></span> <span class='ocrx_word' id='word_1_339' title='bbox 584 2550 612 2598; x_wconf 87' lang='lat' dir='ltr'><strong>at</strong></span> <span class='ocrx_word' id='word_1_340' title='bbox 639 2551 742 2599; x_wconf 89' lang='lat' dir='ltr'><strong>natura</strong></span> <span class='ocrx_word' id='word_1_341' title='bbox 765 2547 813 2601; x_wconf 91' lang='lat' dir='ltr'><strong>Dei</strong></span> <span class='ocrx_word' id='word_1_342' title='bbox 840 2553 892 2602; x_wconf 90' lang='lat' dir='ltr'><strong>est.</strong></span> 
     </span>
     <span class='ocr_line' id='line_1_27' title="bbox 55 2631 893 2701; baseline 0.002 -15"><span class='ocrx_word' id='word_1_343' title='bbox 55 2631 126 2694; x_wconf 74' lang='lat' dir='ltr'><strong>duod</strong></span> <span class='ocrx_word' id='word_1_344' title='bbox 143 2638 240 2687; x_wconf 88' lang='lat' dir='ltr'><strong>autem</strong></span> <span class='ocrx_word' id='word_1_345' title='bbox 255 2632 411 2686; x_wconf 88' lang='lat' dir='ltr'><strong>secundum</strong></span> <span class='ocrx_word' id='word_1_346' title='bbox 426 2648 551 2701; x_wconf 85' lang='lat' dir='ltr'><strong>carnem,</strong></span> <span class='ocrx_word' id='word_1_347' title='bbox 568 2633 721 2688; x_wconf 89' lang='lat' dir='ltr'><strong>exsemine</strong></span> <span class='ocrx_word' id='word_1_348' title='bbox 735 2635 824 2688; x_wconf 82' lang='lat' dir='ltr'><strong>David</strong></span> <span class='ocrx_word' id='word_1_349' title='bbox 840 2641 893 2701; x_wconf 89' lang='lat' dir='ltr'><strong>est,</strong></span> 
     </span>
     <span class='ocr_line' id='line_1_28' title="bbox 60 2721 894 2778; baseline 0.002 -4"><span class='ocrx_word' id='word_1_350' title='bbox 60 2727 177 2776; x_wconf 85' lang='lat' dir='ltr'><strong>etcarne</strong></span> <span class='ocrx_word' id='word_1_351' title='bbox 204 2728 308 2776; x_wconf 81' lang='lat' dir='ltr'><strong>sanctae</strong></span> <span class='ocrx_word' id='word_1_352' title='bbox 338 2722 442 2775; x_wconf 81' lang='lat' dir='ltr'><strong>blaciae.</strong></span> <span class='ocrx_word' id='word_1_353' title='bbox 470 2722 540 2776; x_wconf 87' lang='lat' dir='ltr'><strong>llam</strong></span> <span class='ocrx_word' id='word_1_354' title='bbox 557 2721 587 2775; x_wconf 94' lang='lat' dir='ltr'><strong>iu</strong></span> <span class='ocrx_word' id='word_1_355' title='bbox 612 2723 684 2777; x_wconf 91' lang='lat' dir='ltr'><strong>libro</strong></span> <span class='ocrx_word' id='word_1_356' title='bbox 705 2723 805 2778; x_wconf 37' lang='lat' dir='ltr'><strong>sancti*</strong></span> <span class='ocrx_word' id='word_1_357' title='bbox 822 2727 894 2778; x_wconf 92' lang='lat' dir='ltr'><strong>Am-</strong></span> 
     </span>
     <span class='ocr_line' id='line_1_29' title="bbox 61 2809 894 2883; baseline 0.006 -21"><span class='ocrx_word' id='word_1_358' title='bbox 61 2809 136 2864; x_wconf 88' lang='lat' dir='ltr'><strong>brosii</strong></span> <span class='ocrx_word' id='word_1_359' title='bbox 159 2816 191 2865; x_wconf 88' lang='lat' dir='ltr'><strong>et</strong></span> <span class='ocrx_word' id='word_1_360' title='bbox 214 2810 384 2864; x_wconf 77' lang='lat' dir='ltr'><strong>contessoris</strong></span> <span class='ocrx_word' id='word_1_361' title='bbox 406 2810 624 2865; x_wconf 76' lang='lat' dir='ltr'><strong>Mediolanensis</strong></span> <span class='ocrx_word' id='word_1_362' title='bbox 648 2812 789 2879; x_wconf 77' lang='lat' dir='ltr'><strong>Ecclesia,</strong></span> <span class='ocrx_word' id='word_1_363' title='bbox 816 2811 894 2883; x_wconf 90' lang='lat' dir='ltr'><strong>quod</strong></span> 
     </span>
     <span class='ocr_line' id='line_1_30' title="bbox 63 2899 894 2970; baseline 0.004 -18"><span class='ocrx_word' id='word_1_364' title='bbox 63 2899 126 2953; x_wconf 90' lang='lat' dir='ltr'><strong>nisit</strong></span> <span class='ocrx_word' id='word_1_365' title='bbox 149 2900 187 2954; x_wconf 88' lang='lat' dir='ltr'><strong>ad</strong></span> <span class='ocrx_word' id='word_1_366' title='bbox 215 2900 419 2970; x_wconf 83' lang='lat' dir='ltr'><strong>imperatorem</strong></span> <span class='ocrx_word' id='word_1_367' title='bbox 444 2901 609 2956; x_wconf 86' lang='lat' dir='ltr'><strong>Gratianum</strong></span> <span class='ocrx_word' id='word_1_368' title='bbox 636 2901 713 2955; x_wconf 89' lang='lat' dir='ltr'><strong>inter</strong></span> <span class='ocrx_word' id='word_1_369' title='bbox 735 2906 837 2955; x_wconf 73' lang='lat' dir='ltr'><strong>caetera</strong></span> <span class='ocrx_word' id='word_1_370' title='bbox 863 2901 894 2956; x_wconf 91' lang='lat' dir='ltr'><strong>in</strong></span> 
     </span>
    </p>
   </div>
   <div class='ocr_carea' id='block_1_4' title="bbox 949 2360 1841 2972">
    <p class='ocr_par' dir='ltr' id='par_1_5' title="bbox 949 2360 1841 2972">
     <span class='ocr_line' id='line_1_31' title="bbox 950 2360 1797 2437; baseline 0.004 -17"><span class='ocrx_word' id='word_1_371' title='bbox 950 2383 1011 2421; x_wconf 87' lang='lat' dir='ltr'><strong>sese</strong></span> <span class='ocrx_word' id='word_1_372' title='bbox 1023 2367 1121 2437; x_wconf 89' lang='lat' dir='ltr'><strong>jubeat</strong></span> <span class='ocrx_word' id='word_1_373' title='bbox 1135 2360 1342 2422; x_wconf 88' lang='lat' dir='ltr'><strong>demonstrare.</strong></span> <span class='ocrx_word' id='word_1_374' title='bbox 1363 2369 1431 2422; x_wconf 90' lang='lat' dir='ltr'><strong>Vide</strong></span> <span class='ocrx_word' id='word_1_375' title='bbox 1446 2385 1482 2423; x_wconf 90' lang='lat' dir='ltr'><strong>ue</strong></span> <span class='ocrx_word' id='word_1_376' title='bbox 1507 2369 1683 2423; x_wconf 88' lang='lat' dir='ltr'><strong>eontrarium</strong></span> <span class='ocrx_word' id='word_1_377' title='bbox 1698 2370 1797 2424; x_wconf 87' lang='lat' dir='ltr'><strong>videa·</strong></span> 
     </span>
     <span class='ocr_line' id='line_1_32' title="bbox 949 2456 1796 2529; baseline 0.002 -20"><span class='ocrx_word' id='word_1_378' title='bbox 949 2459 997 2509; x_wconf 88' lang='lat' dir='ltr'><strong>tur</strong></span> <span class='ocrx_word' id='word_1_379' title='bbox 1027 2456 1104 2527; x_wconf 91' lang='lat' dir='ltr'><strong>quod</strong></span> <span class='ocrx_word' id='word_1_380' title='bbox 1130 2473 1217 2527; x_wconf 88' lang='lat' dir='ltr'><strong>supra</strong></span> <span class='ocrx_word' id='word_1_381' title='bbox 1235 2458 1340 2511; x_wconf 89' lang='lat' dir='ltr'><strong>sanctis</strong></span> <span class='ocrx_word' id='word_1_382' title='bbox 1369 2457 1498 2511; x_wconf 87' lang='lat' dir='ltr'><strong>Patribus</strong></span> <span class='ocrx_word' id='word_1_383' title='bbox 1520 2458 1670 2529; x_wconf 89' lang='lat' dir='ltr'><strong>probatum</strong></span> <span class='ocrx_word' id='word_1_384' title='bbox 1691 2462 1744 2513; x_wconf 89' lang='lat' dir='ltr'><strong>est.</strong></span> <span class='ocrx_word' id='word_1_385' title='bbox 1767 2458 1796 2513; x_wconf 90' lang='lat' dir='ltr'><strong>Si</strong></span> 
     </span>
     <span class='ocr_line' id='line_1_33' title="bbox 949 2544 1797 2618; baseline 0.004 -21"><span class='ocrx_word' id='word_1_386' title='bbox 949 2544 998 2598; x_wconf 89' lang='lat' dir='ltr'><strong>illa</strong></span> <span class='ocrx_word' id='word_1_387' title='bbox 1028 2544 1122 2610; x_wconf 85' lang='lat' dir='ltr'><strong>iacies,</strong></span> <span class='ocrx_word' id='word_1_388' title='bbox 1149 2560 1235 2615; x_wconf 89' lang='lat' dir='ltr'><strong>quam</strong></span> <span class='ocrx_word' id='word_1_389' title='bbox 1264 2547 1380 2599; x_wconf 87' lang='lat' dir='ltr'><strong>colonus</strong></span> <span class='ocrx_word' id='word_1_390' title='bbox 1400 2546 1518 2616; x_wconf 86' lang='lat' dir='ltr'><strong>paridisi</strong></span> <span class='ocrx_word' id='word_1_391' title='bbox 1550 2546 1644 2616; x_wconf 84' lang='lat' dir='ltr'><strong>fugiit,</strong></span> <span class='ocrx_word' id='word_1_392' title='bbox 1670 2547 1797 2618; x_wconf 89' lang='lat' dir='ltr'><strong>subjecta</strong></span> 
     </span>
     <span class='ocr_line' id='line_1_34' title="bbox 950 2632 1841 2708; baseline 0.002 -21"><span class='ocrx_word' id='word_1_393' title='bbox 950 2637 1079 2687; x_wconf 88' lang='lat' dir='ltr'><strong>creatura</strong></span> <span class='ocrx_word' id='word_1_394' title='bbox 1106 2632 1170 2698; x_wconf 85' lang='lat' dir='ltr'><strong>ruit,</strong></span> <span class='ocrx_word' id='word_1_395' title='bbox 1197 2637 1226 2687; x_wconf 90' lang='lat' dir='ltr'><strong>et</strong></span> <span class='ocrx_word' id='word_1_396' title='bbox 1250 2639 1381 2688; x_wconf 86' lang='lat' dir='ltr'><strong>creatura</strong></span> <span class='ocrx_word' id='word_1_397' title='bbox 1409 2651 1560 2706; x_wconf 66' lang='lat' dir='ltr'><strong>carperem</strong></span> <span class='ocrx_word' id='word_1_398' title='bbox 1588 2636 1637 2689; x_wconf 88' lang='lat' dir='ltr'><strong>sed</strong></span> <span class='ocrx_word' id='word_1_399' title='bbox 1665 2652 1725 2690; x_wconf 89' lang='lat' dir='ltr'><strong>non</strong></span> <span class='ocrx_word' id='word_1_400' title='bbox 1761 2636 1796 2690; x_wconf 88' lang='lat' dir='ltr'><strong>de</strong></span> <span class='ocrx_word' id='word_1_401' title='bbox 1835 2702 1841 2708; x_wconf 28' lang='grc' dir='ltr'>ι</span> 
     </span>
     <span class='ocr_line' id='line_1_35' title="bbox 949 2721 1796 2794; baseline 0.002 -19"><span class='ocrx_word' id='word_1_402' title='bbox 949 2721 1058 2776; x_wconf 90' lang='lat' dir='ltr'><strong>semine</strong></span> <span class='ocrx_word' id='word_1_403' title='bbox 1073 2721 1162 2776; x_wconf 85' lang='lat' dir='ltr'><strong>David</strong></span> <span class='ocrx_word' id='word_1_404' title='bbox 1176 2726 1252 2788; x_wconf 89' lang='lat' dir='ltr'><strong>nata,</strong></span> <span class='ocrx_word' id='word_1_405' title='bbox 1270 2723 1320 2778; x_wconf 90' lang='lat' dir='ltr'><strong>sed</strong></span> <span class='ocrx_word' id='word_1_406' title='bbox 1336 2724 1463 2778; x_wconf 88' lang='lat' dir='ltr'><strong>noudum</strong></span> <span class='ocrx_word' id='word_1_407' title='bbox 1480 2724 1638 2778; x_wconf 81' lang='lat' dir='ltr'><strong>divinitatis</strong></span> <span class='ocrx_word' id='word_1_408' title='bbox 1660 2740 1692 2778; x_wconf 89' lang='lat' dir='ltr'><strong>ex</strong></span> <span class='ocrx_word' id='word_1_409' title='bbox 1707 2724 1796 2794; x_wconf 88' lang='lat' dir='ltr'><strong>stirpe</strong></span> 
     </span>
     <span class='ocr_line' id='line_1_36' title="bbox 951 2811 1797 2883; baseline 0.001 -18"><span class='ocrx_word' id='word_1_410' title='bbox 951 2811 1039 2865; x_wconf 86' lang='lat' dir='ltr'><strong>David</strong></span> <span class='ocrx_word' id='word_1_411' title='bbox 1054 2816 1213 2881; x_wconf 87' lang='lat' dir='ltr'><strong>corporata,</strong></span> <span class='ocrx_word' id='word_1_412' title='bbox 1239 2812 1289 2865; x_wconf 87' lang='lat' dir='ltr'><strong>sed</strong></span> <span class='ocrx_word' id='word_1_413' title='bbox 1312 2813 1440 2866; x_wconf 87' lang='lat' dir='ltr'><strong>nondum</strong></span> <span class='ocrx_word' id='word_1_414' title='bbox 1460 2813 1638 2883; x_wconf 89' lang='lat' dir='ltr'><strong>intempore</strong></span> <span class='ocrx_word' id='word_1_415' title='bbox 1663 2817 1737 2868; x_wconf 88' lang='lat' dir='ltr'><strong>nata.</strong></span> <span class='ocrx_word' id='word_1_416' title='bbox 1765 2814 1797 2867; x_wconf 83' lang='lat' dir='ltr'><strong>lit</strong></span> 
     </span>
     <span class='ocr_line' id='line_1_37' title="bbox 949 2899 1796 2972; baseline 0.004 -20"><span class='ocrx_word' id='word_1_417' title='bbox 949 2899 1018 2970; x_wconf 91' lang='lat' dir='ltr'><strong>quid</strong></span> <span class='ocrx_word' id='word_1_418' title='bbox 1028 2900 1209 2954; x_wconf 89' lang='lat' dir='ltr'><strong>sentiendum</strong></span> <span class='ocrx_word' id='word_1_419' title='bbox 1226 2907 1268 2955; x_wconf 88' lang='lat' dir='ltr'><strong>est</strong></span> <span class='ocrx_word' id='word_1_420' title='bbox 1283 2900 1317 2954; x_wconf 90' lang='lat' dir='ltr'><strong>de</strong></span> <span class='ocrx_word' id='word_1_421' title='bbox 1334 2902 1454 2970; x_wconf 90' lang='lat' dir='ltr'><strong>eoquod</strong></span> <span class='ocrx_word' id='word_1_422' title='bbox 1470 2901 1624 2970; x_wconf 78' lang='lat' dir='ltr'><strong>Apostolus</strong></span> <span class='ocrx_word' id='word_1_423' title='bbox 1635 2900 1712 2969; x_wconf 88' lang='lat' dir='ltr'><strong>dicit,</strong></span> <span class='ocrx_word' id='word_1_424' title='bbox 1728 2901 1796 2972; x_wconf 89' lang='lat' dir='ltr'><strong>quia</strong></span> 
     </span>
    </p>
   </div>
   <div class='ocr_carea' id='block_1_5' title="bbox 64 2987 1798 3060">
    <p class='ocr_par' dir='ltr' id='par_1_6' title="bbox 64 2987 1798 3060">
     <span class='ocr_line' id='line_1_38' title="bbox 64 2987 1798 3060; baseline 0.003 -22"><span class='ocrx_word' id='word_1_425' title='bbox 64 2987 121 3042; x_wconf 90' lang='lat' dir='ltr'><strong>libro</strong></span> <span class='ocrx_word' id='word_1_426' title='bbox 135 2989 260 3043; x_wconf 87' lang='lat' dir='ltr'><strong>secundo</strong></span> <span class='ocrx_word' id='word_1_427' title='bbox 277 3004 283 3043; x_wconf 91' lang='lat'>:</span> <span class='ocrx_word' id='word_1_428' title='bbox 301 3010 315 3039; x_wconf 79' lang='lat' dir='ltr'><strong>a</strong></span> <span class='ocrx_word' id='word_1_429' title='bbox 331 2990 399 3044; x_wconf 89' lang='lat' dir='ltr'><strong>lude</strong></span> <span class='ocrx_word' id='word_1_430' title='bbox 415 2989 486 3044; x_wconf 92' lang='lat' dir='ltr'><strong>illud</strong></span> <span class='ocrx_word' id='word_1_431' title='bbox 506 2991 582 3060; x_wconf 91' lang='lat' dir='ltr'><strong>quod</strong></span> <span class='ocrx_word' id='word_1_432' title='bbox 598 2991 705 3045; x_wconf 88' lang='lat' dir='ltr'><strong>lectum</strong></span> <span class='ocrx_word' id='word_1_433' title='bbox 720 2996 771 3058; x_wconf 89' lang='lat' dir='ltr'><strong>est,</strong></span> <span class='ocrx_word' id='word_1_434' title='bbox 797 2990 895 3045; x_wconf 92' lang='lat' dir='ltr'><strong>Domi·</strong></span> <span class='ocrx_word' id='word_1_435' title='bbox 914 2991 1040 3055; x_wconf 75' lang='lat' dir='ltr'><strong>Csootus</strong></span> <span class='ocrx_word' id='word_1_436' title='bbox 1066 2993 1106 3043; x_wconf 84' lang='lat' dir='ltr'><strong>esi</strong></span> <span class='ocrx_word' id='word_1_437' title='bbox 1129 3005 1163 3042; x_wconf 84' lang='lat' dir='ltr'><strong>aa</strong></span> <span class='ocrx_word' id='word_1_438' title='bbox 1191 2990 1291 3042; x_wconf 85' lang='lat' dir='ltr'><strong>semine</strong></span> <span class='ocrx_word' id='word_1_439' title='bbox 1318 2988 1411 3042; x_wconf 83' lang='lat' dir='ltr'><strong>David</strong></span> <span class='ocrx_word' id='word_1_440' title='bbox 1440 2988 1586 3042; x_wconf 86' lang='lat' dir='ltr'><strong>secundum</strong></span> <span class='ocrx_word' id='word_1_441' title='bbox 1610 3003 1727 3057; x_wconf 81' lang='lat' dir='ltr'><strong>cernam,</strong></span> <span class='ocrx_word' id='word_1_442' title='bbox 1749 2991 1798 3058; x_wconf 85' lang='lat' dir='ltr'><strong>qui</strong></span> 
     </span>
    </p>
   </div>
   <div class='ocr_carea' id='block_1_6' title="bbox 66 3077 897 4302">
    <p class='ocr_par' dir='ltr' id='par_1_7' title="bbox 66 3077 897 4302">
     <span class='ocr_line' id='line_1_39' title="bbox 66 3077 896 3149; baseline 0.004 -20"><span class='ocrx_word' id='word_1_443' title='bbox 66 3090 119 3129; x_wconf 87' lang='lat' dir='ltr'><strong>uum</strong></span> <span class='ocrx_word' id='word_1_444' title='bbox 133 3077 290 3147; x_wconf 87' lang='lat' dir='ltr'><strong>majestatis</strong></span> <span class='ocrx_word' id='word_1_445' title='bbox 304 3078 470 3131; x_wconf 82' lang='lat' dir='ltr'><strong>crucilixum</strong></span> <span class='ocrx_word' id='word_1_446' title='bbox 491 3094 552 3131; x_wconf 87' lang='lat' dir='ltr'><strong>esse</strong></span> <span class='ocrx_word' id='word_1_447' title='bbox 568 3080 580 3120; x_wconf 77' lang='lat' dir='ltr'><strong>b</strong></span> <span class='ocrx_word' id='word_1_448' title='bbox 596 3077 623 3147; x_wconf 84' lang='lat'><strong>(1</strong></span> <span class='ocrx_word' id='word_1_449' title='bbox 643 3081 702 3135; x_wconf 84' lang='lat' dir='ltr'><strong>Cor.</strong></span> <span class='ocrx_word' id='word_1_450' title='bbox 727 3095 757 3139; x_wconf 93' lang='grc' dir='ltr'><strong>ιι,</strong></span> <span class='ocrx_word' id='word_1_451' title='bbox 784 3079 824 3149; x_wconf 72' lang='lat'><strong>2),</strong></span> <span class='ocrx_word' id='word_1_452' title='bbox 846 3095 896 3149; x_wconf 90' lang='lat' dir='ltr'><strong>pu·</strong></span> 
     </span>
     <span class='ocr_line' id='line_1_40' title="bbox 66 3166 895 3236; baseline 0.004 -20"><span class='ocrx_word' id='word_1_453' title='bbox 66 3170 151 3231; x_wconf 89' lang='lat' dir='ltr'><strong>temus,</strong></span> <span class='ocrx_word' id='word_1_454' title='bbox 167 3166 216 3220; x_wconf 86' lang='lat' dir='ltr'><strong>sed</strong></span> <span class='ocrx_word' id='word_1_455' title='bbox 233 3167 301 3236; x_wconf 84' lang='lat' dir='ltr'><strong>quia</strong></span> <span class='ocrx_word' id='word_1_456' title='bbox 315 3167 391 3220; x_wconf 91' lang='lat' dir='ltr'><strong>idem</strong></span> <span class='ocrx_word' id='word_1_457' title='bbox 408 3168 481 3220; x_wconf 87' lang='lat' dir='ltr'><strong>Deus</strong></span> <span class='ocrx_word' id='word_1_458' title='bbox 505 3167 583 3221; x_wconf 89' lang='lat' dir='ltr'><strong>idem</strong></span> <span class='ocrx_word' id='word_1_459' title='bbox 607 3167 694 3220; x_wconf 86' lang='lat' dir='ltr'><strong>homo</strong></span> <span class='ocrx_word' id='word_1_460' title='bbox 718 3184 769 3236; x_wconf 90' lang='lat' dir='ltr'><strong>per</strong></span> <span class='ocrx_word' id='word_1_461' title='bbox 788 3166 895 3221; x_wconf 85' lang='lat' dir='ltr'><strong>diviui-</strong></span> 
     </span>
     <span class='ocr_line' id='line_1_41' title="bbox 68 3254 895 3326; baseline 0.002 -20"><span class='ocrx_word' id='word_1_462' title='bbox 68 3256 136 3308; x_wconf 81' lang='lat' dir='ltr'><strong>htem</strong></span> <span class='ocrx_word' id='word_1_463' title='bbox 151 3256 236 3320; x_wconf 88' lang='lat' dir='ltr'><strong>Deus,</strong></span> <span class='ocrx_word' id='word_1_464' title='bbox 257 3270 310 3325; x_wconf 89' lang='lat' dir='ltr'><strong>per</strong></span> <span class='ocrx_word' id='word_1_465' title='bbox 330 3255 539 3326; x_wconf 84' lang='lat' dir='ltr'><strong>susceptionem</strong></span> <span class='ocrx_word' id='word_1_466' title='bbox 555 3257 649 3308; x_wconf 85' lang='lat' dir='ltr'><strong>carnis</strong></span> <span class='ocrx_word' id='word_1_467' title='bbox 664 3256 751 3309; x_wconf 91' lang='lat' dir='ltr'><strong>homo</strong></span> <span class='ocrx_word' id='word_1_468' title='bbox 767 3254 895 3310; x_wconf 85' lang='lat' dir='ltr'><strong>Christus</strong></span> 
     </span>
     <span class='ocr_line' id='line_1_42' title="bbox 68 3340 896 3414; baseline 0.006 -22"><span class='ocrx_word' id='word_1_469' title='bbox 68 3340 128 3396; x_wconf 84' lang='lat' dir='ltr'><strong>iesus</strong></span> <span class='ocrx_word' id='word_1_470' title='bbox 158 3344 298 3398; x_wconf 88' lang='lat' dir='ltr'><strong>Dominus</strong></span> <span class='ocrx_word' id='word_1_471' title='bbox 324 3345 479 3414; x_wconf 86' lang='lat' dir='ltr'><strong>majestatis</strong></span> <span class='ocrx_word' id='word_1_472' title='bbox 510 3345 615 3398; x_wconf 89' lang='lat' dir='ltr'><strong>dicitur</strong></span> <span class='ocrx_word' id='word_1_473' title='bbox 639 3344 800 3398; x_wconf 83' lang='lat' dir='ltr'><strong>crucifixus.</strong></span> <span class='ocrx_word' id='word_1_474' title='bbox 825 3365 835 3391; x_wconf 78' lang='grc' dir='ltr'>ι</span> <span class='ocrx_word' id='word_1_475' title='bbox 865 3344 896 3397; x_wconf 84' lang='lat' dir='ltr'><strong>Et</strong></span> 
     </span>
     <span class='ocr_line' id='line_1_43' title="bbox 70 3432 895 3504; baseline 0.004 -21"><span class='ocrx_word' id='word_1_476' title='bbox 70 3436 116 3495; x_wconf 83' lang='lat' dir='ltr'><strong>post</strong></span> <span class='ocrx_word' id='word_1_477' title='bbox 135 3448 244 3502; x_wconf 80' lang='lat' dir='ltr'><strong>pauca:</strong></span> <span class='ocrx_word' id='word_1_478' title='bbox 273 3456 285 3480; x_wconf 84' lang='grc' dir='ltr'>ι</span> <span class='ocrx_word' id='word_1_479' title='bbox 302 3432 462 3498; x_wconf 86' lang='lat' dir='ltr'><strong>Servemus,</strong></span> <span class='ocrx_word' id='word_1_480' title='bbox 487 3433 593 3504; x_wconf 91' lang='lat' dir='ltr'><strong>inquit,</strong></span> <span class='ocrx_word' id='word_1_481' title='bbox 609 3433 822 3488; x_wconf 89' lang='lat' dir='ltr'><strong>distinctionem</strong></span> <span class='ocrx_word' id='word_1_482' title='bbox 849 3433 895 3486; x_wconf 92' lang='lat' dir='ltr'><strong>Di·</strong></span> 
     </span>
     <span class='ocr_line' id='line_1_44' title="bbox 70 3518 895 3594; baseline 0.004 -23"><span class='ocrx_word' id='word_1_483' title='bbox 70 3518 173 3574; x_wconf 73' lang='lat' dir='ltr'><strong>virtutis</strong></span> <span class='ocrx_word' id='word_1_484' title='bbox 197 3526 225 3574; x_wconf 88' lang='lat' dir='ltr'><strong>et</strong></span> <span class='ocrx_word' id='word_1_485' title='bbox 251 3522 353 3574; x_wconf 85' lang='lat' dir='ltr'><strong>earnis.</strong></span> <span class='ocrx_word' id='word_1_486' title='bbox 376 3523 453 3576; x_wconf 84' lang='lat' dir='ltr'><strong>linus</strong></span> <span class='ocrx_word' id='word_1_487' title='bbox 486 3522 516 3576; x_wconf 91' lang='lat' dir='ltr'><strong>in</strong></span> <span class='ocrx_word' id='word_1_488' title='bbox 541 3528 661 3594; x_wconf 87' lang='lat' dir='ltr'><strong>utroque</strong></span> <span class='ocrx_word' id='word_1_489' title='bbox 687 3522 818 3594; x_wconf 88' lang='lat' dir='ltr'><strong>loquitur</strong></span> <span class='ocrx_word' id='word_1_490' title='bbox 846 3520 895 3576; x_wconf 89' lang='lat' dir='ltr'><strong>Dei</strong></span> 
     </span>
     <span class='ocr_line' id='line_1_45' title="bbox 71 3603 895 3681; baseline 0.01 -23"><span class='ocrx_word' id='word_1_491' title='bbox 71 3603 146 3675; x_wconf 83' lang='lat' dir='ltr'><strong>lilius,</strong></span> <span class='ocrx_word' id='word_1_492' title='bbox 161 3609 232 3680; x_wconf 90' lang='lat' dir='ltr'><strong>quia</strong></span> <span class='ocrx_word' id='word_1_493' title='bbox 245 3609 276 3662; x_wconf 92' lang='lat' dir='ltr'><strong>in</strong></span> <span class='ocrx_word' id='word_1_494' title='bbox 292 3611 391 3664; x_wconf 87' lang='lat' dir='ltr'><strong>eadem</strong></span> <span class='ocrx_word' id='word_1_495' title='bbox 408 3616 529 3681; x_wconf 89' lang='lat' dir='ltr'><strong>utraque</strong></span> <span class='ocrx_word' id='word_1_496' title='bbox 547 3616 649 3665; x_wconf 82' lang='lat' dir='ltr'><strong>natura</strong></span> <span class='ocrx_word' id='word_1_497' title='bbox 665 3617 716 3665; x_wconf 86' lang='lat' dir='ltr'><strong>est.</strong></span> <span class='ocrx_word' id='word_1_498' title='bbox 733 3613 765 3665; x_wconf 88' lang='lat' dir='ltr'><strong>Et</strong></span> <span class='ocrx_word' id='word_1_499' title='bbox 780 3611 803 3663; x_wconf 91' lang='lat' dir='ltr'><strong>si</strong></span> <span class='ocrx_word' id='word_1_500' title='bbox 819 3611 895 3666; x_wconf 90' lang='lat' dir='ltr'><strong>idem</strong></span> 
     </span>
     <span class='ocr_line' id='line_1_46' title="bbox 70 3692 896 3771; baseline 0.012 -25"><span class='ocrx_word' id='word_1_501' title='bbox 70 3692 185 3766; x_wconf 88' lang='lat' dir='ltr'><strong>loquitur,</strong></span> <span class='ocrx_word' id='word_1_502' title='bbox 210 3714 270 3752; x_wconf 92' lang='lat' dir='ltr'><strong>nou</strong></span> <span class='ocrx_word' id='word_1_503' title='bbox 284 3714 343 3752; x_wconf 89' lang='lat' dir='ltr'><strong>uno</strong></span> <span class='ocrx_word' id='word_1_504' title='bbox 365 3716 480 3771; x_wconf 87' lang='lat' dir='ltr'><strong>semper</strong></span> <span class='ocrx_word' id='word_1_505' title='bbox 505 3700 755 3771; x_wconf 91' lang='lat' dir='ltr'><strong>loquiturmodo:</strong></span> <span class='ocrx_word' id='word_1_506' title='bbox 778 3700 896 3756; x_wconf 89' lang='lat' dir='ltr'><strong>intende</strong></span> 
     </span>
     <span class='ocr_line' id='line_1_47' title="bbox 70 3780 894 3858; baseline 0.011 -25"><span class='ocrx_word' id='word_1_507' title='bbox 70 3780 128 3839; x_wconf 88' lang='lat' dir='ltr'><strong>ineo</strong></span> <span class='ocrx_word' id='word_1_508' title='bbox 149 3802 226 3840; x_wconf 87' lang='lat' dir='ltr'><strong>nunc</strong></span> <span class='ocrx_word' id='word_1_509' title='bbox 241 3786 364 3857; x_wconf 82' lang='lat' dir='ltr'><strong>gloriam</strong></span> <span class='ocrx_word' id='word_1_510' title='bbox 393 3788 454 3853; x_wconf 90' lang='lat' dir='ltr'><strong>Dei,</strong></span> <span class='ocrx_word' id='word_1_511' title='bbox 479 3804 557 3842; x_wconf 87' lang='lat' dir='ltr'><strong>nunc</strong></span> <span class='ocrx_word' id='word_1_512' title='bbox 583 3787 709 3842; x_wconf 91' lang='lat' dir='ltr'><strong>hominis</strong></span> <span class='ocrx_word' id='word_1_513' title='bbox 738 3787 894 3858; x_wconf 89' lang='lat' dir='ltr'><strong>passiones.</strong></span> 
     </span>
     <span class='ocr_line' id='line_1_48' title="bbox 69 3870 896 3946; baseline 0.005 -21"><span class='ocrx_word' id='word_1_514' title='bbox 69 3870 134 3933; x_wconf 75' lang='lat' dir='ltr'><strong>baasi</strong></span> <span class='ocrx_word' id='word_1_515' title='bbox 147 3875 223 3929; x_wconf 87' lang='lat' dir='ltr'><strong>Deus</strong></span> <span class='ocrx_word' id='word_1_516' title='bbox 245 3875 373 3946; x_wconf 88' lang='lat' dir='ltr'><strong>loquitur</strong></span> <span class='ocrx_word' id='word_1_517' title='bbox 386 3891 451 3946; x_wconf 78' lang='lat' dir='ltr'><strong>quaa</strong></span> <span class='ocrx_word' id='word_1_518' title='bbox 473 3883 541 3930; x_wconf 90' lang='lat' dir='ltr'><strong>suut</strong></span> <span class='ocrx_word' id='word_1_519' title='bbox 562 3876 668 3942; x_wconf 82' lang='lat' dir='ltr'><strong>divina,</strong></span> <span class='ocrx_word' id='word_1_520' title='bbox 685 3877 754 3946; x_wconf 89' lang='lat' dir='ltr'><strong>quia</strong></span> <span class='ocrx_word' id='word_1_521' title='bbox 773 3875 896 3931; x_wconf 87' lang='lat' dir='ltr'><strong>Verbum</strong></span> 
     </span>
     <span class='ocr_line' id='line_1_49' title="bbox 69 3963 897 4035; baseline 0.008 -24"><span class='ocrx_word' id='word_1_522' title='bbox 69 3966 96 4014; x_wconf 87' lang='lat' dir='ltr'><strong>ast</strong></span> <span class='ocrx_word' id='word_1_523' title='bbox 110 3979 116 4015; x_wconf 95' lang='lat'>:</span> <span class='ocrx_word' id='word_1_524' title='bbox 131 3963 213 4034; x_wconf 85' lang='lat' dir='ltr'><strong>quasi</strong></span> <span class='ocrx_word' id='word_1_525' title='bbox 227 3964 317 4018; x_wconf 91' lang='lat' dir='ltr'><strong>homo</strong></span> <span class='ocrx_word' id='word_1_526' title='bbox 333 3964 402 4019; x_wconf 91' lang='lat' dir='ltr'><strong>dicit</strong></span> <span class='ocrx_word' id='word_1_527' title='bbox 415 3980 478 4035; x_wconf 77' lang='lat' dir='ltr'><strong>quaa</strong></span> <span class='ocrx_word' id='word_1_528' title='bbox 495 3969 560 4019; x_wconf 91' lang='lat' dir='ltr'><strong>sunt</strong></span> <span class='ocrx_word' id='word_1_529' title='bbox 574 3965 712 4030; x_wconf 89' lang='lat' dir='ltr'><strong>humana,</strong></span> <span class='ocrx_word' id='word_1_530' title='bbox 728 3964 797 4035; x_wconf 93' lang='lat' dir='ltr'><strong>quia</strong></span> <span class='ocrx_word' id='word_1_531' title='bbox 820 3965 850 4018; x_wconf 91' lang='lat' dir='ltr'><strong>in</strong></span> <span class='ocrx_word' id='word_1_532' title='bbox 863 3981 897 4019; x_wconf 87' lang='lat' dir='ltr'><strong>aa</strong></span> 
     </span>
     <span class='ocr_line' id='line_1_50' title="bbox 69 4049 897 4124; baseline 0.007 -23"><span class='ocrx_word' id='word_1_533' title='bbox 69 4049 206 4105; x_wconf 70' lang='lat' dir='ltr'><strong>sannatia</strong></span> <span class='ocrx_word' id='word_1_534' title='bbox 228 4053 408 4124; x_wconf 86' lang='lat' dir='ltr'><strong>loquebatur.</strong></span> <span class='ocrx_word' id='word_1_535' title='bbox 424 4054 496 4108; x_wconf 87' lang='lat' dir='ltr'><strong>item</strong></span> <span class='ocrx_word' id='word_1_536' title='bbox 519 4053 647 4123; x_wconf 86' lang='lat' dir='ltr'><strong>ejusdem</strong></span> <span class='ocrx_word' id='word_1_537' title='bbox 666 4053 697 4107; x_wconf 92' lang='lat' dir='ltr'><strong>in</strong></span> <span class='ocrx_word' id='word_1_538' title='bbox 709 4053 781 4107; x_wconf 91' lang='lat' dir='ltr'><strong>libro</strong></span> <span class='ocrx_word' id='word_1_539' title='bbox 803 4054 897 4107; x_wconf 89' lang='lat' dir='ltr'><strong>lucar-</strong></span> 
     </span>
     <span class='ocr_line' id='line_1_51' title="bbox 69 4140 896 4213; baseline 0.007 -23"><span class='ocrx_word' id='word_1_540' title='bbox 69 4140 173 4195; x_wconf 87' lang='lat' dir='ltr'><strong>rutionis</strong></span> <span class='ocrx_word' id='word_1_541' title='bbox 199 4140 315 4195; x_wconf 91' lang='lat' dir='ltr'><strong>Domini</strong></span> <span class='ocrx_word' id='word_1_542' title='bbox 339 4146 437 4197; x_wconf 91' lang='lat' dir='ltr'><strong>contra</strong></span> <span class='ocrx_word' id='word_1_543' title='bbox 460 4142 698 4213; x_wconf 88' lang='lat' dir='ltr'><strong>Apollinaristas:</strong></span> <span class='ocrx_word' id='word_1_544' title='bbox 721 4142 803 4197; x_wconf 81' lang='lat' dir='ltr'><strong>«Sed</strong></span> <span class='ocrx_word' id='word_1_545' title='bbox 827 4143 896 4196; x_wconf 95' lang='lat' dir='ltr'><strong>dum</strong></span> 
     </span>
     <span class='ocr_line' id='line_1_52' title="bbox 68 4221 897 4302; baseline 0.005 -22"><span class='ocrx_word' id='word_1_546' title='bbox 68 4221 103 4280; x_wconf 85' lang='lat' dir='ltr'><strong>has</strong></span> <span class='ocrx_word' id='word_1_547' title='bbox 116 4229 327 4300; x_wconf 81' lang='lat' dir='ltr'><strong>redarguimus,</strong></span> <span class='ocrx_word' id='word_1_548' title='bbox 345 4236 498 4302; x_wconf 89' lang='lat' dir='ltr'><strong>emergunt</strong></span> <span class='ocrx_word' id='word_1_549' title='bbox 512 4230 572 4294; x_wconf 89' lang='lat' dir='ltr'><strong>alii,</strong></span> <span class='ocrx_word' id='word_1_550' title='bbox 588 4231 637 4302; x_wconf 91' lang='lat' dir='ltr'><strong>qui</strong></span> <span class='ocrx_word' id='word_1_551' title='bbox 650 4246 766 4285; x_wconf 89' lang='lat' dir='ltr'><strong>carnem</strong></span> <span class='ocrx_word' id='word_1_552' title='bbox 781 4230 897 4285; x_wconf 90' lang='lat' dir='ltr'><strong>Domini</strong></span> 
     </span>
    </p>
   </div>
   <div class='ocr_carea' id='block_1_7' title="bbox 948 3075 1797 3325">
    <p class='ocr_par' dir='ltr' id='par_1_8' title="bbox 948 3075 1797 3325">
     <span class='ocr_line' id='line_1_53' title="bbox 948 3075 1797 3148; baseline 0 -17"><span class='ocrx_word' id='word_1_553' title='bbox 948 3077 1156 3148; x_wconf 78' lang='lat' dir='ltr'><strong>predestinatus</strong></span> <span class='ocrx_word' id='word_1_554' title='bbox 1167 3080 1207 3129; x_wconf 86' lang='lat' dir='ltr'><strong>est</strong></span> <span class='ocrx_word' id='word_1_555' title='bbox 1219 3076 1304 3129; x_wconf 81' lang='lat' dir='ltr'><strong>Filius</strong></span> <span class='ocrx_word' id='word_1_556' title='bbox 1318 3078 1366 3129; x_wconf 86' lang='lat' dir='ltr'><strong>Dei</strong></span> <span class='ocrx_word' id='word_1_557' title='bbox 1381 3079 1467 3142; x_wconf 79' lang='lat' dir='ltr'><strong>(Rern.</strong></span> <span class='ocrx_word' id='word_1_558' title='bbox 1484 3093 1503 3141; x_wconf 94' lang='grc' dir='ltr'><strong>ι,</strong></span> <span class='ocrx_word' id='word_1_559' title='bbox 1521 3076 1559 3144; x_wconf 81' lang='grc'><strong>3).</strong></span> <span class='ocrx_word' id='word_1_560' title='bbox 1573 3075 1797 3131; x_wconf 77' lang='lat' dir='ltr'><strong>Praadestinatur</strong></span> 
     </span>
     <span class='ocr_line' id='line_1_54' title="bbox 950 3164 1794 3236; baseline 0.001 -17"><span class='ocrx_word' id='word_1_561' title='bbox 950 3165 1037 3230; x_wconf 88' lang='lat' dir='ltr'><strong>enim,</strong></span> <span class='ocrx_word' id='word_1_562' title='bbox 1055 3164 1794 3236; x_wconf 81' lang='lat' dir='ltr'><strong>utiproeelarusllieronymusdicit,qninondumest.</strong></span> 
     </span>
     <span class='ocr_line' id='line_1_55' title="bbox 951 3253 1793 3325; baseline 0 -17"><span class='ocrx_word' id='word_1_563' title='bbox 951 3255 983 3308; x_wconf 86' lang='lat' dir='ltr'><strong>Et</strong></span> <span class='ocrx_word' id='word_1_564' title='bbox 997 3253 1066 3325; x_wconf 90' lang='lat' dir='ltr'><strong>quid</strong></span> <span class='ocrx_word' id='word_1_565' title='bbox 1081 3253 1278 3308; x_wconf 89' lang='lat' dir='ltr'><strong>arbitrandum</strong></span> <span class='ocrx_word' id='word_1_566' title='bbox 1298 3258 1340 3307; x_wconf 88' lang='lat' dir='ltr'><strong>est</strong></span> <span class='ocrx_word' id='word_1_567' title='bbox 1354 3254 1388 3308; x_wconf 91' lang='lat' dir='ltr'><strong>de</strong></span> <span class='ocrx_word' id='word_1_568' title='bbox 1403 3253 1500 3307; x_wconf 89' lang='lat' dir='ltr'><strong>anima</strong></span> <span class='ocrx_word' id='word_1_569' title='bbox 1513 3255 1589 3321; x_wconf 86' lang='lat' dir='ltr'><strong>lesu,</strong></span> <span class='ocrx_word' id='word_1_570' title='bbox 1610 3255 1644 3308; x_wconf 89' lang='lat' dir='ltr'><strong>de</strong></span> <span class='ocrx_word' id='word_1_571' title='bbox 1660 3269 1717 3325; x_wconf 89' lang='lat' dir='ltr'><strong>qua</strong></span> <span class='ocrx_word' id='word_1_572' title='bbox 1732 3254 1793 3309; x_wconf 91' lang='lat' dir='ltr'><strong>ait:</strong></span> 
     </span>
    </p>
   </div>
   <div class='ocr_carea' id='block_1_8' title="bbox 923 3332 1794 3413">
    <p class='ocr_par' dir='ltr' id='par_1_9' title="bbox 923 3332 1794 3413">
     <span class='ocr_line' id='line_1_56' title="bbox 923 3332 1794 3413; baseline 0 -17"><span class='ocrx_word' id='word_1_573' title='bbox 923 3332 928 3341; x_wconf 55' lang='lat'>‘</span> <span class='ocrx_word' id='word_1_574' title='bbox 952 3344 1050 3396; x_wconf 84' lang='lat' dir='ltr'><strong>Tristis</strong></span> <span class='ocrx_word' id='word_1_575' title='bbox 1069 3346 1108 3396; x_wconf 82' lang='lat' dir='ltr'><strong>est</strong></span> <span class='ocrx_word' id='word_1_576' title='bbox 1122 3343 1215 3395; x_wconf 81' lang='lat' dir='ltr'><strong>naimo</strong></span> <span class='ocrx_word' id='word_1_577' title='bbox 1231 3357 1388 3410; x_wconf 80' lang='lat' dir='ltr'><strong>manusque</strong></span> <span class='ocrx_word' id='word_1_578' title='bbox 1410 3343 1447 3395; x_wconf 86' lang='lat' dir='ltr'><strong>ad</strong></span> <span class='ocrx_word' id='word_1_579' title='bbox 1470 3348 1581 3397; x_wconf 76' lang='lat' dir='ltr'><strong>mortam</strong></span> <span class='ocrx_word' id='word_1_580' title='bbox 1596 3343 1705 3413; x_wconf 76' lang='lat' dir='ltr'><strong>(Dacia.</strong></span> <span class='ocrx_word' id='word_1_581' title='bbox 1721 3359 1794 3412; x_wconf 84' lang='lat' dir='ltr'><strong>xxrr,</strong></span> 
     </span>
    </p>
   </div>
   <div class='ocr_carea' id='block_1_9' title="bbox 947 3426 1797 4300">
    <p class='ocr_par' dir='ltr' id='par_1_10' title="bbox 947 3426 1797 4211">
     <span class='ocr_line' id='line_1_57' title="bbox 951 3426 1796 3501; baseline 0 -15"><span class='ocrx_word' id='word_1_582' title='bbox 951 3433 1010 3499; x_wconf 82' lang='lat'>38);</span> <span class='ocrx_word' id='word_1_583' title='bbox 1040 3437 1068 3484; x_wconf 89' lang='lat' dir='ltr'><strong>et</strong></span> <span class='ocrx_word' id='word_1_584' title='bbox 1092 3430 1126 3484; x_wconf 88' lang='lat' dir='ltr'><strong>de</strong></span> <span class='ocrx_word' id='word_1_585' title='bbox 1141 3446 1220 3501; x_wconf 90' lang='lat' dir='ltr'><strong>quo:</strong></span> <span class='ocrx_word' id='word_1_586' title='bbox 1244 3426 1404 3485; x_wconf 84' lang='lat' dir='ltr'><strong>Potestolem</strong></span> <span class='ocrx_word' id='word_1_587' title='bbox 1426 3431 1508 3485; x_wconf 80' lang='lat' dir='ltr'><strong>babeo</strong></span> <span class='ocrx_word' id='word_1_588' title='bbox 1528 3431 1648 3501; x_wconf 81' lang='lat' dir='ltr'><strong>ponendi</strong></span> <span class='ocrx_word' id='word_1_589' title='bbox 1675 3433 1796 3487; x_wconf 84' lang='lat' dir='ltr'><strong>animam</strong></span> 
     </span>
     <span class='ocr_line' id='line_1_58' title="bbox 949 3520 1797 3589; baseline 0.004 -16"><span class='ocrx_word' id='word_1_590' title='bbox 949 3535 1034 3574; x_wconf 76' lang='lat' dir='ltr'><strong>nicom</strong></span> <span class='ocrx_word' id='word_1_591' title='bbox 1051 3520 1138 3589; x_wconf 81' lang='lat' dir='ltr'><strong>(ioan</strong></span> <span class='ocrx_word' id='word_1_592' title='bbox 1159 3535 1186 3587; x_wconf 89' lang='lat' dir='ltr'><strong>x,</strong></span> <span class='ocrx_word' id='word_1_593' title='bbox 1204 3520 1264 3588; x_wconf 81' lang='lat' dir='ltr'><strong>l8l;</strong></span> <span class='ocrx_word' id='word_1_594' title='bbox 1282 3523 1309 3573; x_wconf 89' lang='lat' dir='ltr'><strong>et</strong></span> <span class='ocrx_word' id='word_1_595' title='bbox 1329 3521 1420 3574; x_wconf 90' lang='lat' dir='ltr'><strong>item:</strong></span> <span class='ocrx_word' id='word_1_596' title='bbox 1444 3522 1545 3574; x_wconf 82' lang='lat' dir='ltr'><strong>Anima</strong></span> <span class='ocrx_word' id='word_1_597' title='bbox 1559 3536 1619 3574; x_wconf 86' lang='lat' dir='ltr'><strong>mea</strong></span> <span class='ocrx_word' id='word_1_598' title='bbox 1632 3521 1742 3575; x_wconf 68' lang='lat' dir='ltr'><strong>turbata</strong></span> <span class='ocrx_word' id='word_1_599' title='bbox 1757 3526 1797 3576; x_wconf 84' lang='lat' dir='ltr'><strong>est</strong></span> 
     </span>
     <span class='ocr_line' id='line_1_59' title="bbox 950 3607 1795 3679; baseline 0.002 -17"><span class='ocrx_word' id='word_1_600' title='bbox 950 3607 1083 3677; x_wconf 83' lang='lat' dir='ltr'><strong>usquead</strong></span> <span class='ocrx_word' id='word_1_601' title='bbox 1106 3613 1216 3663; x_wconf 83' lang='lat' dir='ltr'><strong>mortem</strong></span> <span class='ocrx_word' id='word_1_602' title='bbox 1232 3609 1318 3677; x_wconf 73' lang='lat' dir='ltr'><strong>(ioan.</strong></span> <span class='ocrx_word' id='word_1_603' title='bbox 1330 3624 1379 3675; x_wconf 85' lang='lat' dir='ltr'><strong>xxx,</strong></span> <span class='ocrx_word' id='word_1_604' title='bbox 1395 3611 1453 3677; x_wconf 77' lang='lat'><strong>27),</strong></span> <span class='ocrx_word' id='word_1_605' title='bbox 1477 3625 1541 3679; x_wconf 70' lang='lat' dir='ltr'><strong>quae</strong></span> <span class='ocrx_word' id='word_1_606' title='bbox 1558 3625 1616 3663; x_wconf 92' lang='lat' dir='ltr'><strong>non</strong></span> <span class='ocrx_word' id='word_1_607' title='bbox 1631 3609 1666 3663; x_wconf 91' lang='lat' dir='ltr'><strong>de</strong></span> <span class='ocrx_word' id='word_1_608' title='bbox 1684 3610 1795 3664; x_wconf 87' lang='lat' dir='ltr'><strong>semine</strong></span> 
     </span>
     <span class='ocr_line' id='line_1_60' title="bbox 951 3695 1796 3767; baseline 0.005 -17"><span class='ocrx_word' id='word_1_609' title='bbox 951 3696 1039 3750; x_wconf 78' lang='lat' dir='ltr'><strong>David</strong></span> <span class='ocrx_word' id='word_1_610' title='bbox 1055 3695 1212 3749; x_wconf 87' lang='lat' dir='ltr'><strong>descendit.</strong></span> <span class='ocrx_word' id='word_1_611' title='bbox 1232 3697 1252 3748; x_wconf 89' lang='lat' dir='ltr'>N</span> <span class='ocrx_word' id='word_1_612' title='bbox 1258 3696 1367 3766; x_wconf 89' lang='lat' dir='ltr'><strong>anquid</strong></span> <span class='ocrx_word' id='word_1_613' title='bbox 1378 3701 1406 3750; x_wconf 88' lang='lat' dir='ltr'><strong>et</strong></span> <span class='ocrx_word' id='word_1_614' title='bbox 1421 3696 1483 3767; x_wconf 89' lang='lat' dir='ltr'><strong>ipsa</strong></span> <span class='ocrx_word' id='word_1_615' title='bbox 1493 3697 1589 3750; x_wconf 89' lang='lat' dir='ltr'><strong>anima</strong></span> <span class='ocrx_word' id='word_1_616' title='bbox 1602 3696 1633 3750; x_wconf 91' lang='lat' dir='ltr'><strong>in</strong></span> <span class='ocrx_word' id='word_1_617' title='bbox 1648 3696 1711 3767; x_wconf 91' lang='lat' dir='ltr'><strong>ipsa</strong></span> <span class='ocrx_word' id='word_1_618' title='bbox 1724 3699 1796 3754; x_wconf 83' lang='lat' dir='ltr'><strong>facie</strong></span> 
     </span>
     <span class='ocr_line' id='line_1_61' title="bbox 947 3783 1797 3856; baseline 0.002 -18"><span class='ocrx_word' id='word_1_619' title='bbox 947 3784 1008 3855; x_wconf 90' lang='lat' dir='ltr'><strong>jam</strong></span> <span class='ocrx_word' id='word_1_620' title='bbox 1024 3791 1091 3837; x_wconf 91' lang='lat' dir='ltr'><strong>tunc</strong></span> <span class='ocrx_word' id='word_1_621' title='bbox 1106 3783 1199 3852; x_wconf 89' lang='lat' dir='ltr'><strong>posita</strong></span> <span class='ocrx_word' id='word_1_622' title='bbox 1214 3783 1295 3838; x_wconf 78' lang='lat' dir='ltr'><strong>erat?</strong></span> <span class='ocrx_word' id='word_1_623' title='bbox 1312 3784 1462 3847; x_wconf 85' lang='lat' dir='ltr'><strong>Quomodo</strong></span> <span class='ocrx_word' id='word_1_624' title='bbox 1477 3801 1546 3856; x_wconf 89' lang='lat' dir='ltr'><strong>ergo</strong></span> <span class='ocrx_word' id='word_1_625' title='bbox 1572 3785 1701 3849; x_wconf 87' lang='lat' dir='ltr'><strong>dicemus</strong></span> <span class='ocrx_word' id='word_1_626' title='bbox 1713 3803 1797 3842; x_wconf 83' lang='lat' dir='ltr'><strong>verus</strong></span> 
     </span>
     <span class='ocr_line' id='line_1_62' title="bbox 951 3872 1797 3944; baseline 0.005 -18"><span class='ocrx_word' id='word_1_627' title='bbox 951 3873 1025 3926; x_wconf 91' lang='lat' dir='ltr'><strong>Deus</strong></span> <span class='ocrx_word' id='word_1_628' title='bbox 1045 3876 1073 3925; x_wconf 90' lang='lat' dir='ltr'><strong>et</strong></span> <span class='ocrx_word' id='word_1_629' title='bbox 1087 3887 1171 3925; x_wconf 87' lang='lat' dir='ltr'><strong>verus</strong></span> <span class='ocrx_word' id='word_1_630' title='bbox 1188 3872 1286 3938; x_wconf 90' lang='lat' dir='ltr'><strong>homo,</strong></span> <span class='ocrx_word' id='word_1_631' title='bbox 1306 3877 1366 3926; x_wconf 89' lang='lat' dir='ltr'><strong>eta</strong></span> <span class='ocrx_word' id='word_1_632' title='bbox 1386 3882 1477 3926; x_wconf 90' lang='lat' dir='ltr'><strong>matre</strong></span> <span class='ocrx_word' id='word_1_633' title='bbox 1492 3879 1576 3928; x_wconf 88' lang='lat' dir='ltr'><strong>natus</strong></span> <span class='ocrx_word' id='word_1_634' title='bbox 1591 3879 1731 3944; x_wconf 90' lang='lat' dir='ltr'><strong>tempore,</strong></span> <span class='ocrx_word' id='word_1_635' title='bbox 1747 3875 1797 3930; x_wconf 87' lang='lat' dir='ltr'><strong>sed</strong></span> 
     </span>
     <span class='ocr_line' id='line_1_63' title="bbox 950 3961 1796 4033; baseline 0.002 -18"><span class='ocrx_word' id='word_1_636' title='bbox 950 3962 1143 4032; x_wconf 87' lang='lat' dir='ltr'><strong>sempiternus</strong></span> <span class='ocrx_word' id='word_1_637' title='bbox 1163 3961 1288 4014; x_wconf 87' lang='lat' dir='ltr'><strong>aPatre.</strong></span> <span class='ocrx_word' id='word_1_638' title='bbox 1309 3961 1366 4014; x_wconf 85' lang='lat' dir='ltr'><strong>Et:</strong></span> <span class='ocrx_word' id='word_1_639' title='bbox 1393 3962 1488 4017; x_wconf 90' lang='lat' dir='ltr'><strong>luduit</strong></span> <span class='ocrx_word' id='word_1_640' title='bbox 1512 3978 1639 4033; x_wconf 87' lang='lat' dir='ltr'><strong>carnem,</strong></span> <span class='ocrx_word' id='word_1_641' title='bbox 1662 3963 1711 4018; x_wconf 88' lang='lat' dir='ltr'><strong>sed</strong></span> <span class='ocrx_word' id='word_1_642' title='bbox 1736 3978 1796 4017; x_wconf 92' lang='lat' dir='ltr'><strong>non</strong></span> 
     </span>
     <span class='ocr_line' id='line_1_64' title="bbox 951 4049 1796 4120; baseline 0.002 -16"><span class='ocrx_word' id='word_1_643' title='bbox 951 4050 1030 4104; x_wconf 87' lang='lat' dir='ltr'><strong>exuit</strong></span> <span class='ocrx_word' id='word_1_644' title='bbox 1052 4049 1245 4120; x_wconf 88' lang='lat' dir='ltr'><strong>majestatem;</strong></span> <span class='ocrx_word' id='word_1_645' title='bbox 1260 4065 1356 4103; x_wconf 88' lang='lat' dir='ltr'><strong>veram</strong></span> <span class='ocrx_word' id='word_1_646' title='bbox 1376 4065 1493 4105; x_wconf 86' lang='lat' dir='ltr'><strong>carnem</strong></span> <span class='ocrx_word' id='word_1_647' title='bbox 1507 4067 1541 4105; x_wconf 87' lang='lat' dir='ltr'><strong>ex</strong></span> <span class='ocrx_word' id='word_1_648' title='bbox 1553 4051 1692 4107; x_wconf 87' lang='lat' dir='ltr'><strong>maternis</strong></span> <span class='ocrx_word' id='word_1_649' title='bbox 1707 4051 1796 4106; x_wconf 87' lang='lat' dir='ltr'><strong>visce-</strong></span> 
     </span>
     <span class='ocr_line' id='line_1_65' title="bbox 952 4139 1709 4211; baseline -0.003 -18"><span class='ocrx_word' id='word_1_650' title='bbox 952 4139 1031 4193; x_wconf 90' lang='lat' dir='ltr'><strong>ribus</strong></span> <span class='ocrx_word' id='word_1_651' title='bbox 1046 4144 1157 4194; x_wconf 89' lang='lat' dir='ltr'><strong>tantum</strong></span> <span class='ocrx_word' id='word_1_652' title='bbox 1169 4140 1229 4193; x_wconf 93' lang='lat' dir='ltr'><strong>sine</strong></span> <span class='ocrx_word' id='word_1_653' title='bbox 1243 4143 1371 4211; x_wconf 89' lang='lat' dir='ltr'><strong>peccato.</strong></span> <span class='ocrx_word' id='word_1_654' title='bbox 1704 4195 1709 4205; x_wconf 61' lang='grc'>,</span> 
     </span>
    </p>

    <p class='ocr_par' dir='ltr' id='par_1_11' title="bbox 987 4227 1796 4300">
     <span class='ocr_line' id='line_1_66' title="bbox 987 4227 1796 4300; baseline 0.001 -18"><span class='ocrx_word' id='word_1_655' title='bbox 987 4231 1013 4283; x_wconf 90' lang='lat'><strong>8.</strong></span> <span class='ocrx_word' id='word_1_656' title='bbox 1037 4227 1119 4292; x_wconf 82' lang='lat' dir='ltr'><strong>chod</strong></span> <span class='ocrx_word' id='word_1_657' title='bbox 1149 4244 1201 4282; x_wconf 91' lang='lat' dir='ltr'><strong>nos</strong></span> <span class='ocrx_word' id='word_1_658' title='bbox 1228 4228 1353 4299; x_wconf 77' lang='lat' dir='ltr'><strong>graviter</strong></span> <span class='ocrx_word' id='word_1_659' title='bbox 1368 4227 1482 4282; x_wconf 89' lang='lat' dir='ltr'><strong>molesti</strong></span> <span class='ocrx_word' id='word_1_660' title='bbox 1510 4229 1587 4295; x_wconf 90' lang='lat' dir='ltr'><strong>estis,</strong></span> <span class='ocrx_word' id='word_1_661' title='bbox 1604 4233 1632 4283; x_wconf 89' lang='lat' dir='ltr'><strong>et</strong></span> <span class='ocrx_word' id='word_1_662' title='bbox 1646 4227 1722 4300; x_wconf 88' lang='lat' dir='ltr'><strong>quod</strong></span> <span class='ocrx_word' id='word_1_663' title='bbox 1738 4245 1796 4283; x_wconf 93' lang='lat' dir='ltr'><strong>non</strong></span> 
     </span>
    </p>
   </div>
   <div class='ocr_carea' id='block_1_10' title="bbox 69 4293 1800 5099">
    <p class='ocr_par' dir='ltr' id='par_1_12' title="bbox 69 4293 1800 5099">
     <span class='ocr_line' id='line_1_67' title="bbox 69 4293 1799 4387; baseline 0.002 -19"><span class='ocrx_word' id='word_1_664' title='bbox 69 4309 148 4371; x_wconf 81' lang='lat' dir='ltr'><strong>dicunt</strong></span> <span class='ocrx_word' id='word_1_665' title='bbox 168 4323 196 4372; x_wconf 89' lang='lat' dir='ltr'><strong>et</strong></span> <span class='ocrx_word' id='word_1_666' title='bbox 224 4317 406 4372; x_wconf 86' lang='lat' dir='ltr'><strong>Divinitatem</strong></span> <span class='ocrx_word' id='word_1_667' title='bbox 431 4318 517 4374; x_wconf 89' lang='lat' dir='ltr'><strong>unius</strong></span> <span class='ocrx_word' id='word_1_668' title='bbox 540 4325 658 4373; x_wconf 83' lang='lat' dir='ltr'><strong>naturae.</strong></span> <span class='ocrx_word' id='word_1_669' title='bbox 685 4319 753 4384; x_wconf 75' lang='lat' dir='ltr'><strong>Quas</strong></span> <span class='ocrx_word' id='word_1_670' title='bbox 784 4323 896 4374; x_wconf 90' lang='lat' dir='ltr'><strong>tantum</strong></span> <span class='ocrx_word' id='word_1_671' title='bbox 916 4293 1063 4372; x_wconf 65' lang='lat' dir='ltr'><strong>”tantum</strong></span> <span class='ocrx_word' id='word_1_672' title='bbox 1081 4317 1186 4387; x_wconf 84' lang='lat' dir='ltr'><strong>pugnis</strong></span> <span class='ocrx_word' id='word_1_673' title='bbox 1205 4323 1234 4371; x_wconf 90' lang='lat' dir='ltr'><strong>et</strong></span> <span class='ocrx_word' id='word_1_674' title='bbox 1254 4316 1389 4384; x_wconf 85' lang='lat' dir='ltr'><strong>calcibus,</strong></span> <span class='ocrx_word' id='word_1_675' title='bbox 1409 4317 1459 4372; x_wconf 88' lang='lat' dir='ltr'><strong>sed</strong></span> <span class='ocrx_word' id='word_1_676' title='bbox 1479 4317 1573 4372; x_wconf 89' lang='lat' dir='ltr'><strong>crudis</strong></span> <span class='ocrx_word' id='word_1_677' title='bbox 1585 4317 1711 4373; x_wconf 80' lang='lat' dir='ltr'><strong>travibus</strong></span> <span class='ocrx_word' id='word_1_678' title='bbox 1726 4318 1799 4372; x_wconf 91' lang='lat' dir='ltr'><strong>mul-</strong></span> 
     </span>
     <span class='ocr_line' id='line_1_68' title="bbox 69 4405 1798 4478; baseline 0.003 -21"><span class='ocrx_word' id='word_1_679' title='bbox 69 4405 230 4478; x_wconf 75' lang='lat' dir='ltr'><strong>sacrilegium</strong></span> <span class='ocrx_word' id='word_1_680' title='bbox 249 4406 363 4461; x_wconf 84' lang='lat' dir='ltr'><strong>inferna</strong></span> <span class='ocrx_word' id='word_1_681' title='bbox 382 4408 577 4462; x_wconf 80' lang='lat' dir='ltr'><strong>vomuerunt?</strong></span> <span class='ocrx_word' id='word_1_682' title='bbox 603 4409 664 4462; x_wconf 84' lang='lat' dir='ltr'><strong>iam</strong></span> <span class='ocrx_word' id='word_1_683' title='bbox 689 4408 897 4463; x_wconf 87' lang='lat' dir='ltr'><strong>tolerabiliores</strong></span> <span class='ocrx_word' id='word_1_684' title='bbox 950 4412 1012 4461; x_wconf 89' lang='lat' dir='ltr'><strong>lare</strong></span> <span class='ocrx_word' id='word_1_685' title='bbox 1024 4406 1152 4476; x_wconf 87' lang='lat' dir='ltr'><strong>jussistis</strong></span> <span class='ocrx_word' id='word_1_686' title='bbox 1167 4422 1218 4477; x_wconf 89' lang='lat' dir='ltr'><strong>pro</strong></span> <span class='ocrx_word' id='word_1_687' title='bbox 1239 4405 1517 4477; x_wconf 87' lang='lat' dir='ltr'><strong>tardatoreciproco,</strong></span> <span class='ocrx_word' id='word_1_688' title='bbox 1534 4410 1562 4460; x_wconf 92' lang='lat' dir='ltr'><strong>et</strong></span> <span class='ocrx_word' id='word_1_689' title='bbox 1580 4407 1683 4462; x_wconf 89' lang='lat' dir='ltr'><strong>codicis</strong></span> <span class='ocrx_word' id='word_1_690' title='bbox 1712 4408 1798 4462; x_wconf 86' lang='lat' dir='ltr'><strong>vestri</strong></span> 
     </span>
     <span class='ocr_line' id='line_1_69' title="bbox 71 4493 1796 4568; baseline 0.004 -24"><span class='ocrx_word' id='word_1_691' title='bbox 71 4499 119 4548; x_wconf 80' lang='lat' dir='ltr'><strong>suat</strong></span> <span class='ocrx_word' id='word_1_692' title='bbox 141 4495 251 4561; x_wconf 86' lang='lat' dir='ltr'><strong>Ariani,</strong></span> <span class='ocrx_word' id='word_1_693' title='bbox 273 4511 399 4566; x_wconf 90' lang='lat' dir='ltr'><strong>quorum</strong></span> <span class='ocrx_word' id='word_1_694' title='bbox 413 4497 549 4567; x_wconf 85' lang='lat' dir='ltr'><strong>perlatos</strong></span> <span class='ocrx_word' id='word_1_695' title='bbox 573 4498 662 4551; x_wconf 89' lang='lat' dir='ltr'><strong>robur</strong></span> <span class='ocrx_word' id='word_1_696' title='bbox 678 4497 807 4568; x_wconf 86' lang='lat' dir='ltr'><strong>perfidiae</strong></span> <span class='ocrx_word' id='word_1_697' title='bbox 829 4498 896 4552; x_wconf 78' lang='lat' dir='ltr'><strong>ado·</strong></span> <span class='ocrx_word' id='word_1_698' title='bbox 951 4494 1132 4560; x_wconf 87' lang='lat' dir='ltr'><strong>transmissu,</strong></span> <span class='ocrx_word' id='word_1_699' title='bbox 1162 4493 1252 4548; x_wconf 81' lang='lat' dir='ltr'><strong>fateor</strong></span> <span class='ocrx_word' id='word_1_700' title='bbox 1279 4509 1324 4548; x_wconf 91' lang='lat' dir='ltr'><strong>me</strong></span> <span class='ocrx_word' id='word_1_701' title='bbox 1352 4510 1410 4548; x_wconf 91' lang='lat' dir='ltr'><strong>non</strong></span> <span class='ocrx_word' id='word_1_702' title='bbox 1442 4493 1625 4548; x_wconf 84' lang='lat' dir='ltr'><strong>mediocriter</strong></span> <span class='ocrx_word' id='word_1_703' title='bbox 1660 4499 1796 4551; x_wconf 88' lang='lat' dir='ltr'><strong>erratum.</strong></span> 
     </span>
     <span class='ocr_line' id='line_1_70' title="bbox 71 4574 1798 4654; baseline 0.003 -20"><span class='ocrx_word' id='word_1_704' title='bbox 71 4574 140 4649; x_wconf 79' lang='lat' dir='ltr'><strong>lenit,</strong></span> <span class='ocrx_word' id='word_1_705' title='bbox 162 4589 196 4638; x_wconf 87' lang='lat' dir='ltr'><strong>nt</strong></span> <span class='ocrx_word' id='word_1_706' title='bbox 229 4585 355 4654; x_wconf 88' lang='lat' dir='ltr'><strong>majores</strong></span> <span class='ocrx_word' id='word_1_707' title='bbox 383 4585 570 4640; x_wconf 86' lang='lat' dir='ltr'><strong>contentione</strong></span> <span class='ocrx_word' id='word_1_708' title='bbox 584 4590 714 4640; x_wconf 87' lang='lat' dir='ltr'><strong>asserant</strong></span> <span class='ocrx_word' id='word_1_709' title='bbox 741 4587 852 4641; x_wconf 89' lang='lat' dir='ltr'><strong>Patrem</strong></span> <span class='ocrx_word' id='word_1_710' title='bbox 869 4592 897 4640; x_wconf 89' lang='lat' dir='ltr'><strong>et</strong></span> <span class='ocrx_word' id='word_1_711' title='bbox 952 4584 1067 4639; x_wconf 80' lang='lat' dir='ltr'><strong>Meliora</strong></span> <span class='ocrx_word' id='word_1_712' title='bbox 1082 4587 1146 4637; x_wconf 88' lang='lat' dir='ltr'><strong>sunt</strong></span> <span class='ocrx_word' id='word_1_713' title='bbox 1160 4583 1271 4636; x_wconf 75' lang='lat' dir='ltr'><strong>verbera</strong></span> <span class='ocrx_word' id='word_1_714' title='bbox 1291 4583 1378 4651; x_wconf 69' lang='lat' dir='ltr'><strong>{idelis</strong></span> <span class='ocrx_word' id='word_1_715' title='bbox 1402 4582 1497 4645; x_wconf 89' lang='lat' dir='ltr'><strong>amici,</strong></span> <span class='ocrx_word' id='word_1_716' title='bbox 1519 4599 1602 4652; x_wconf 84' lang='lat' dir='ltr'><strong>quam</strong></span> <span class='ocrx_word' id='word_1_717' title='bbox 1622 4586 1713 4640; x_wconf 85' lang='lat' dir='ltr'><strong>oscula</strong></span> <span class='ocrx_word' id='word_1_718' title='bbox 1738 4586 1798 4652; x_wconf 81' lang='lat' dir='ltr'><strong>fal-</strong></span> 
     </span>
     <span class='ocr_line' id='line_1_71' title="bbox 72 4664 1799 4745; baseline 0.005 -25"><span class='ocrx_word' id='word_1_719' title='bbox 72 4664 152 4726; x_wconf 83' lang='lat' dir='ltr'><strong>lilium</strong></span> <span class='ocrx_word' id='word_1_720' title='bbox 167 4678 196 4728; x_wconf 85' lang='lat' dir='ltr'><strong>et</strong></span> <span class='ocrx_word' id='word_1_721' title='bbox 208 4673 346 4745; x_wconf 85' lang='lat' dir='ltr'><strong>Spiritum</strong></span> <span class='ocrx_word' id='word_1_722' title='bbox 362 4680 490 4729; x_wconf 90' lang='lat' dir='ltr'><strong>sanctum</strong></span> <span class='ocrx_word' id='word_1_723' title='bbox 507 4674 592 4729; x_wconf 89' lang='lat' dir='ltr'><strong>unius</strong></span> <span class='ocrx_word' id='word_1_724' title='bbox 612 4690 671 4729; x_wconf 94' lang='lat' dir='ltr'><strong>non</strong></span> <span class='ocrx_word' id='word_1_725' title='bbox 684 4691 744 4728; x_wconf 88' lang='lat' dir='ltr'><strong>asse</strong></span> <span class='ocrx_word' id='word_1_726' title='bbox 766 4675 898 4729; x_wconf 89' lang='lat' dir='ltr'><strong>substan·</strong></span> <span class='ocrx_word' id='word_1_727' title='bbox 952 4673 1038 4728; x_wconf 81' lang='lat' dir='ltr'><strong>lentie</strong></span> <span class='ocrx_word' id='word_1_728' title='bbox 1053 4671 1163 4725; x_wconf 89' lang='lat' dir='ltr'><strong>inimici</strong></span> <span class='ocrx_word' id='word_1_729' title='bbox 1181 4670 1259 4741; x_wconf 84' lang='lat' dir='ltr'><strong>(Pron</strong></span> <span class='ocrx_word' id='word_1_730' title='bbox 1275 4686 1357 4736; x_wconf 81' lang='lat' dir='ltr'><strong>xxvxi,</strong></span> <span class='ocrx_word' id='word_1_731' title='bbox 1374 4671 1410 4740; x_wconf 82' lang='grc'><strong>6).</strong></span> <span class='ocrx_word' id='word_1_732' title='bbox 1425 4671 1558 4740; x_wconf 87' lang='lat' dir='ltr'><strong>Legimus</strong></span> <span class='ocrx_word' id='word_1_733' title='bbox 1573 4674 1648 4742; x_wconf 89' lang='lat' dir='ltr'><strong>apud</strong></span> <span class='ocrx_word' id='word_1_734' title='bbox 1667 4674 1799 4745; x_wconf 89' lang='lat' dir='ltr'><strong>antiquos</strong></span> 
     </span>
     <span class='ocr_line' id='line_1_72' title="bbox 72 4753 1800 4833; baseline -0.001 -17"><span class='ocrx_word' id='word_1_735' title='bbox 72 4753 104 4810; x_wconf 68' lang='lat' dir='ltr'><strong>15ae</strong></span> <span class='ocrx_word' id='word_1_736' title='bbox 114 4769 131 4827; x_wconf 73' lang='lat'><strong>‘,</strong></span> <span class='ocrx_word' id='word_1_737' title='bbox 148 4762 214 4833; x_wconf 90' lang='lat' dir='ltr'><strong>quia</strong></span> <span class='ocrx_word' id='word_1_738' title='bbox 239 4762 287 4817; x_wconf 86' lang='lat' dir='ltr'><strong>isli</strong></span> <span class='ocrx_word' id='word_1_739' title='bbox 312 4762 495 4818; x_wconf 74' lang='lat' dir='ltr'><strong>Divinitatem</strong></span> <span class='ocrx_word' id='word_1_740' title='bbox 520 4763 632 4818; x_wconf 91' lang='lat' dir='ltr'><strong>Domini</strong></span> <span class='ocrx_word' id='word_1_741' title='bbox 650 4767 678 4818; x_wconf 91' lang='lat' dir='ltr'><strong>et</strong></span> <span class='ocrx_word' id='word_1_742' title='bbox 699 4779 814 4817; x_wconf 87' lang='lat' dir='ltr'><strong>carnem</strong></span> <span class='ocrx_word' id='word_1_743' title='bbox 834 4763 898 4818; x_wconf 85' lang='lat' dir='ltr'><strong>sub</strong></span> <span class='ocrx_word' id='word_1_744' title='bbox 952 4760 1226 4832; x_wconf 85' lang='lat' dir='ltr'><strong>philosoplros,cum</strong></span> <span class='ocrx_word' id='word_1_745' title='bbox 1243 4758 1449 4829; x_wconf 85' lang='lat' dir='ltr'><strong>discipulorum</strong></span> <span class='ocrx_word' id='word_1_746' title='bbox 1464 4759 1800 4816; x_wconf 79' lang='lat' dir='ltr'><strong>Antisthenesdnullum</strong></span> 
     </span>
     <span class='ocr_line' id='line_1_73' title="bbox 72 4848 1799 4920; baseline 0 -18"><span class='ocrx_word' id='word_1_747' title='bbox 72 4848 161 4904; x_wconf 74' lang='lat' dir='ltr'><strong>sanate</strong></span> <span class='ocrx_word' id='word_1_748' title='bbox 196 4850 285 4906; x_wconf 89' lang='lat' dir='ltr'><strong>unius</strong></span> <span class='ocrx_word' id='word_1_749' title='bbox 320 4850 414 4906; x_wconf 89' lang='lat' dir='ltr'><strong>dicere</strong></span> <span class='ocrx_word' id='word_1_750' title='bbox 440 4857 645 4907; x_wconf 82' lang='lat' dir='ltr'><strong>tentaverunt:</strong></span> <span class='ocrx_word' id='word_1_751' title='bbox 673 4854 743 4907; x_wconf 89' lang='lat' dir='ltr'><strong>Item</strong></span> <span class='ocrx_word' id='word_1_752' title='bbox 770 4852 896 4906; x_wconf 69' lang='lat' dir='ltr'><strong>lintea:</strong></span> <span class='ocrx_word' id='word_1_753' title='bbox 952 4849 1101 4920; x_wconf 86' lang='lat' dir='ltr'><strong>reciperet,</strong></span> <span class='ocrx_word' id='word_1_754' title='bbox 1118 4854 1147 4903; x_wconf 89' lang='lat' dir='ltr'><strong>et</strong></span> <span class='ocrx_word' id='word_1_755' title='bbox 1161 4852 1389 4919; x_wconf 87' lang='lat' dir='ltr'><strong>perseverantem</strong></span> <span class='ocrx_word' id='word_1_756' title='bbox 1404 4848 1559 4920; x_wconf 84' lang='lat' dir='ltr'><strong>Diogenem</strong></span> <span class='ocrx_word' id='word_1_757' title='bbox 1575 4865 1721 4904; x_wconf 83' lang='lat' dir='ltr'><strong>rernovere</strong></span> <span class='ocrx_word' id='word_1_758' title='bbox 1742 4866 1799 4904; x_wconf 92' lang='lat' dir='ltr'><strong>non</strong></span> 
     </span>
     <span class='ocr_line' id='line_1_74' title="bbox 73 4935 1799 5010; baseline 0.001 -20"><span class='ocrx_word' id='word_1_759' title='bbox 73 4935 156 4993; x_wconf 74' lang='lat' dir='ltr'><strong>«labi</strong></span> <span class='ocrx_word' id='word_1_760' title='bbox 168 4939 242 4994; x_wconf 90' lang='lat' dir='ltr'><strong>mihi</strong></span> <span class='ocrx_word' id='word_1_761' title='bbox 259 4939 427 5010; x_wconf 79' lang='lat' dir='ltr'><strong>frequenter</strong></span> <span class='ocrx_word' id='word_1_762' title='bbox 444 4941 551 4996; x_wconf 80' lang='lat' dir='ltr'><strong>Nicaeui</strong></span> <span class='ocrx_word' id='word_1_763' title='bbox 565 4941 678 4995; x_wconf 89' lang='lat' dir='ltr'><strong>concilii</strong></span> <span class='ocrx_word' id='word_1_764' title='bbox 703 4957 731 4994; x_wconf 90' lang='lat' dir='ltr'><strong>se</strong></span> <span class='ocrx_word' id='word_1_765' title='bbox 746 4944 898 4995; x_wconf 88' lang='lat' dir='ltr'><strong>tractatum</strong></span> <span class='ocrx_word' id='word_1_766' title='bbox 952 4943 1057 5009; x_wconf 86' lang='lat' dir='ltr'><strong>posset,</strong></span> <span class='ocrx_word' id='word_1_767' title='bbox 1073 4938 1181 4991; x_wconf 86' lang='lat' dir='ltr'><strong>clavam</strong></span> <span class='ocrx_word' id='word_1_768' title='bbox 1198 4937 1321 4990; x_wconf 88' lang='lat' dir='ltr'><strong>minatus</strong></span> <span class='ocrx_word' id='word_1_769' title='bbox 1340 4942 1393 5004; x_wconf 87' lang='lat' dir='ltr'><strong>est,</strong></span> <span class='ocrx_word' id='word_1_770' title='bbox 1412 4937 1468 4991; x_wconf 89' lang='lat' dir='ltr'><strong>nisi</strong></span> <span class='ocrx_word' id='word_1_771' title='bbox 1483 4937 1591 5003; x_wconf 88' lang='lat' dir='ltr'><strong>abiret;</strong></span> <span class='ocrx_word' id='word_1_772' title='bbox 1609 4939 1654 4992; x_wconf 89' lang='lat' dir='ltr'><strong>cui</strong></span> <span class='ocrx_word' id='word_1_773' title='bbox 1669 4939 1717 4992; x_wconf 90' lang='lat' dir='ltr'><strong>ille</strong></span> <span class='ocrx_word' id='word_1_774' title='bbox 1732 4938 1799 4992; x_wconf 90' lang='lat' dir='ltr'><strong>sub·</strong></span> 
     </span>
     <span class='ocr_line' id='line_1_75' title="bbox 72 5022 1800 5099; baseline 0.001 -21"><span class='ocrx_word' id='word_1_775' title='bbox 72 5022 149 5082; x_wconf 77' lang='lat' dir='ltr'><strong>tenere</strong></span> <span class='ocrx_word' id='word_1_776' title='bbox 175 5033 415 5084; x_wconf 86' lang='lat' dir='ltr'><strong>commemorant.</strong></span> <span class='ocrx_word' id='word_1_777' title='bbox 436 5028 492 5085; x_wconf 86' lang='lat' dir='ltr'><strong>Sed</strong></span> <span class='ocrx_word' id='word_1_778' title='bbox 511 5029 542 5084; x_wconf 94' lang='lat' dir='ltr'><strong>in</strong></span> <span class='ocrx_word' id='word_1_779' title='bbox 568 5029 619 5084; x_wconf 90' lang='lat' dir='ltr'><strong>illo</strong></span> <span class='ocrx_word' id='word_1_780' title='bbox 649 5034 773 5084; x_wconf 86' lang='lat' dir='ltr'><strong>tractatu</strong></span> <span class='ocrx_word' id='word_1_781' title='bbox 800 5031 898 5084; x_wconf 87' lang='lat' dir='ltr'><strong>Patres</strong></span> <span class='ocrx_word' id='word_1_782' title='bbox 950 5028 1050 5099; x_wconf 88' lang='lat' dir='ltr'><strong>jecisse</strong></span> <span class='ocrx_word' id='word_1_783' title='bbox 1065 5026 1275 5096; x_wconf 88' lang='lat' dir='ltr'><strong>diciturcaput,</strong></span> <span class='ocrx_word' id='word_1_784' title='bbox 1290 5029 1375 5097; x_wconf 88' lang='lat' dir='ltr'><strong>atque</strong></span> <span class='ocrx_word' id='word_1_785' title='bbox 1399 5027 1526 5081; x_wconf 84' lang='lat' dir='ltr'><strong>dixisse:</strong></span> <span class='ocrx_word' id='word_1_786' title='bbox 1552 5028 1651 5082; x_wconf 88' lang='lat' dir='ltr'><strong>Nullus</strong></span> <span class='ocrx_word' id='word_1_787' title='bbox 1667 5031 1724 5080; x_wconf 86' lang='lat' dir='ltr'><strong>tam</strong></span> <span class='ocrx_word' id='word_1_788' title='bbox 1748 5027 1800 5081; x_wconf 92' lang='lat' dir='ltr'><strong>dn·</strong></span> 
     </span>
    </p>
   </div>
   <div class='ocr_carea' id='block_1_11' title="bbox 67 5169 1802 5384">
    <p class='ocr_par' dir='ltr' id='par_1_13' title="bbox 67 5169 1802 5384">
     <span class='ocr_line' id='line_1_76' title="bbox 95 5169 1801 5242; baseline -0.002 -17"><span class='ocrx_word' id='word_1_789' title='bbox 95 5171 435 5242; x_wconf 75' lang='lat' dir='ltr'><strong>‘Corruptaverbazsic</strong></span> <span class='ocrx_word' id='word_1_790' title='bbox 458 5178 554 5228; x_wconf 90' lang='lat' dir='ltr'><strong>autem</strong></span> <span class='ocrx_word' id='word_1_791' title='bbox 574 5173 778 5227; x_wconf 86' lang='lat' dir='ltr'><strong>emendanda:</strong></span> <span class='ocrx_word' id='word_1_792' title='bbox 804 5173 834 5227; x_wconf 88' lang='lat' dir='ltr'><strong>id</strong></span> <span class='ocrx_word' id='word_1_793' title='bbox 861 5179 899 5228; x_wconf 87' lang='lat' dir='ltr'><strong>est</strong></span> <span class='ocrx_word' id='word_1_794' title='bbox 953 5171 988 5226; x_wconf 92' lang='lat' dir='ltr'><strong>ad</strong></span> <span class='ocrx_word' id='word_1_795' title='bbox 1015 5169 1194 5226; x_wconf 84' lang='lat' dir='ltr'><strong>Gratianum.</strong></span> <span class='ocrx_word' id='word_1_796' title='bbox 1218 5184 1280 5239; x_wconf 85' lang='lat' dir='ltr'><strong>cap.</strong></span> <span class='ocrx_word' id='word_1_797' title='bbox 1306 5169 1322 5221; x_wconf 78' lang='grc'>4</span> <span class='ocrx_word' id='word_1_798' title='bbox 1347 5170 1515 5223; x_wconf 85' lang='lat' dir='ltr'><strong>:Dominum</strong></span> <span class='ocrx_word' id='word_1_799' title='bbox 1543 5169 1696 5237; x_wconf 70' lang='lat' dir='ltr'><strong>maiestatis</strong></span> <span class='ocrx_word' id='word_1_800' title='bbox 1717 5171 1801 5222; x_wconf 81' lang='lat' dir='ltr'><strong>cruci-</strong></span> 
     </span>
     <span class='ocr_line' id='line_1_77' title="bbox 69 5237 1802 5315; baseline 0.001 -23"><span class='ocrx_word' id='word_1_801' title='bbox 69 5237 200 5309; x_wconf 77' lang='lat' dir='ltr'><strong>chaaid,</strong></span> <span class='ocrx_word' id='word_1_802' title='bbox 216 5243 265 5297; x_wconf 86' lang='lat' dir='ltr'><strong>sed</strong></span> <span class='ocrx_word' id='word_1_803' title='bbox 279 5243 433 5308; x_wconf 85' lang='lat' dir='ltr'><strong>secundnm,</strong></span> <span class='ocrx_word' id='word_1_804' title='bbox 451 5250 560 5308; x_wconf 86' lang='lat' dir='ltr'><strong>etc.,ex</strong></span> <span class='ocrx_word' id='word_1_805' title='bbox 576 5245 748 5315; x_wconf 86' lang='lat' dir='ltr'><strong>llieronymo</strong></span> <span class='ocrx_word' id='word_1_806' title='bbox 764 5243 813 5297; x_wconf 90' lang='lat' dir='ltr'><strong>lib.</strong></span> <span class='ocrx_word' id='word_1_807' title='bbox 830 5260 856 5296; x_wconf 83' lang='grc' dir='ltr'><strong>ιιι</strong></span> <span class='ocrx_word' id='word_1_808' title='bbox 869 5245 899 5298; x_wconf 92' lang='lat' dir='ltr'><strong>in</strong></span> <span class='ocrx_word' id='word_1_809' title='bbox 952 5246 1039 5312; x_wconf 61' lang='lat' dir='ltr'><strong>mum</strong></span> <span class='ocrx_word' id='word_1_810' title='bbox 1068 5256 1132 5305; x_wconf 83' lang='lat' dir='ltr'><strong>esse,</strong></span> <span class='ocrx_word' id='word_1_811' title='bbox 1163 5255 1215 5294; x_wconf 80' lang='lat' dir='ltr'><strong>noar</strong></span> <span class='ocrx_word' id='word_1_812' title='bbox 1240 5244 1321 5309; x_wconf 83' lang='lat' dir='ltr'><strong>quasi</strong></span> <span class='ocrx_word' id='word_1_813' title='bbox 1347 5242 1376 5294; x_wconf 82' lang='lat' dir='ltr'><strong>in</strong></span> <span class='ocrx_word' id='word_1_814' title='bbox 1397 5241 1540 5309; x_wconf 79' lang='lat' dir='ltr'><strong>majestate</strong></span> <span class='ocrx_word' id='word_1_815' title='bbox 1564 5254 1614 5294; x_wconf 80' lang='lat' dir='ltr'><strong>saca</strong></span> <span class='ocrx_word' id='word_1_816' title='bbox 1641 5240 1802 5308; x_wconf 70' lang='lat' dir='ltr'><strong>crunfianm</strong></span> 
     </span>
     <span class='ocr_line' id='line_1_78' title="bbox 67 5307 1162 5384; baseline 0 -20"><span class='ocrx_word' id='word_1_817' title='bbox 67 5307 162 5378; x_wconf 88' lang='lat' dir='ltr'><strong>llattb.,</strong></span> <span class='ocrx_word' id='word_1_818' title='bbox 182 5329 245 5383; x_wconf 89' lang='lat' dir='ltr'><strong>cap.</strong></span> <span class='ocrx_word' id='word_1_819' title='bbox 275 5329 344 5379; x_wconf 82' lang='lat' dir='ltr'><strong>nu,</strong></span> <span class='ocrx_word' id='word_1_820' title='bbox 371 5316 416 5380; x_wconf 75' lang='lat'><strong>44,</strong></span> <span class='ocrx_word' id='word_1_821' title='bbox 441 5315 488 5369; x_wconf 91' lang='lat' dir='ltr'><strong>uhi</strong></span> <span class='ocrx_word' id='word_1_822' title='bbox 512 5315 629 5384; x_wconf 90' lang='lat' dir='ltr'><strong>inquit:</strong></span> <span class='ocrx_word' id='word_1_823' title='bbox 659 5318 786 5370; x_wconf 84' lang='lat' dir='ltr'><strong>Dominus</strong></span> <span class='ocrx_word' id='word_1_824' title='bbox 813 5317 900 5382; x_wconf 76' lang='lat' dir='ltr'><strong>igitar</strong></span> <span class='ocrx_word' id='word_1_825' title='bbox 951 5318 1086 5382; x_wconf 85' lang='lat' dir='ltr'><strong>putemus,</strong></span> <span class='ocrx_word' id='word_1_826' title='bbox 1110 5317 1162 5365; x_wconf 89' lang='lat' dir='ltr'><strong>etc.</strong></span> 
     </span>
    </p>
   </div>
   <div class='ocr_carea' id='block_1_12' title="bbox 60 5378 1801 5668">
    <p class='ocr_par' dir='ltr' id='par_1_14' title="bbox 60 5378 1801 5596">
     <span class='ocr_line' id='line_1_79' title="bbox 68 5378 1801 5454; baseline -0.001 -18"><span class='ocrx_word' id='word_1_827' title='bbox 68 5382 142 5436; x_wconf 70' lang='lat' dir='ltr'><strong>Dorici</strong></span> <span class='ocrx_word' id='word_1_828' title='bbox 162 5390 285 5450; x_wconf 74' lang='lat' dir='ltr'><strong>ematur,</strong></span> <span class='ocrx_word' id='word_1_829' title='bbox 301 5399 354 5438; x_wconf 88' lang='lat' dir='ltr'><strong>nou</strong></span> <span class='ocrx_word' id='word_1_830' title='bbox 376 5385 523 5440; x_wconf 83' lang='lat' dir='ltr'><strong>secondum</strong></span> <span class='ocrx_word' id='word_1_831' title='bbox 538 5386 569 5439; x_wconf 82' lang='lat' dir='ltr'><strong>id</strong></span> <span class='ocrx_word' id='word_1_832' title='bbox 583 5386 655 5454; x_wconf 85' lang='lat' dir='ltr'><strong>qnod</strong></span> <span class='ocrx_word' id='word_1_833' title='bbox 667 5386 700 5440; x_wconf 84' lang='lat' dir='ltr'><strong>da</strong></span> <span class='ocrx_word' id='word_1_834' title='bbox 714 5390 834 5440; x_wconf 85' lang='lat' dir='ltr'><strong>eonatus</strong></span> <span class='ocrx_word' id='word_1_835' title='bbox 849 5390 897 5451; x_wconf 87' lang='lat' dir='ltr'><strong>est,</strong></span> <span class='ocrx_word' id='word_1_836' title='bbox 989 5391 999 5415; x_wconf 77' lang='lat'><strong>⁰</strong></span> <span class='ocrx_word' id='word_1_837' title='bbox 1018 5383 1078 5448; x_wconf 79' lang='lat' dir='ltr'><strong>lis,</strong></span> <span class='ocrx_word' id='word_1_838' title='bbox 1094 5381 1277 5436; x_wconf 83' lang='lat' dir='ltr'><strong>substantium</strong></span> <span class='ocrx_word' id='word_1_839' title='bbox 1292 5397 1298 5436; x_wconf 93' lang='lat'><strong>:</strong></span> <span class='ocrx_word' id='word_1_840' title='bbox 1314 5381 1363 5435; x_wconf 88' lang='lat' dir='ltr'><strong>sed</strong></span> <span class='ocrx_word' id='word_1_841' title='bbox 1379 5380 1408 5434; x_wconf 90' lang='lat' dir='ltr'><strong>in</strong></span> <span class='ocrx_word' id='word_1_842' title='bbox 1432 5378 1577 5435; x_wconf 88' lang='lat' dir='ltr'><strong>Ambrosii</strong></span> <span class='ocrx_word' id='word_1_843' title='bbox 1594 5383 1683 5446; x_wconf 79' lang='lat' dir='ltr'><strong>textit,</strong></span> <span class='ocrx_word' id='word_1_844' title='bbox 1699 5396 1761 5451; x_wconf 90' lang='lat' dir='ltr'><strong>cap.</strong></span> <span class='ocrx_word' id='word_1_845' title='bbox 1786 5384 1801 5435; x_wconf 76' lang='lat' dir='ltr'><strong>a</strong></span> 
     </span>
     <span class='ocr_line' id='line_1_80' title="bbox 63 5452 1464 5527; baseline -0.001 -19"><span class='ocrx_word' id='word_1_846' title='bbox 63 5454 102 5508; x_wconf 79' lang='lat' dir='ltr'><strong>sed</strong></span> <span class='ocrx_word' id='word_1_847' title='bbox 110 5453 195 5525; x_wconf 78' lang='lat' dir='ltr'><strong>juata</strong></span> <span class='ocrx_word' id='word_1_848' title='bbox 209 5455 240 5509; x_wconf 86' lang='lat' dir='ltr'><strong>id</strong></span> <span class='ocrx_word' id='word_1_849' title='bbox 251 5454 324 5522; x_wconf 85' lang='lat' dir='ltr'><strong>quod</strong></span> <span class='ocrx_word' id='word_1_850' title='bbox 342 5461 423 5510; x_wconf 85' lang='lat' dir='ltr'><strong>natus</strong></span> <span class='ocrx_word' id='word_1_851' title='bbox 436 5471 469 5509; x_wconf 84' lang='lat' dir='ltr'><strong>car</strong></span> <span class='ocrx_word' id='word_1_852' title='bbox 492 5459 574 5511; x_wconf 84' lang='lat' dir='ltr'><strong>Patre</strong></span> <span class='ocrx_word' id='word_1_853' title='bbox 590 5472 696 5527; x_wconf 85' lang='lat' dir='ltr'><strong>semper</strong></span> <span class='ocrx_word' id='word_1_854' title='bbox 708 5459 774 5524; x_wconf 68' lang='lat' dir='ltr'><strong>ficit,</strong></span> <span class='ocrx_word' id='word_1_855' title='bbox 796 5471 899 5525; x_wconf 80' lang='lat' dir='ltr'><strong>prave-</strong></span> <span class='ocrx_word' id='word_1_856' title='bbox 955 5452 1021 5508; x_wconf 90' lang='lat' dir='ltr'><strong>libri</strong></span> <span class='ocrx_word' id='word_1_857' title='bbox 1032 5453 1067 5506; x_wconf 88' lang='lat' dir='ltr'><strong>de</strong></span> <span class='ocrx_word' id='word_1_858' title='bbox 1078 5452 1284 5514; x_wconf 84' lang='lat' dir='ltr'><strong>incarnatione,</strong></span> <span class='ocrx_word' id='word_1_859' title='bbox 1296 5452 1464 5507; x_wconf 82' lang='lat' dir='ltr'><strong>substantiae.</strong></span> 
     </span>
     <span class='ocr_line' id='line_1_81' title="bbox 60 5521 1281 5596; baseline 0.007 -17"><span class='ocrx_word' id='word_1_860' title='bbox 60 5528 130 5580; x_wconf 77' lang='lat' dir='ltr'><strong>aiens</strong></span> <span class='ocrx_word' id='word_1_861' title='bbox 145 5529 235 5594; x_wconf 79' lang='lat' dir='ltr'><strong>ipsam</strong></span> <span class='ocrx_word' id='word_1_862' title='bbox 250 5526 342 5580; x_wconf 83' lang='lat' dir='ltr'><strong>cornis</strong></span> <span class='ocrx_word' id='word_1_863' title='bbox 356 5541 412 5581; x_wconf 76' lang='lat' dir='ltr'><strong>sna</strong></span> <span class='ocrx_word' id='word_1_864' title='bbox 424 5531 540 5596; x_wconf 83' lang='lat' dir='ltr'><strong>patrem.</strong></span> <span class='ocrx_word' id='word_1_865' title='bbox 988 5521 1001 5559; x_wconf 73' lang='lat'><strong>¹¹</strong></span> <span class='ocrx_word' id='word_1_866' title='bbox 1017 5523 1054 5577; x_wconf 85' lang='lat' dir='ltr'><strong>ils</strong></span> <span class='ocrx_word' id='word_1_867' title='bbox 1070 5564 1076 5586; x_wconf 74' lang='lat' dir='ltr'><strong>t</strong></span> <span class='ocrx_word' id='word_1_868' title='bbox 1094 5525 1281 5578; x_wconf 66' lang='lat' dir='ltr'><strong>Antistiimt&#39;s·</strong></span> 
     </span>
    </p>

    <p class='ocr_par' dir='ltr' id='par_1_15' title="bbox 87 5595 898 5668">
     <span class='ocr_line' id='line_1_82' title="bbox 87 5595 898 5668; baseline -0.004 -17"><span class='ocrx_word' id='word_1_869' title='bbox 87 5597 222 5651; x_wconf 69' lang='lat' dir='ltr'><strong>rossum</strong></span> <span class='ocrx_word' id='word_1_870' title='bbox 239 5595 287 5651; x_wconf 87' lang='lat' dir='ltr'><strong>hio</strong></span> <span class='ocrx_word' id='word_1_871' title='bbox 301 5612 367 5667; x_wconf 81' lang='lat' dir='ltr'><strong>quae</strong></span> <span class='ocrx_word' id='word_1_872' title='bbox 381 5596 456 5668; x_wconf 87' lang='lat' dir='ltr'><strong>apud</strong></span> <span class='ocrx_word' id='word_1_873' title='bbox 468 5599 652 5653; x_wconf 88' lang='lat' dir='ltr'><strong>Ambrosium</strong></span> <span class='ocrx_word' id='word_1_874' title='bbox 667 5602 778 5652; x_wconf 87' lang='lat' dir='ltr'><strong>exstant</strong></span> <span class='ocrx_word' id='word_1_875' title='bbox 796 5596 845 5651; x_wconf 91' lang='lat' dir='ltr'><strong>lib.</strong></span> <span class='ocrx_word' id='word_1_876' title='bbox 868 5613 898 5661; x_wconf 95' lang='lat' dir='ltr'><strong>u,</strong></span> 
     </span>
    </p>
   </div>
   <div class='ocr_carea' id='block_1_13' title="bbox 231 5695 504 5788">
    <p class='ocr_par' dir='ltr' id='par_1_16' title="bbox 231 5695 504 5788">
     <span class='ocr_line' id='line_1_83' title="bbox 231 5695 504 5788; baseline 0 -26"><span class='ocrx_word' id='word_1_877' title='bbox 231 5695 372 5762; x_wconf 77' lang='lat' dir='ltr'><strong>Parnon.</strong></span> <span class='ocrx_word' id='word_1_878' title='bbox 398 5695 504 5788; x_wconf 68' lang='lat' dir='ltr'><strong>cxxi.</strong></span> 
     </span>
    </p>
   </div>
   <div class='ocr_carea' id='block_1_14' title="bbox 0 0 1976 6098">
    <p class='ocr_par' dir='ltr' id='par_1_17' title="bbox 0 0 1976 6098">
     <span class='ocr_line' id='line_1_84' title="bbox 0 0 1976 6098; baseline 0 0"><span class='ocrx_word' id='word_1_879' title='bbox 0 0 1976 6098; x_wconf 95' lang='lat' dir='ltr'><strong> </strong></span> 
     </span>
    </p>
   </div>
  </div>
 </body>
</html>
