3930 6098
59 240 113 295 sss
558 236 698 296 curras
716 235 921 295 aaacoauu
942 224 1118 295 errastis.
1133 269 1167 278 -
1188 239 1256 295 ua.
1282 239 1317 297 ιι.
1761 245 1813 300 ssa

59 374 184 431 Trinitas
205 373 350 446 loquitur;
376 373 443 446 quia
465 374 536 428 nihil
563 380 642 428 extra
664 391 693 429 se
717 375 840 429 Trinitas
867 375 907 429 lu·
926 373 1042 429 Alione
1065 375 1220 446 procedere
1237 375 1376 446 Spiritum
1406 380 1465 431 tum
1493 379 1528 432 de
1552 379 1634 433 Patre
1663 395 1750 451 quum
1778 381 1813 434 de

60 464 170 535 quitur,
182 464 250 534 quia
265 480 322 518 non
342 463 480 519 dividitur
493 479 510 516 a
524 479 564 530 se,
582 479 634 517 nec
649 467 808 534 separatur.
966 463 1046 527 Filio,
1061 463 1129 519 dum
1152 463 1259 534 legitur
1282 466 1360 535 qriod
1385 465 1422 520 sit
1448 465 1571 537 Spiritus
1591 467 1649 522 oris
1668 472 1697 523 et
1718 469 1811 524 Patris

95 549 170 603 ltem
194 549 323 620 eiusdem
350 549 447 618 operis
475 549 505 602 ιιι
533 549 616 602 tertio
650 548 840 619 libelloldhp.
861 548 908 618 l):
965 557 994 606 et
1010 552 1082 607 Filii.

61 638 163 692 «Nam
189 637 347 692 secundum
370 636 550 692 divinitatem
575 653 632 691 non
656 653 743 708 supra
767 636 910 691 Christum
1001 640 1184 711 Persequitur
1210 641 1309 696 beatus
1338 641 1505 696 Ambrosius
1533 645 1606 713 (cup.
1647 645 1674 714 8)
1708 645 1811 700 indivi-

60 731 103 781 est
117 725 254 797 Spiritus,
276 726 326 779 sed
350 725 380 778 in
404 725 518 780 Christo
549 724 647 796 :quia
670 725 743 806 sicut
771 726 855 779 Pater
880 724 910 778 in
965 729 1051 784 diram
1072 745 1186 784 manere
1200 730 1342 784 unitatem
1355 735 1414 783 tam
1439 731 1543 784 Christi
1566 749 1654 803 quam
1690 734 1813 805 Spiritus

61 813 288 880 Filiu,etl·'ilius
311 813 455 879 inPatre;
485 813 525 867 ita
545 813 595 866 liei
610 812 733 884 Spiritus
746 817 775 866 et
788 812 911 883 Spiritus
965 819 1033 890 quia
1051 839 1065 868 α
1086 835 1179 890 neque
1194 819 1321 874 Christus
1341 818 1402 874 sine
1425 820 1543 887 Spiritu,
1568 839 1662 893 neque
1690 824 1813 894 Spiritus

61 901 210 956 christiin
225 900 529 956 Patr-castellitio.»
559 901 843 956 Beatiisllmbrosius
868 902 911 955 di·
965 908 1056 979 possit
1069 923 1130 962 esse
1145 908 1208 961 sine
1227 908 1350 963 Christo.
1366 929 1380 957 «
1408 908 1469 962 Non
1485 914 1577 979 potest
1600 925 1660 964 esse
1686 911 1813 966 Christus

60 1006 124 1045 eous
139 990 301 1045 secundum
316 989 494 1045 divinitatem
509 989 648 1061 Spiritum
665 1006 723 1044 ιιοιι
738 1007 800 1045 esse
824 1007 912 1061 super
965 995 1026 1050 sine
1054 995 1172 1066 Spiritu,
1198 999 1335 1067 tanquam
1365 995 1684 1064 sihilconsubstautiali,
1712 1003 1739 1053 et
1762 999 1812 1070 qui

61 1079 216 1146 Christum,
233 1077 284 1132 sed
296 1078 327 1132 in
343 1078 465 1145 Christo,
479 1077 616 1132 discernit
628 1078 837 1134 humanitatem
848 1080 911 1149 ejus
966 1069 1043 1138 exse
1060 1084 1207 1154 procedat,
1238 1099 1332 1154 neque
1358 1099 1456 1138 rursus
1480 1084 1604 1154 Spiritus
1632 1088 1725 1155 potest
1752 1101 1812 1140 esse

61 1167 249 1221 adirinitate.
268 1167 400 1238 Legimus
416 1166 445 1220 ιιι
465 1167 631 1238 Evangelio,
647 1167 717 1239 quia
732 1168 910 1239 veuitSpiri·
965 1172 1026 1225 sinu
1037 1172 1157 1239 Christo,
1181 1172 1375 1243 tanquamcui
1398 1173 1648 1227 consubstantialis
1674 1176 1726 1239 est,
1754 1177 1813 1227 eta

62 1261 105 1310 tus
119 1261 236 1311 sanctus
251 1272 338 1327 super
351 1254 540 1325 salvatorem,
561 1262 589 1309 ot
605 1257 709 1311 mansit
720 1272 807 1328 snper
821 1273 887 1311 eum
902 1273 909 1310 ε
966 1274 1024 1329 quo
1041 1259 1149 1329 accepit
1175 1275 1354 1331 quaecunque
1367 1260 1496 1315 Christus
1511 1260 1605 1315 babet.
1626 1260 1812 1316 Connectitur

62 1351 88 1398 et
102 1346 187 1399 Pater
200 1345 331 1416 loquitur
348 1345 450 1399 loanni
466 1361 473 1398 :
490 1345 577 1414 Super
592 1360 673 1414 quem
693 1345 798 1400 rideris
820 1347 910 1414 Spiri-
966 1363 1050 1402 causa
1064 1364 1115 1402 cur
1128 1349 1168 1403 ita
1182 1348 1220 1402 sit
1234 1348 1366 1403 videlicet
1382 1369 1395 1400 u
1412 1348 1555 1420 quonium·
1570 1365 1629 1403 non
1651 1353 1747 1420 potest
1770 1349 1812 1403 di-

62 1438 116 1487 turn
135 1433 338 1488 descendentem
363 1439 388 1488 et
410 1438 560 1488 mouentem
583 1448 665 1503 super
692 1448 752 1487 eum
779 1437 868 1501 (loun.
890 1450 910 1499 1,
967 1434 1042 1489 vinu
1060 1440 1171 1490 natarre
1198 1436 1292 1491 unitas
1315 1437 1451 1507 separari.
1474 1457 1487 1484 a
1509 1437 1567 1491 lluc
1590 1437 1687 1491 dicens
1708 1437 1814 1491 letetur
1883 1485 1888 1492 .

62 1522 114 1592 ³3).
145 1523 246 1592 ltaque
275 1523 432 1576 secundum
453 1523 663 1576 humanitatem
690 1523 766 1576 seuit
787 1522 911 1593 Spiritus
968 1529 1098 1578 naturam
1114 1525 1228 1591 Christi,
1255 1530 1388 1580 naturam
1403 1541 1463 1579 esse
1478 1524 1612 1593 Spiritus,
1636 1530 1813 1581 eluaturum

61 1626 145 1681 super
164 1610 320 1676 Christum,
336 1617 366 1665 et
381 1611 488 1665 mansit
503 1627 590 1682 super
604 1611 714 1681 ipsum;
731 1615 759 1665 at
780 1628 847 1665 vero
864 1627 910 1665 se·
966 1612 1087 1683 Spiritus
1103 1618 1234 1668 naturam
1253 1628 1313 1666 esse
1334 1613 1449 1679 Christi,
1477 1629 1529 1667 nec
1555 1613 1673 1667 unitatis
1694 1629 1814 1684 compu-

60 1698 186 1753 cuudum
215 1699 393 1754 divinitatem
423 1706 521 1753 manet
556 1700 586 1752 ιιι
620 1699 743 1766 Christo,
772 1700 911 1771 quoniam
966 1701 1138 1772 gemaliquu
1155 1701 1240 1755 modo
1257 1717 1341 1772 posse
1353 1702 1491 1772 separari,
1505 1706 1612 1772 praeter
1626 1718 1712 1772 quani
1725 1702 1813 1755 Filius

60 1787 182 1858 aequalis
214 1792 258 1841 cst
285 1787 350 1858 ipsi,
381 1788 529 1859 utriusque
554 1787 721 1842 substantias
743 1804 808 1841 curu
834 1789 909 1858 ipso,
967 1795 1059 1855 natus,
1088 1789 1210 1860 Spiritus
1233 1806 1300 1844 vero
1318 1789 1490 1860 procedens;
1518 1789 1567 1843 sed
1590 1791 1652 1844 brec
1679 1805 1739 1843 non
1758 1790 1812 1844 sub

61 1876 133 1929 sicut
146 1881 175 1929 et
197 1876 232 1930 de
247 1877 330 1930 l’atre
344 1876 486 1943 scribitur,
504 1876 580 1946 qrrud
605 1881 721 1931 maneat
735 1877 764 1929 in
787 1876 867 1944 Filio,
884 1881 912 1930 et
966 1878 1227 1945 stantiamiaciunt,
1243 1877 1294 1932 sed
1306 1877 1476 1932 relationem
1501 1877 1667 1932 ostendunt.
1690 1877 1812 1932 iuferius

62 1964 192 2018 l‘iliusiu
220 1965 313 2018 Patre.
339 1963 418 2029 Quod
450 1964 608 2034 subJunxit,
639 1965 778 2035 Spiritum
808 1965 867 2033 Dei,
884 1970 913 2019 et
966 1967 1147 2037 loquimus
1165 1967 1281 2020 Lectum
1296 1970 1347 2031 est,
1368 1965 1437 2036 quia
1455 1966 1540 2020 Verbi
1560 1966 1672 2037 gladius
1690 1965 1813 2037 Spiritus
1911 1999 1914 2002 <

60 2051 200 2121 Spiritum
214 2052 319 2107 Christi
335 2052 364 2106 iu
379 2054 461 2107 l‘atre
477 2068 604 2120 manere,
622 2068 672 2106 scu
695 2053 776 2118 Filio,
792 2058 913 2108 testatur
965 2057 1001 2109 sit
1016 2072 1023 2109 ε
1039 2055 1172 2109 similiter
1188 2056 1290 2108 lectum
1310 2060 1362 2117 est,
1378 2054 1447 2126 quia
1459 2053 1582 2124 Spiritus
1597 2054 1687 2108 sancti
1697 2054 1813 2124 gladius

61 2156 151 2195 unum
170 2140 321 2211 utriusque
336 2139 486 2212 Spiritum,
503 2159 537 2194 eo
560 2141 687 2212 quodab
705 2146 826 2212 utroque
847 2159 911 2212 pro·
967 2144 1090 2198 Vcrhum
1106 2144 1156 2198 llei
1175 2143 1338 2212 sittdpbes.
1364 2159 1402 2211 rr,
1420 2143 1473 2204 ιιι.
1499 2142 1562 2196 »Et
1591 2142 1739 2196 nonnullis
1762 2158 1814 2213 per

60 2228 150 2292 cedat,
171 2234 326 2283 etmaaeat
340 2245 392 2299 per
406 2228 733 2285 consubstantialitatem
754 2230 786 2284 in
813 2230 911 2284 ambo·
965 2233 1191 2303 assumptionem
1208 2232 1383 2301 interpositis
1397 2230 1559 2301 colligendo
1579 2231 1729 2300 conclusit,
1749 2229 1812 2284 ita:

61 2317 120 2370 bus.
137 2317 315 2388 Subjunxit:
335 2318 454 2372 «Manet
468 2317 547 2372 enim
571 2317 602 2371 ιιι
623 2320 689 2386 heo,
707 2320 776 2390 quia
791 2335 826 2374 ex
853 2321 911 2374 lleu
967 2341 981 2373 u
1002 2320 1073 2376 Cum
1089 2320 1178 2392 igitur
1195 2320 1280 2374 Verbi
1304 2320 1417 2391 gladius
1440 2319 1564 2391 Spiritus
1584 2323 1698 2374 sanatus
1718 2317 1765 2387 sit,
1786 2324 1815 2372 et

59 2412 111 2472 est,
131 2407 207 2460 sieut
237 2406 374 2477 scriptum
399 2411 484 2472 est3n
515 2408 674 2462 Nosuutem
699 2409 912 2479 conspiratum
966 2410 1090 2479 Spiritus
1108 2409 1199 2463 sancti
1214 2408 1325 2479 gladius
1339 2408 1463 2463 Verbum
1478 2409 1524 2476 sit,
1542 2407 1641 2479 utique
1664 2407 1758 2460 unitas
1773 2413 1815 2461 est

60 2495 140 2563 bajus
159 2494 259 2548 mnndi
279 2497 441 2564 occepimus,
467 2494 515 2550 sed
528 2496 664 2564 Spiritum
689 2499 738 2566 qui
751 2512 785 2551 ec
806 2499 912 2552 licceat
965 2499 1111 2571 potentiae.
1129 2499 1212 2553 »Sed
1238 2498 1351 2567 gladius
1366 2498 1450 2552 Verbi
1476 2497 1547 2569 quid
1572 2502 1615 2551 est
1636 2496 1692 2552 nisi
1715 2496 1811 2567 ipsum

60 2583 81 2649 ll
98 2584 165 2637 Cor.
192 2599 223 2651 ιι,
252 2584 311 2653 lil3
338 2588 367 2637 et
387 2588 484 2637 manet
509 2585 538 2637 ιιι
563 2583 674 2638 Christo
687 2583 911 2656 quiaaChristo
967 2587 1156 2643 Verbum‘lEt
1169 2586 1279 2657 gladius
1294 2584 1415 2658 Spiritus
1430 2586 1501 2657 quid
1527 2591 1578 2650 est,
1594 2585 1651 2640 nisi
1675 2584 1813 2657 ipseSpi·

59 2673 178 2741 accepit,
195 2678 224 2727 ct
240 2672 270 2726 in
291 2672 401 2727 Christo
417 2677 469 2728 est.
487 2673 558 2738 Quia
569 2674 674 2727 iterum
689 2676 827 2745 scriptum
848 2678 909 2728 est:
967 2675 1059 2731 ritus‘t
1075 2677 1111 2730 Ex
1127 2691 1183 2746 qno
1202 2674 1347 2745 colligitur
1364 2674 1433 2744 quia
1457 2673 1580 2744 Spiritus
1595 2679 1710 2728 sanetus
1731 2674 1814 2727 Verbi

61 2760 355 2830 ltledemeuucripiet
376 2763 465 2829 (loun.
492 2778 549 2831 xvi,
578 2763 628 2829 14).
660 2763 740 2817 Unde
769 2768 812 2816 est
842 2778 911 2833 ergo
966 2770 1008 2819 est
1021 2763 1154 2834 Spiritus,
1170 2764 1252 2834 cujus
1271 2768 1314 2817 est
1329 2762 1451 2833 gladius,
1480 2768 1509 2817 et
1536 2762 1661 2818 Verbum
1688 2761 1811 2833 Spiritus

60 2865 92 2902 ex
109 2851 168 2903 hee
192 2848 336 2920 Spiritus?
351 2865 456 2920 nempe
483 2851 551 2921 quia
574 2851 703 2922 procedit
720 2867 754 2905 ex
785 2852 852 2906 lieo.
881 2853 913 2906 Et
966 2851 1281 2922 sauctiest,cujusest
1299 2851 1426 2922 gladius;
1453 2851 1589 2923 quoniam
1613 2850 1812 2905 nec'Verbuni

61 2937 134 2991 uude
149 2938 262 3008 accepit
277 2955 293 2991 a
309 2937 441 2993 Christo?
466 2941 547 2994 Certe
561 2939 630 3010 quia
650 2940 780 3011 procedit
796 2957 812 2994 a
834 2941 911 2995 Chri·
931 2940 1027 3012 gsine
1038 2939 1147 3010 Spiritu
1158 2943 1267 3008 sanctu,
1285 2954 1336 2993 uec
1353 2938 1476 3010 Spiritus
1490 2943 1604 2993 sanctus
1625 2938 1687 2993 sine
1711 2938 1812 3004 Verbo,

61 3030 111 3080 stu.
132 3027 165 3081 Et
187 3026 264 3081 unde
285 3033 382 3081 manet
402 3031 461 3082 tam
485 3028 515 3081 in
536 3029 593 3082 lieo
617 3045 705 3100 quem
724 3029 754 3083 in
778 3029 910 3085 Christe?
964 3029 1102 3101 quonium
1116 3027 1200 3081 unius
1216 3031 1283 3081 sunt
1295 3026 1479 3097 operationis,
1496 3026 1682 3098 ejusdemque
1708 3033 1815 3097 poten·

61 3114 180 3169 Prorsus
195 3114 264 3185 quia
275 3115 526 3170 consubstantialis
546 3121 589 3170 est
608 3117 769 3189 utriusque.
792 3118 866 3172 Dicit
880 3117 910 3172 in
964 3120 1021 3172 tiu.
1047 3118 1119 3172 Cum
1142 3117 1182 3170 itu
1203 3115 1252 3181 sit,
1279 3131 1338 3169 non
1352 3119 1474 3185 possunt
1496 3114 1657 3168 substantia
1674 3113 1813 3183 separari,

61 3193 355 3274 sequentihus'uupp.
383 3208 409 3272 7,
433 3206 460 3274 8)
497 3206 616 3275 loquens
644 3207 679 3260 de
706 3205 907 3260 Antichristo:
963 3220 1057 3275 neque
1089 3204 1234 3258 voluntate
1258 3202 1369 3257 dividi:
1407 3202 1496 3273 igitur
1530 3201 1620 3255 unius
1647 3201 1812 3255 substantie

63 3292 175 3358 «Quem
196 3294 325 3346 οοιιιιιιιιι
340 3294 417 3348 lesus
441 3296 585 3363 interficiet
605 3297 717 3365 Spiritu
736 3297 792 3351 oris
808 3298 853 3350 sui
870 3296 912 3363 (ll
962 3295 1106 3364 uniusque
1130 3292 1286 3347 voluntatis
1312 3292 1399 3346 Filius
1412 3296 1440 3345 et
1461 3291 1585 3362 Spiritus
1610 3294 1725 3344 sauctus
1750 3289 1811 3343 exi·

64 3379 504 3453 Tbes.u,8l.llicuunacquisita
517 3383 609 3453 gratia
628 3384 737 3450 ast,sed
758 3384 908 3438 individua
963 3385 1079 3448 stantes,
1099 3381 1229 3452 procedit
1253 3381 1325 3435 alter
1340 3380 1375 3434 ab
1398 3380 1497 3446 altero,
1517 3379 1546 3434 id
1574 3383 1618 3432 est
1639 3377 1763 3448 Spiritus
1780 3392 1813 3432 ex

62 3475 153 3523 manet
174 3468 286 3535 unitas;
317 3468 385 3540 quia
412 3484 506 3541 neque
534 3470 662 3525 Christus
692 3471 753 3527 sino
788 3471 907 3543 Spiritu,
963 3469 1043 3538 Filio,
1062 3469 1200 3541 quonium
1227 3469 1315 3525 Filius
1336 3475 1422 3524 natus
1446 3468 1482 3523 de
1510 3470 1603 3536 Patre,
1627 3465 1725 3521 omnia
1748 3472 1814 3537 quea

62 3573 151 3630 neque
171 3556 297 3626 Spiritus
315 3562 411 3628 potest
430 3573 491 3613 esse
508 3559 571 3617 sine
590 3560 723 3614 Christo:
752 3577 810 3615 non
832 3562 909 3616 enim
963 3559 1105 3613 nascendo
1129 3558 1240 3629 accepit
1261 3576 1278 3613 a
1300 3560 1393 3623 Patre,
1411 3557 1491 3613 dedit
1507 3556 1628 3628 Spiritui
1642 3598 1649 3623 ,
1661 3555 1813 3626 nonquasi

61 3643 396 3714 putestdirinaenaturae
423 3645 518 3700 unitas
533 3647 670 3718 separari.
688 3669 701 3696 n
726 3647 774 3704 llic
795 3665 909 3721 quoque
963 3647 1146 3712 minori‚nec
1169 3652 1306 3719 tanquam
1330 3653 1476 3714 extraneo,
1505 3646 1554 3701 sed
1581 3650 1720 3716 tanquam
1743 3659 1759 3697 a
1783 3659 1813 3698 sa

62 3738 172 3788 sanctos
184 3732 352 3788 Ambrosius
367 3732 555 3789 humanitatis
571 3751 602 3789 ac
624 3735 782 3790 divinitatis
803 3736 909 3793 Christi
962 3735 1137 3806 procedenti.

63 3823 270 3892 separationem
292 3821 425 3887 ostendit,
441 3839 499 3876 non
520 3823 596 3893 quod
616 3823 690 3880 alius
706 3822 744 3878 sit
767 3824 865 3892 humo,
881 3831 909 3881 et
998 3822 1159 3878 Videndum
1172 3826 1264 3877 aulem
1280 3823 1348 3893 quia
1371 3838 1437 3876 cum
1452 3820 1557 3876 dicitur
1570 3821 1693 3892 Spiritus
1722 3821 1813 3874 saneti

63 3910 131 3966 alius
148 3911 224 3965 Deus
239 3909 377 3976 Christus,
394 3910 443 3965 sed
456 3911 533 3982 qrrod
547 3912 690 3983 perlectus
706 3914 789 3980 lleus,
805 3920 834 3968 et
848 3931 907 3986 per·
963 3913 1076 3983 gladius
1092 3911 1225 3977 Verbum,
1247 3915 1276 3965 et
1300 3911 1384 3965 Verbi
1408 3909 1521 3980 gladius
1542 3908 1665 3980 Spiritus
1687 3912 1811 3974 sauctus,

63 3997 150 4053 lectus
164 3998 264 4063 homo,
281 3998 318 4052 sit
333 4014 408 4052 unus
431 3999 575 4068 Christus;
596 4000 683 4055 humo
704 4006 800 4057 tumen
817 4003 909 4073 gratia
963 4017 1021 4055 non
1034 4015 1221 4070 personarum
1235 3997 1452 4068 fitcunjuudtio,
1469 3996 1517 4050 sed
1531 3995 1708 4061 substancia,
1729 4010 1810 4049 muu-

65 4086 149 4141 lsctns
176 4092 221 4140 est
243 4087 340 4150 Dens:
368 4087 443 4141 lleus
469 4104 535 4143 vero
568 4094 671 4144 natura
703 4091 799 4146 existit
823 4092 907 4146 lleus.
963 4094 1068 4144 stratur
1089 4088 1232 4159 copulatio
1251 4092 1284 4142 ιιι
1298 4086 1382 4140 unius
1409 4085 1467 4139 siut
1481 4077 1657 4150 substantiae,
1670 4098 1735 4137 cum
1752 4098 1811 4138 non

64 4173 159 4245 ltaque
174 4189 242 4229 com
264 4173 371 4230 diceret
387 4193 393 4229 :
410 4179 493 4246 Quem
510 4180 639 4233 Dominus
657 4180 740 4234 Jesus
764 4181 910 4251 interficiet
963 4178 1020 4232 sint
1034 4178 1121 4232 unius
1138 4192 1278 4247 personae.
1296 4176 1342 4230 Est
1361 4179 1457 4229 autem
1473 4175 1546 4229 alter
1571 4189 1604 4228 ex
1624 4174 1726 4239 attero,
1746 4171 1811 4255 Spi-

66 4261 182 4332 Spiritus
197 4264 253 4316 oris
266 4264 319 4328 sui,
342 4268 370 4317 et
385 4264 573 4335 subjunxerit,
595 4281 653 4320 uon
669 4266 714 4320 bic
739 4267 909 4338 acquisitam
930 4253 1036 4320 Dritus
1052 4265 1184 4320 videlieet
1197 4280 1232 4318 ex
1246 4264 1326 4326 Filio,
1344 4278 1403 4317 non
1424 4278 1490 4316 reru
1520 4261 1608 4317 Filius
1632 4261 1667 4316 dc
1691 4258 1811 4331 Spiritu,

64 4350 183 4418 gretiam
197 4366 271 4414 esse,
284 4350 493 4409 humanitatem
511 4354 641 4420 removit,
659 4358 691 4409 nt
703 4354 826 4426 Spiritus
841 4355 910 4423 oris,
963 4355 1010 4409 sed
1025 4355 1060 4410 de
1072 4355 1166 4409 Patre.
1183 4352 1241 4407 Huc
1261 4352 1346 4408 modo
1356 4357 1470 4407 sanctus
1483 4349 1653 4405 Ambrosius
1666 4349 1710 4407 ⁴de
1724 4347 1813 4419 Spiri-

67 4453 117 4509 qao
136 4440 161 4494 si
185 4439 378 4494 Antichristus
400 4441 627 4510 interficiendus,
649 4443 808 4498 divinitatis
830 4444 911 4500 intel·
965 4444 1022 4499 ritu
1038 4448 1136 4497 sanctu
1151 4441 1277 4497 sentiens
1302 4445 1388 4512 atque
1414 4440 1574 4511 disputans,
1600 4454 1659 4492 non
1686 4429 1811 4508 impera·

67 4524 166 4598 igetur
183 4526 318 4598 Spiritus,
346 4527 478 4582 videlicet
500 4527 622 4599 Spiritus
646 4534 770 4594 sanctus,
791 4529 841 4601 qui
869 4535 912 4585 est
964 4530 1075 4585 toribus
1091 4531 1263 4591 Gracurum,
1283 4529 1416 4585 Gratiano
1441 4527 1571 4582 videlicet
1598 4532 1627 4581 et
1653 4525 1812 4581 Theodosio

67 4613 90 4668 in
104 4620 205 4670 sancta
218 4615 356 4670 'trinitate
371 4630 430 4669 una
452 4631 589 4687 persona:
608 4622 639 4670 ut
654 4617 732 4688 qnod
750 4617 800 4683 uit,
827 4619 910 4684 Quem
964 4619 1072 4690 ldajuri,
1096 4634 1218 4690 quorum
1252 4617 1432 4689 temporibus
1463 4616 1578 4683 enituit,
1606 4617 1650 4669 rel
1682 4614 1813 4686 ingratus

67 4703 189 4758 hunurm
214 4704 292 4758 lesus
318 4703 462 4775 interficiet
483 4706 590 4774 Spiritu
612 4708 666 4760 oris
691 4708 743 4772 sui,
770 4705 910 4777 Spiritum
964 4710 1008 4763 vel
1030 4708 1180 4762 hereticus
1204 4708 1280 4761 visus
1304 4711 1357 4774 est,
1383 4706 1433 4778 qui
1469 4711 1529 4760 tuto
1558 4710 1688 4759 sanctum
1718 4705 1812 4759 virum

68 4798 192 4847 anuum
221 4791 377 4864 intelligas,
401 4791 451 4864 qui
473 4793 509 4847 sit
537 4793 660 4863 Spiritus
690 4794 803 4849 Domini
832 4795 908 4849 lesu.
964 4794 1238 4862 amaracoluerunt,
1266 4799 1294 4848 et
1315 4794 1462 4865 praecipua
1483 4794 1669 4848 veneratione
1698 4807 1813 4860 semper

68 4877 779 4954 Simulridendum,quiscumdeeodemSpiritu
800 4882 911 4937 dicatur
964 4885 1100 4939 habuere.
1129 4885 1215 4954 Cujus
1241 4884 1407 4954 disputatio,
1440 4889 1469 4937 et
1497 4899 1550 4953 pru
1581 4881 1726 4937 Catholica
1756 4878 1812 4932 lide

69 4969 136 5039 quod
150 4970 190 5025 sit
205 4969 329 5041 Spiritus
349 4970 408 5024 uris
424 4970 549 5037 Domini,
570 4975 598 5025 et
613 4986 689 5025 nunc
712 4971 817 5025 dicitur
831 4973 910 5043 quod
965 4973 1048 5028 labor
1075 4973 1244 5040 indefessus,
1278 4972 1398 5026 Arianos
1429 4972 1580 5026 Ecclesiam
1610 4971 1812 5041 impugnantes

10 5114 12 5125 Ι
69 5056 99 5112 sit
110 5058 237 5130 Spiritus
252 5058 310 5113 uris
325 5058 439 5114 [lumini
462 5060 539 5129 lesu,
557 5059 713 5114 clarissime
736 5064 911 5114 monstratur
965 5059 1147 5132 expugnarit,
1173 5049 1248 5124 ιιοιι,
1277 5058 1430 5129 oppressit.
1461 5058 1561 5112 Videte
1584 5071 1659 5109 nunc
1683 5069 1731 5107 ros
1756 5052 1812 5106 im·

71 5142 184 5218 Spiritus
199 5152 315 5202 sanctas
329 5147 531 5219 procedereer
552 5164 602 5203 ure
624 5148 738 5202 homiui
760 5147 837 5216 lesu,
852 5163 911 5202 non
965 5155 1113 5220 peratores
1135 5164 1258 5219 quorum
1283 5147 1430 5213 studeatis,
1465 5146 1509 5201 vel
1532 5145 1617 5199 tidem
1647 5141 1809 5207 defendere,

67 5235 137 5304 -rnud
146 5235 308 5291 monadum
323 5236 503 5292 divinitatem
525 5253 557 5292 us
572 5236 686 5304 babeat,
704 5236 765 5291 sed'
781 5236 859 5308 quod
876 5236 911 5291 de
965 5238 1008 5291 vel
1025 5236 1195 5307 religionem
1210 5236 1317 5291 imitari
1333 5252 1415 5290 :ecce
1432 5233 1565 5305 negando
1581 5231 1719 5302 Spiritum
1745 5246 1812 5283 san·

72 5323 219 5396 substantia
240 5325 319 5379 illius
346 5324 498 5394 procedat;
529 5325 775 5397 quemadmodum
806 5324 911 5394 dicitur
965 5331 1081 5380 ctuma
1108 5326 1179 5379 Filio
1209 5324 1374 5397 procedere,
1409 5321 1555 5378 catholicis
1580 5319 1684 5386 obvias,
1708 5317 1812 5405 lecistis

72 5405 183 5481 Spiritus
203 5412 275 5483 oris⁴
292 5412 417 5481 llomini,
435 5413 574 5484 quoniam
599 5414 729 5485 procedit
753 5412 789 5468 de
819 5415 911 5468 Patris
960 5427 1068 5468 'manus
1094 5414 1244 5485 episcopis,
1279 5412 1329 5485 qui
1372 5411 1491 5466 Arianos
1522 5422 1610 5478 prure
1639 5406 1674 5462 de
1704 5407 1811 5479 Spiritu

70 5498 230 5556 substantia.
249 5500 353 5572 lgitur
374 5499 588 5558 evidentissima
611 5501 789 5559 monstratur
815 5501 911 5557 asser-
965 5508 1063 5557 sancto
1079 5502 1235 5558 sentientes
1249 5500 1419 5573 protrivere,
1436 5496 1640 5570 etrestrurum
1655 5495 1811 5568 majurum,
