3930 6098
162 223 214 281 211

498 223 776 282 61661161111616
796 224 862 279 tta.
883 225 929 280 DE
948 223 1113 287 CORPORE
1133 222 1520 280 616666616166111111.

1860 217 1912 278 aa

164 362 339 433 conspicitur
369 361 398 415 iu
423 359 600 416 Eucharistia
627 360 727 415 albedo
755 365 807 424 est,
837 360 1010 426 rotunditas,
1030 359 1252 416 6166111166]
1273 359 1356 414 166116
1376 358 1707 430 166666661166666116
1727 356 1802 413 banc
1816 358 1912 429 ipsum

165 432 293 488 extensio
308 432 444 502 denique,
467 431 578 503 ch'ecta
600 430 723 486 visibilia
745 436 773 486 et
793 431 927 486 humanis
951 448 1013 485 sen·

165 504 244 558 sibus
266 503 386 558 faciliter
405 502 627 566 accommodata,
651 518 716 571 quae
731 503 847 572 quidem
863 518 923 557 non
947 507 1014 557 sunt

165 575 273 645 speeies
288 583 316 627 et
330 573 526 644 apparitiones
541 570 671 642 corporis
685 573 787 627 Christi
802 578 830 626 ct
852 571 1010 643 sauguinis,

166 646 215 699 sed
230 644 314 714 panis
333 644 444 709 etvini,
460 659 524 713 qum
542 649 609 697 aute
624 643 748 708 fueraut,
765 650 794 698 et
808 659 872 713 6616
892 645 966 697 Deus
983 644 1012 697 in

165 729 269 786 corpus
284 718 313 770 et
327 715 495 784 sanguinem
506 729 589 767 suum
605 713 787 783 permutavit,
805 721 836 769 ut
850 714 1012 784 166611116-

165 792 343 841 1161666661
357 784 445 839 sancti
459 783 687 838 661616611111116
704 784 743 838 De
757 784 792 839 iis
807 785 858 855 qui
870 786 1013 854 mysteriis

165 857 328 921 initiantur,
344 871 408 926 cap.
428 858 465 910 9:
486 859 605 909 creatum
624 859 762 924 permutat
782 858 811 909 16
825 855 858 910 id
876 855 949 924 quod
963 871 1012 909 66-

167 932 210 982 tea
223 943 277 982 1166
300 928 400 993 (uerat.
418 925 496 980 Absit
510 930 608 979 tamen
627 932 658 978 ut
677 926 901 993 dissertatorem,
918 925 1013 980 virum

165 997 281 1052 aliunde
310 996 391 1066 pium
422 1012 474 1049 nec
502 995 656 1050 humillimi
679 996 799 1066 ingenii,
829 1002 887 1050 tam
915 996 1013 1051 1611661

165 1066 399 1137 interpolationis
419 1072 469 1120 aut
489 1067 679 1136 corruptionis
704 1083 838 1122 accusare
864 1066 961 1134 1611111,
984 1073 1014 1122 61

166 1138 243 1192 111161
283 1137 433 1192 haereticos
475 1141 648 1190 veteratores
693 1137 835 1192 infelicem
881 1138 1012 1193 11611661-

167 1224 239 1262 num
265 1208 413 1278 relegaret.
442 1207 513 1261 Cum
542 1209 710 1276 prasertim,
739 1216 772 1263 ut
794 1209 870 1262 inter
898 1210 1013 1264 eosdem

168 1279 292 1347 benigne
334 1278 487 1348 exciperet,
535 1280 635 1333 Petrus
676 1280 759 1346 Allix,
801 1280 1013 1348 superstitionis

168 1348 342 1404 Calviuianae
384 1348 526 1416 minister,
568 1349 598 1403 iu
632 1350 728 1404 Gallias
765 1356 872 1404 nostrae
905 1351 1013 1421 templo

59 1450 72 1466 κ
168 1418 371 1486 Char-antonio,
406 1420 443 1474 ad
471 1426 545 1474 artes
574 1426 633 1474 tarn
666 1420 787 1474 incultas
815 1437 846 1474 ac
874 1421 1014 1491 pinguem

168 1490 324 1544 fdiuervam
351 1490 504 1561 confugere
526 1490 663 1556 66166116
691 1492 733 1544 ati
756 1497 938 1562 perspectum
963 1493 1015 1546 ha·

168 1561 236 1615 11616
251 1560 334 1615 facile
356 1566 398 1614 est
414 1578 446 1615 61
469 1561 593 1615 66111666
610 1562 826 1616 LatinoGallica
848 1577 924 1615 66116
946 1565 1014 1617 1672

168 1647 235 1685 6616
251 1631 311 1700 ejus
335 1632 408 1686 facta
430 1632 602 1702 lihotomagi
617 1633 693 1702 apud
718 1632 814 1699 Lucas,
835 1637 864 1687 et
889 1634 1015 1687 editione

1067 431 1151 485 ivisse
1167 432 1350 497 sententiam,
1367 431 1475 501 quippe
1490 446 1555 484 cum
1577 428 1699 483 infinitis
1713 429 1783 482 locis
1802 435 1915 500 repetat

1066 502 1119 557 hoc
1148 502 1224 572 quod
1254 502 1367 555 videtur
1395 517 1456 554 esse
1484 517 1587 571 corpus
1611 499 1728 568 Christi,
1755 516 1851 554 nonne
1873 507 1916 556 est

1066 573 1258 642 aspectabile?
1285 572 1441 627 videturne
1468 572 1525 626 nisi
1554 571 1644 642 quod·
1664 576 1706 625 est
1735 571 1857 638 visibile,
1885 577 1914 624 et

1066 644 1167 697 fierine
1192 647 1284 714 potest
1309 649 1340 697 ut
1361 643 1493 697 videatur
1509 641 1585 712 61166
1606 641 1697 696 116611
1712 657 1771 695 666
1796 647 1911 711 potest:

1065 715 1119 768 Sed
1134 720 1196 769 esto
1212 714 1402 768 dissertatoris
1423 714 1497 767 ratio
1516 713 1550 767 ab
1566 713 1619 767 hac
1634 712 1771 782 opinione
1782 712 1914 767 sensibus

1066 786 1191 855 propriis
1206 787 1338 854 perculsa
1353 785 1517 851 abhorreat,
1541 784 1662 838 dubium
1682 799 1739 836 non
1755 789 1798 836 est
1817 782 1915 838 adver-

1066 857 1157 910 sarios
1191 872 1263 927 quos
1290 855 1419 909 confutat
1452 856 1623 908 ltatramnus
1654 854 1709 907 sibi
1739 855 1914 923 persuasisse

1066 927 1175 981 nullam
1196 926 1348 980 subsistere
1375 926 1406 979 in
1431 925 1607 979 Eucharistia
1630 925 1753 991 figuram
1775 929 1826 978 aut
1849 940 1914 977 um-

1066 999 1158 1061 bram,
1183 998 1233 1051 sed
1257 997 1353 1051 omnia
1381 995 1532 1050 manifesta
1560 1002 1589 1049 et
1613 1001 1712 1065 aperta
1734 1011 1817 1048 esse:
1841 1011 1916 1065 quos

1067 1070 1157 1121 secuti
1172 1073 1238 1121 sunt
1251 1067 1519 1135 Abbaudusabbas,
1540 1067 1698 1132 Walterius,
1724 1065 1804 1137 prior
1826 1066 1916 1120 sancti

1067 1138 1187 1192 Victoris
1220 1137 1398 1205 parisiensis,
1434 1142 1463 1192 61
1496 1143 1591 1190 666116
1624 1141 1708 1191 aetate
1743 1137 1915 1190 recentiores

1066 1208 1240 1279 philosophi,
1265 1207 1447 1279 quiquidem
1464 1224 1564 1262 onmes
1587 1208 1674 1262 tidem
1689 1223 1721 1260 ae
1745 1207 1915 1278 religionem

1067 1280 1235 1334 catholicam
1256 1278 1376 1349 professi
1400 1279 1484 1349 paulo
1506 1279 1656 1332 alieniores
1671 1278 1783 1348 placitis
1808 1279 1915 1331 Aristo-

1067 1350 1159 1404 telicae
1182 1349 1380 1420 philosophia,
1406 1350 1442 1404 de
1468 1349 1663 1403 accidentibus
1686 1349 1757 1402 nulli
1786 1348 1916 1418 subjecto

1067 1421 1275 1475 inherentibus
1290 1420 1397 1475 nullam
1414 1420 1617 1490 cogitationem
1633 1419 1804 1473 hahuerunt.

1103 1492 1154 1546 XL.
1170 1491 1227 1544 Cur
1249 1492 1504 1557 6161166111.5,19
1527 1496 1552 1545 61
1574 1494 1618 1560 aa,
1639 1491 1759 1558 alibique
1773 1490 1822 1543 166
1844 1489 1917 1559 quod

1068 1577 1153 1632 supra
1171 1577 1290 1616 merosum
1313 1563 1478 1615 flammicam
1494 1563 1612 1630 positum
1632 1566 1680 1628 est,
1702 1561 1775 1630 qaod
1798 1561 1915 1614 celebra-

1069 1638 1115 1688 mr
1142 1638 1167 1687 et
1181 1638 1355 1687 6666616666·
1377 1634 1406 1685 ia
1427 1634 1521 1698 altari,
1545 1632 1617 1701 611611
1640 1647 1685 1687 ore
1708 1634 1827 1686 sumitur
1850 1630 1917 1700 666·

167 1702 399 1771 anglico-Latina
413 1702 531 1756 alterius
545 1703 672 1757 hominis
692 1702 813 1758 diversa
833 1704 1015 1773 66616166-
1035 1698 1145 1769 Blium,
1170 1717 1225 1758 esse
1251 1719 1345 1758 uerum
1367 1704 1475 1758 Christi
1496 1718 1592 1784 corpus
1616 1706 1768 1759 166161616
1788 1704 1917 1773 mysterio

168 1773 229 1826 diui
242 1773 315 1827 facta
331 1789 405 1827 anuo
427 1776 506 1840 16116,
526 1774 556 1827 16
571 1775 675 1844 6611166
698 1790 815 1829 6661661
835 1775 1015 1844 superstitio-

169 1859 239 1897 num
253 1843 448 1914 quamtumvis
467 1844 525 1898 sint
539 1845 647 1897 morosi
664 1860 696 1899 ae
712 1845 870 1916 pertinaces
886 1845 1016 1900 defenso-

168 1930 213 1968 rcs
235 1914 370 1979 ministri,
392 1930 489 1968 vocem
513 1931 672 1969 6666611166
692 1916 722 1969 16
745 1917 839 1970 166661
859 1915 936 1970 16616
957 1933 1017 1971 caa-

168 2000 285 2040 nunrua
299 2000 438 2054 reponere
458 2000 516 2039 non
538 1987 600 2039 ausi
615 1991 691 2039 sunt.
707 1986 761 2040 Sed
777 2002 863 2051 611616
879 2002 1017 2056 6666116-

169 2071 291 2108 cuneum
312 2062 339 2108 et
363 2060 445 2124 turpe
460 2055 497 2108 611
512 2054 651 2125 ejusmodi
668 2054 891 2123 interpolatione
905 2063 1016 2111 testum

171 2124 319 2178 liatramni
354 2125 526 2190 deformare,
554 2124 678 2194 probant
711 2127 820 2180 61161161
848 2132 876 2181 61
910 2128 1016 2198 6666161

170 2210 269 2263 sparsa
293 2195 324 2247 iu
342 2195 398 2248 hoc
417 2194 491 2249 libro
507 2195 640 2264 dogmata
655 2198 818 2252 contraria:
844 2199 933 2252 «Non
948 2214 1017 2269 ergo

171 2270 238 2319 sunt
257 2265 334 2319 idem
355 2265 432 2335 quod
456 2271 613 2321 cernuntur
632 2271 660 2320 et
684 2267 760 2338 qnod
782 2269 954 2336 ereduntur3
970 2286 1016 2325 se·

171 2337 299 2389 cundum
315 2336 392 2389 euim
408 2336 484 2406 quod
501 2342 668 2406 cernuntur,
686 2353 790 2408 corpus
810 2345 932 2408 pascunt
952 2356 1016 2394 cor-

171 2406 318 2476 ruptibile,
346 2406 409 2477 ipsa
429 2407 641 2478 corruptibilia;
672 2409 829 2463 secundum
852 2427 918 2464 vero
940 2410 1016 2481 quod

171 2477 339 2540 creduntur,
356 2478 465 2531 animos
475 2484 597 2548 pascunt
610 2480 639 2533 in
651 2484 790 2534 aeternum
807 2481 942 2548 victuros,
956 2482 1018 2552 ipsa

172 2547 357 2602 immortalia.
376 2568 387 2596 1
410 2550 471 2601 tarn
496 2565 564 2620 ergo
585 2551 726 2620 applicata
747 2553 892 2606 voluntate
909 2553 1019 2622 relegat

173 2618 361 2672 llatramuum
381 2617 550 2673 dissertator
569 2625 597 2675 et
616 2621 711 2674 videat
728 2629 833 2692 apertis
855 2623 1017 2677 66611666-

172 2705 252 2743 mero
282 2690 315 2743 ’16
338 2704 395 2742 666
420 2690 568 2745 creduntur
591 2691 641 2745 sed
672 2699 826 2747 ccrauotur.
855 2695 927 2748 Tum
950 2709 1017 2748 vero

172 2758 332 2813 continenti
351 2765 480 2830 tempore
499 2762 529 2815 in
551 2771 701 2832 prospectu
725 2762 828 2818 habeat
843 2764 1017 2834 jucundissi-

174 2845 254 2883 mum
280 2832 473 2898 spectaculum
507 2832 656 2887 confestim
693 2834 804 2889 ruentis
834 2835 962 2904 praesidii
987 2851 1019 2890 ac

173 2900 255 2955 rimis
282 2900 407 2971 undique
432 2901 603 2957 dehiscentis
631 2903 912 2974 interpretationum,
934 2905 1018 2960 iudu-

173 2971 303 3025 otionum
323 2988 355 3024 ac
368 2972 572 3042 glossematum
592 2991 656 3043 quse
671 2976 772 3029 611166
788 2976 850 3030 1666
866 2992 1017 3046 perperam

1069 1790 1116 1830 seu
1129 1775 1241 1845 666161

1419 1859 1573 1901 resecasse.

1107 1951 1259 2020 Nunquam
1280 1950 1452 2004 1166661666
1474 1948 1546 2004 dixit
1567 1966 1647 2003 uum.
1675 1953 1701 2015 6,
1730 1949 1774 2013 ts,
1798 1951 1842 2016 96,
1868 1964 1919 2003 666

1070 2020 1150 2090 611111,
1165 2037 1269 2090 661666
1283 2022 1347 2074 1666
1367 2020 1471 2075 Christi
1487 2020 1563 2091 quod
1582 2037 1630 2075 ore
1644 2020 1776 2074 fidelium
1792 2018 1918 2074 sumitur

1070 2107 1125 2147 esse
1157 2107 1251 2148 uerum
1277 2093 1381 2147 Christi
1406 2107 1502 2160 corpus
1528 2096 1634 2146 16616111
1661 2093 1690 2145 ia
1714 2092 1845 2159 mysterio
1874 2106 1919 2144 seu

1069 2167 1168 2232 661116.
1183 2164 1255 2217 11616
1278 2162 1446 2233 propositio,
1466 2167 1496 2216 ut
1518 2163 1621 2216 66116161
1635 2160 1803 2232 loquuntur,
1819 2162 1918 2230 161611·

1070 2240 1148 2288 caret
1171 2233 1201 2287 iu
1224 2232 1374 2287 terminis:
1405 2232 1590 2302 incogitabile
1618 2237 1661 2286 est
1686 2248 1786 2286 verum
1815 2248 1919 2303 corpus

1070 2304 1148 2376 quod
1163 2303 1251 2374 611116
1274 2304 1366 2374 figura
1390 2309 1419 2358 et
1435 2303 1570 2373 mysterio
1585 2308 1708 2371 tantum,
1738 2308 1814 2357 esset
1840 2303 1918 2356 enim

1069 2391 1170 2430 verum
1184 2379 1213 2428 et
1228 2390 1285 2428 nou
1302 2390 1400 2428 verum
1417 2390 1529 2445 eorpus.

1105 2446 1224 2501 11161
1248 2461 1310 2499 uero
1324 2447 1465 2516 Eriperes,
1482 2447 1538 2499 siue
1558 2447 1718 2512 Anoraymus
1739 2444 1917 2506 Cellotianus,

1070 2518 1140 2570 11666
1176 2516 1339 2570 solummodo
1380 2519 1512 2582 1661161166
1544 2518 1695 2578 6661616661
1733 2516 1861 2568 similiter
1894 2521 1919 2565 et

1070 2588 1234 2642 Paschasius
1260 2586 1477 2646 etlliatramaus
1505 2589 1562 2640 ait:
1589 2608 1600 2634 ι
1627 2586 1782 2640 literalibus
1806 2584 1919 2652 quibus·

1071 2658 1145 2719 dam,
1166 2656 1358 2726 inquitatem
1380 2657 1522 2726 essequod
1541 2659 1661 2711 sumitur
1681 2656 1714 2710 de
1739 2657 1825 2710 ellari
1849 2655 1921 2723 quod

1071 2734 1096 2783 et
1110 2728 1181 2783 illud
1204 2728 1277 2797 quod
1299 2734 1394 2781 uatum
1415 2733 1454 2782 est
1476 2744 1510 2782 611
1537 2728 1669 2797 Virpiae:
1686 2728 1750 2782 aliis
1764 2731 1856 2781 autem
1870 2741 1918 2780 66·
1942 2729 1948 2741 “

1071 2800 1200 2869 pratibus
1216 2804 1241 2853 et
1255 2798 1407 2854 dicentibus
1418 2798 1498 2854 aliud
1512 2813 1576 2853 esse.

1419 2934 1576 2973 nusrottsto.

174 3041 296 3096 diduxit.
322 3043 390 3106 Quae
413 3059 478 3097 cum
503 3044 544 3098 ita
570 3050 636 3111 61111,
663 3062 805 3116 nusquam
833 3063 934 3101 verum
958 3054 1057 3108 essee
1109 3041 1922 3115 61116111161166666116611611661111661111111666661

174 3116 268 3182 661661
280 3128 286 3166 :
311 3117 339 3167 l⁰
354 3114 625 3185 mutationemque
640 3116 670 3170 iu
689 3118 864 3172 Eucharistia
877 3119 910 3172 111
924 3120 953 3173 ia
967 3134 1020 3172 cre·

174 3182 295 3237 daritiam
310 3186 410 3238 animis
429 3188 554 3252 eaislere,
574 3188 603 3240 ia
616 3187 716 3256 quibus
728 3190 804 3242 certi
824 3190 914 3243 1116161
927 3194 1020 3257 661611-

176 3255 216 3307 116
236 3253 316 3323 661661
337 3257 456 3324 corporis
480 3262 506 3310 et
526 3259 878 3323 66116616166111161161661
899 3261 1021 3328 Spiritus

174 3327 264 3379 666611
289 3329 392 3395 potenti
413 3328 522 3381 uirtute.
549 3327 697 3396 Ejusmodi
721 3330 797 3383 enim
824 3329 930 3383 creatio
955 3329 1022 3382 6661

176 3394 289 3448 nullum
306 3395 392 3450 1161161
408 3395 437 3449 16
454 3412 541 3466 66616
557 3398 705 3452 1161166161
725 3398 886 3468 vestigium.
902 3402 932 3452 io
946 3400 1020 3452 Neu·

176 3467 286 3535 tiquam
312 3466 431 3537 opponit
456 3468 628 3521 1166661666
651 3484 684 3522 66
709 3469 762 3523 1661
787 3469 831 3522 1116
854 3469 946 3523 verbis
968 3485 1022 3524 666

175 3539 261 3604 666616
275 3537 447 3603 6666111616,
468 3538 621 3592 essentiam
643 3555 694 3592 seu
709 3541 913 3609 proprietatem
937 3545 1022 3594 uatu-

175 3608 266 3660 ratem
281 3607 409 3677 corporis
423 3607 537 3674 Christi,
558 3608 672 3674 virtuti,
689 3611 736 3665 sad
756 3610 938 3665 solummodo
954 3627 1022 3681 spe-

175 3677 249 3731 eiem
274 3677 460 3743 exteriorem,
487 3694 552 3750 666
578 3696 675 3734 revera
703 3681 735 3735 in
761 3682 935 3736 Eucharistia
963 3697 1022 3735 non

175 3754 296 3820 apparet
319 3764 371 3802 nec
388 3749 478 3803 666116
504 3750 663 3820 subjicitur.
689 3752 760 3807 Cum
785 3769 801 3806 e
824 3759 924 3807 contra
947 3753 1022 3807 dicat

176 3835 241 3873 cum
257 3819 406 3874 Paschasio
423 3837 502 3875 num.
519 3823 574 3876 49:
600 3844 614 3873 a
631 3825 740 3894 Corpus
757 3830 785 3877 61
799 3825 915 3893 sanguis
940 3823 1020 3878 Chri-

177 3890 214 3943 sti
228 3905 293 3960 6616
309 3890 437 3945 11661166]
454 3907 504 3945 616
524 3891 554 3946 16
569 3893 690 3946 Ecclesia
707 3894 906 3964 percipiuntur
920 3894 1021 3964 ligura

177 3969 244 4015 sunt
257 3961 414 4016 secundum
430 3962 553 4031 speciem
569 3964 724 4029 visibilem;
741 3969 768 4018 61
783 3980 850 4017 vero
864 3965 1021 4017 secundum

175 4031 349 4085 invisibilem
380 4032 580 4098 substantiam,
616 4034 642 4087 id
676 4039 719 4087 est
748 4033 837 4087 divini
862 4034 1021 4104 potentiam

178 4101 272 4167 Verbi,
304 4116 369 4154 vere
399 4117 502 4170 corpus
530 4103 702 4172 etsanguis
726 4104 829 4157 Christi
855 4104 1020 4158 existunt.»

177 4170 246 4231 Quis
268 4171 355 4223 homo
377 4187 454 4224 sanae
469 4172 573 4225 mentis
589 4189 715 4243 compos,
733 4174 926 4229 sinceritatem
954 4175 1021 4229 lidei

177 4240 326 4294 [latramni
353 4256 385 4294 ex
408 4241 452 4294 his
477 4241 570 4295 verbis
599 4244 629 4296 in
659 4245 821 4314 suspicione
849 4247 955 4312 ponat?
986 4248 1021 4300 Ex

177 4309 283 4380 quibus
296 4310 389 4379 palam
406 4311 567 4382 intelligere
582 4313 663 4367 facile
678 4320 721 4368 est
744 4332 796 4386 per
809 4333 908 4371 vocem
925 4319 1023 4386 speciei

1075 3130 1176 3169 omnes
1188 3114 1351 3186 intelligant
1368 3120 1427 3169 tam
1442 3115 1536 3168 varias
1550 3114 1700 3168 hominum
1714 3113 1843 3168 66611616
1861 3112 1922 3167 616-

1075 3190 1283 3256 crepantesque
1304 3184 1459 3240 sententias
1487 3184 1522 3238 de
1549 3201 1634 3239 causa
1657 3184 1838 3239 Eucharistiae
1862 3198 1921 3237 non

1075 3272 1105 3310 re
1128 3257 1204 3310 utari
1226 3256 1373 3321 factiones,
1395 3257 1450 3310 hoe
1474 3260 1517 3310 est
1538 3256 1663 3310 diversas
1685 3261 1780 3324 partes
1808 3253 1922 3308 veritati

1075 3326 1141 3380 1161
1175 3330 1377 3396 repugnantes.
1409 3327 1546 3381 Observat
1577 3326 1749 3380 1166661666
1777 3339 1858 3379 num.
1889 3327 1917 3378 11

1075 3402 1164 3450 161661
1179 3395 1254 3449 11666
1269 3397 1490 3450 66611616161661
1505 3411 1566 3449 6666
1583 3396 1765 3451 16161666166
1781 3400 1921 3449 exortam.

1075 3466 1141 3532 Sed,
1164 3473 1310 3536 utcunque
1333 3482 1378 3519 res
1399 3467 1445 3531 sit,
1466 3482 1532 3520 cum
1558 3471 1726 3536 anonymus
1747 3466 1923 3521 Cellotiaaus

1076 3537 1197 3607 scriptor
1210 3537 1247 3591 sit
1259 3537 1415 3590 humillimi
1430 3536 1541 3607 ingenii
1554 3543 1581 3590 et
1596 3538 1702 3591 nullius
1718 3537 1823 3604 meriti,
1840 3537 1923 3606 eujus

1075 3607 1238 3661 testimonio
1266 3609 1395 3662 solitario
1434 3608 1535 3662 nititur
1569 3609 1716 3678 persuasio
1745 3624 1844 3662 eorum
1871 3608 1923 3678 qui

1075 3679 1262 3733 ilatramnum
1302 3684 1331 3732 et
1359 3678 1541 3733 Paschasium
1572 3681 1647 3733 inter
1681 3696 1710 3732 se
1740 3678 1923 3749 depraeliatos

1074 3750 1163 3805 fuisse
1183 3749 1238 3803 sibi
1261 3749 1385 3820 lingunt,
1414 3755 1473 3803 tota
1499 3750 1561 3803 11616
1586 3750 1777 3804 controversia
1801 3749 1923 3803 faciliter

1076 3820 1173 3875 dirimi
1201 3825 1296 3892 potest
1322 3837 1355 3875 er
1388 3821 1510 3875 lectione
1539 3825 1669 3874 accurata
1695 3820 1836 3875 librorum
1867 3821 1923 3874 Ra·

1076 3891 1192 3956 tramni,
1210 3891 1352 3945 Paschasii
1373 3898 1401 3945 et
1416 3893 1559 3961 Anonymi
1583 3890 1742 3958 Cellotiani,
1767 3891 1923 3962 exquibus

1076 3967 1255 4033 perspectum
1286 3962 1401 4017 habebit
1430 3963 1518 4016 lector
1542 3963 1628 4016 istum
1654 3966 1837 4032 anonymum
1871 3978 1923 4015 uec

1076 4033 1225 4087 Retramni
1254 4039 1379 4086 mentem
1408 4049 1459 4086 uec
1486 4033 1628 4087 Paschasii
1657 4038 1817 4087 assecutum
1848 4048 1918 4087 esse.

1077 4103 1226 4157 Enimvero
1251 4120 1316 4157 cum
1341 4108 1507 4173 anonymus
1525 4119 1584 4156 uon
1606 4103 1843 4157 animadverterit
1867 4104 1922 4156 Ra·

1077 4178 1219 4227 tramnunr
1237 4190 1386 4244 nunquam
1402 4190 1508 4244 negare
1523 4191 1627 4243 corpus
1651 4175 1686 4227 dc
1709 4175 1796 4228 166116
1819 4180 1921 4228 661616

1077 4246 1192 4314 Virgine
1216 4245 1246 4316 16
1272 4245 1448 4300 Eucharistia
1469 4246 1599 4314 reperiri,
1625 4245 1672 4298 sed
1700 4246 1791 4298 solum
1814 4261 1829 4298 a
1854 4261 1922 4298 cor·

1076 4331 1144 4386 pore
1158 4316 1235 4386 quod
1258 4315 1420 4370 celebratur
1439 4315 1469 4369 in
1488 4316 1610 4370 Ecclesia
1630 4315 1755 4383 differre,
1775 4315 1883 4369 scilicet
1906 4332 1922 4369 a

177 4396 235 4434 non
250 4380 424 4452 significasse
439 4388 569 4437 naturam
590 4389 638 4437 aut
652 4388 869 4455 proprietatem,
889 4388 937 4442 scd
954 4404 1019 4457 spe·
1039 4399 1196 4456 fleorpore
1218 4387 1468 4456 666666611666611
1491 4403 1549 4456 quo
1568 4387 1709 4440 occulitur
1733 4393 1762 4440 et
1784 4386 1853 4439 latet
1872 4402 1920 4439 re·

177 4453 250 4506 ciem
281 4460 309 4507 et
338 4453 598 4509 manifestationem
631 4456 813 4512 exteriorem.
845 4459 1021 4529 Supervacu-

177 4538 265 4577 neum
286 4523 377 4593 igitur
400 4530 442 4578 est
466 4525 521 4580 sibi
544 4526 654 4596 lingere
678 4529 860 4584 Paschasium
886 4529 1021 4584 adversus

177 4593 365 4648 Retramnum
381 4595 525 4664 scripsisse
546 4596 577 4649 in
592 4614 643 4653 suo
661 4598 696 4652 ad
713 4605 842 4654 sanctum
858 4601 1020 4655 blatthaenm

177 4665 388 4720 Commentario
412 4666 442 4720 in
468 4682 619 4738 6661111,
640 4675 669 4723 61
684 4670 871 4725 6666616661
891 4673 1021 4725 numid

178 4735 255 4790 alind
270 4736 445 4791 intellexisse
463 4753 515 4808 per
527 4742 641 4808 speciem
660 4756 747 4811 quam
762 4742 1022 4797 manifestationem

177 4807 359 4870 exteriorem,
370 4808 440 4862 dum
452 4809 490 4862 ait
501 4825 508 4863 :
521 4828 536 4860 a
552 4810 615 4863 Non
629 4811 720 4880 specie
731 4827 855 4876 carnem,
867 4813 916 4867 sed
929 4828 1021 4866 sacra·

178 4883 291 4944 mento;
316 4878 371 4933 hoc
394 4894 460 4932 vero
479 4896 536 4950 quo
551 4896 627 4934 nunc
648 4882 869 4938 similitudinem
893 4883 970 4937 illius
991 4883 1022 4936 in

176 4948 312 5018 mysterio
337 4950 472 5015 continet,
498 4966 557 5004 uon
582 4952 617 5005 sit
641 4953 734 5023 specie
759 4970 834 5018 caro,
863 4954 1021 5008 66666616-

176 5020 402 5074 11166161111616
420 5020 580 5076 continenti
595 5037 726 5077 sermone
751 5025 871 5094 explicat
895 5029 1021 5078 mentem

176 5095 205 5143 et
218 5091 397 5145 abundanter
411 5091 580 5146 testificatur
599 5109 629 5146 se
646 5097 825 5163 perspectam
848 5094 1022 5149 intellexisse

176 5161 393 5229 patefactionem
408 5161 578 5216 exteriorem
594 5165 677 5231 panis
693 5172 722 5217 et
743 5164 801 5218 vini
823 5165 876 5219 sub
900 5182 967 5236 qua,
992 5164 1022 5218 id

177 5232 265 5309 estin
282 5238 471 5299 sacramento,
494 5248 592 5286 verum
616 5250 719 5304 corpus
741 5242 770 5289 et
783 5236 901 5305 sanguis
917 5235 1021 5292 Christi

177 5308 299 5379 existere
322 5301 415 5357 docet.
446 5324 460 5352 a
472 5301 632 5373 Siquidem,
655 5304 760 5375 iuquit,
777 5305 807 5359 in
831 5306 924 5377 specie
939 5305 1022 5377 panis

176 5373 227 5436 est,
248 5386 280 5424 rn
301 5378 479 5428 sacramento
497 5389 597 5428 verum
615 5390 718 5445 eorpus
733 5375 847 5444 Christi,
869 5376 942 5431 sicut
960 5377 1021 5447 ipse

175 5439 300 5495 clamat:
326 5444 384 5498 Hoc
400 5449 441 5499 est
462 5460 566 5515 corpus
581 5460 686 5500 6166111.
704 5465 719 5498 1
746 5447 835 5501 Porro
857 5447 897 5501 sic
919 5446 1020 5502 stanti·

176 5511 230 5565 bus
251 5511 400 5568 1161166161
420 5515 515 5584 161166,
532 5531 620 5587 quam
635 5532 786 5587 perperam
801 5519 940 5573 exclamat
961 5517 1020 5573 dis-

174 5584 295 5636 sertator
317 5583 505 5640 116666161161
528 5607 541 5638 a
565 5602 629 5642 cum
644 5587 729 5642 larvis
755 5587 867 5654 luctari,
885 5609 896 5636 ι
914 5592 942 5642 61
954 5588 1019 5642 ait:

177 5673 188 5700 1
206 5652 275 5718 0616
297 5653 402 5710 Christi
415 5671 518 5727 corpus
542 5673 604 5713 esse
621 5658 794 5729 aspectabile
816 5659 846 5713 iu
865 5659 1019 5714 6116611111

172 5728 219 5781 Aa
241 5724 360 5782 Petrum
383 5726 557 5783 testimoniis
582 5728 612 5784 id
636 5729 782 5786 somnium
813 5729 1020 5787 confutandum

1074 4473 1140 4511 runa
1155 4473 1258 4527 corpus
1270 4473 1276 4511 :
1287 4473 1353 4511 cam
1364 4457 1450 4511 etiam
1465 4457 1635 4511 1166661666
1646 4463 1731 4527 neget
1741 4457 1835 4510 solum
1849 4456 1922 4511 illud

1076 4544 1180 4598 corpus
1208 4527 1433 4598 rrrrnoupativum
1462 4543 1522 4581 esse
1549 4528 1584 4581 de
1614 4527 1701 4581 llario
1732 4532 1841 4593 natum,
1868 4530 1921 4581 iste

1074 4602 1242 4669 anonymus
1271 4597 1325 4653 sibi
1351 4597 1492 4670 persuasit
1517 4599 1710 4663 Paschasium,
1737 4599 1786 4668 qui
1820 4599 1922 4652 asserit

1076 4685 1175 4724 161661
1189 4685 1293 4739 661666
1309 4670 1344 4723 66
1367 4669 1456 4722 fdaria
1479 4673 1576 4721 natum
1602 4685 1663 4722 esse
1686 4668 1717 4722 in
1732 4669 1920 4734 Eucharistia,

1076 4744 1104 4794 et
1118 4741 1317 4807 Hatramnum,
1333 4740 1382 4810 qui
1397 4743 1483 4808 negat
1502 4754 1604 4808 corpus
1617 4740 1844 4809 nuncupativum
1860 4756 1921 4794 esse

1076 4811 1111 4865 de
1129 4811 1213 4865 116116
1229 4815 1340 4877 natum,
1356 4809 1411 4862 sibi
1424 4809 1546 4862 invicem
1566 4825 1626 4863 esse
1641 4810 1800 4864 contrarios
1822 4827 1829 4862 ε
1855 4827 1921 4864 6661

1075 4898 1184 4943 revera,
1211 4880 1302 4950 posita
1327 4879 1510 4934 distinctione
1540 4882 1668 4951 corporis
1687 4884 1867 4950 6666666661
1894 4890 1923 4936 61

1075 4954 1142 5018 veri,
1169 4968 1218 5007 seu
1241 4950 1367 5020 corporis
1387 4950 1448 5004 veri
1471 4951 1575 5004 occulti
1595 4951 1647 5004 6611
1668 4951 1769 5005 umbra
1793 4953 1922 5020 corporis

1075 5023 1200 5093 figurati,
1217 5020 1338 5076 faciliter
1357 5020 1502 5075 conciliari
1517 5026 1546 5076 et
1559 5022 1592 5077 ad
1613 5021 1793 5076 corrcordiam
1818 5025 1922 5076 adduci

1076 5093 1197 5164 possint.
1226 5091 1307 5156 Quod
1334 5092 1375 5146 ait
1399 5092 1563 5146 dissertator
1589 5093 1778 5147 Retramnum
1811 5091 1923 5147 demul-

1075 5164 1158 5220 cendi
1175 5163 1266 5232 gratia
1282 5162 1380 5217 fideles
1394 5162 1574 5233 aequebiliter
1589 5162 1744 5234 appellasse
1768 5163 1923 5233 utriusque

1074 5235 1220 5306 opinionis
1235 5239 1379 5303 patronos,
1396 5234 1454 5287 sive
1469 5238 1628 5288 asserentes
1642 5234 1737 5287 omnia
1747 5250 1807 5287 csse
1821 5241 1922 5305 aperta

1075 5312 1104 5361 et
1127 5305 1287 5370 manifesta,
1316 5305 1372 5358 6116
1396 5305 1520 5375 aliquam
1545 5321 1606 5358 esse
1631 5304 1752 5374 figuram
1774 5306 1803 5359 in
1826 5321 1921 5360 sacra-

1075 5381 1172 5431 mento
1186 5375 1312 5446 corporis
1328 5376 1405 5445 quod
1426 5391 1475 5430 ore
1490 5375 1617 5429 fidelium
1637 5376 1667 5428 in
1685 5375 1811 5429 Ecclesia
1830 5376 1922 5430 sumi-

1074 5451 1134 5513 tur3
1149 5446 1220 5501 nihil
1235 5445 1354 5516 magisa
1367 5461 1453 5500 sensu
1467 5447 1614 5500 communi
1627 5446 1779 5500 homiuum
1792 5446 1922 5502 alienum

1074 5533 1136 5572 esse
1155 5517 1284 5572 videtur:
1310 5516 1418 5587 quippe
1432 5532 1496 5570 cum
1517 5518 1600 5589 jussu
1614 5517 1797 5586 imperatoris
1816 5533 1922 5582 ¹consu-

1074 5589 1159 5644 lentis
1182 5587 1355 5659 respondere
1378 5593 1535 5652 teneretur,
1560 5592 1589 5641 et
1611 5587 1687 5641 inter
1708 5587 1858 5642 haereticos
1875 5604 1921 5643 re-

1074 5675 1190 5716 censere
1202 5675 1275 5730 quos
1289 5673 1324 5714 ex
1336 5674 1436 5712 eorum
1451 5673 1571 5713 numero
1584 5658 1722 5727 cooptari,
1738 5674 1770 5712 ex
1786 5659 1921 5715 omnium

1073 5729 1281 5787 catholicorum
1300 5729 1447 5800 suffragio,
1471 5729 1613 5783 stravere
1632 5729 1779 5799 negabant
1792 5745 1921 5801 praesen·
