3930 6098
76 259 110 314 st
621 253 666 310 DE
684 255 1017 312 PRAEDESTINATIONE
1039 255 1106 311 nal.
1120 286 1155 296 —
1170 257 1234 312 tto.
1255 258 1290 312 ll.
1798 269 1831 321 58

76 387 166 460 [Siout
178 387 294 458 ignorat
308 386 396 440 fremo
418 384 575 440 terminum
592 384 662 440 lucis
677 387 706 440 et
728 385 922 453 tenebrarum,
938 393 960 447 Α
980 386 1080 441 mortis
1095 385 1202 442 exitum
1217 403 1276 442 non
1293 388 1467 461 relinquent.
1486 392 1560 448 Bene
1575 399 1670 451 autem
1684 395 1735 465 ait,
1755 417 1766 446 ι
1779 413 1830 468 per

74 477 118 530 vel
135 476 286 546 utriusque
315 473 359 529 rei
386 473 451 545 quis
466 473 535 528 finis
559 473 617 528 sit:
634 473 674 529 ita
702 474 816 547 plenius
835 473 925 529 nescit
979 492 1066 547 qnam
1080 476 1156 531 viam
1172 476 1319 547 spargitur
1340 479 1399 546 lor,
1416 484 1445 535 et
1467 482 1653 538 tenebrarum
1666 483 1731 558 quis
1751 485 1829 541 locus

74 564 140 636 quis
169 568 236 619 ante
266 578 350 618 snum
376 562 464 617 finem
491 561 553 617 fuce
579 562 692 632 justitia
720 564 922 634 praeveniatur,
979 565 1223 620 sit.·1,uxenim
1249 565 1353 620 divinae
1369 567 1538 624 visitationis
1563 587 1623 626 non
1647 588 1828 638 uno,rerum

72 651 115 705 vel
131 650 197 722 quis
208 654 392 722 peccatorum
408 650 533 705 tenebris
558 667 649 723 usqne
674 650 703 704 in
719 667 802 706 snum
824 652 924 706 termi·
978 653 1131 726 multiplici
1147 654 1233 709 modo
1248 655 1405 710 electorum
1420 658 1506 712 corda
1517 659 1673 729 perfundit,
1689 663 1760 718 alios
1775 663 1828 720 isto

71 755 141 794 num
157 739 338 805 obscuretur,
356 744 407 793 ant
425 739 490 811 quis
501 744 565 811 post
587 740 700 811 lapsum
727 741 923 809 tenebrarum,
979 741 1049 796 elios
1068 742 1118 797 illo
1144 742 1302 797 clarificans
1327 760 1458 813 munere,
1482 751 1568 818 atque
1595 749 1665 802 istus
1692 750 1827 806 abutere

70 843 226 882 conversus
254 830 388 898 resurgat
410 827 446 882 ad
461 827 577 899 lucem]
608 828 776 883 ferminum
806 829 877 883 fucis
897 835 924 885 et
979 830 1088 898 matris,
1107 830 1172 885 illos
1197 847 1213 885 a
1237 831 1370 902 pueritiae
1396 837 1534 905 tempore,
1563 835 1615 890 hos
1639 841 1826 910 autemaju·

69 917 258 972 tenebrarum
280 918 397 988 ignorat
424 916 677 988 homo,quoniam
702 917 794 972 nescit
821 918 851 972 in
866 935 923 990 quo
977 920 1239 987 ventutisferrore,
1264 921 1417 976 nonnullos
1442 938 1511 977 vero
1533 923 1561 977 in
1592 927 1743 981 senectutis
1757 944 1825 999 pro·

65 1005 189 1077 justitiae
204 1006 254 1061 lux
265 1021 356 1077 usque
372 1005 406 1060 ad
423 1006 580 1061 terminum
594 1006 670 1076 vitae,
685 1007 767 1078 quasi
782 1022 873 1079 usque
889 1008 924 1063 ed
977 1024 1057 1062 cessu
1070 1008 1105 1063 de
1122 1014 1305 1078 peccatorum
1321 1009 1447 1064 tenebris
1460 1011 1495 1065 ad
1516 1012 1609 1066 lucem
1622 1012 1742 1082 justitior
1757 1031 1825 1071 con·

69 1094 158 1148 tinem
174 1094 233 1149 diei
252 1093 571 1166 perseverabi13neqrre
588 1095 723 1167 coguovit
748 1095 778 1150 iu
793 1112 851 1167 quo
867 1096 923 1150 ini·
976 1097 1070 1149 vertit.
1083 1096 1176 1165 Igitur
1192 1097 1330 1167 qnoniam
1343 1096 1454 1151 diverso
1468 1099 1625 1170 gratiarum
1640 1117 1757 1156 munere
1779 1119 1824 1159 su·
1883 1158 1885 1162 ,

69 1183 189 1254 quitatis
212 1183 336 1238 tenebre
364 1187 503 1254 tanquam
533 1183 624 1238 noctis
651 1184 757 1239 umbrae
781 1191 923 1256 perpetuo
977 1200 1084 1256 pernas
1100 1185 1188 1239 ludex
1203 1188 1306 1240 eleetos
1334 1187 1510 1258 magnificat,
1535 1188 1711 1262 diversisque
1735 1192 1825 1247 aetatis

69 1271 197 1327 debeant
213 1289 393 1344 permanere.
407 1272 476 1338 Quis
490 1272 568 1327 enim
583 1273 664 1328 sitde
681 1290 803 1329 numero
819 1275 923 1329 electo·
976 1273 1155 1345 temporibus
1170 1274 1206 1329 ad
1223 1274 1349 1330 veritatis
1365 1276 1441 1330 viam
1460 1283 1565 1339 evocat,
1589 1279 1692 1333 merito
1710 1279 1825 1350 dieitur,
1930 1266 1933 1271 ¹

68 1377 144 1430 rum,
166 1367 219 1416 aut
242 1361 307 1433 quis
331 1362 472 1416 habeatnr
492 1362 526 1416 de
548 1367 626 1417 sorte
648 1364 836 1434 reproborum
864 1365 923 1432 Deo
977 1378 1154 1434 «perquam
1169 1362 1244 1417 riam
1260 1363 1406 1434 spargitur
1422 1365 1468 1419 lux
1488 1381 1494 1420 :
1514 1386 1524 1413 ι
1544 1365 1571 1420 id
1593 1371 1646 1433 est,
1672 1367 1719 1421 lux
1735 1369 1822 1423 coele-

69 1449 190 1520 quidem
204 1450 769 1518 menifestumlrabetur,humanaevero
795 1452 921 1507 scientim
977 1451 1027 1504 stis
1041 1451 1140 1521 gratiae
1171 1455 1281 1506 mentes
1304 1453 1460 1507 electorum
1483 1453 1661 1518 illuminans,
1688 1456 1824 1526 quasia,

66 1539 184 1609 penitus
219 1544 263 1594 est
295 1538 571 1603 absconsum.erod
602 1539 688 1610 hujus
707 1540 831 1595 auctoris
857 1557 922 1596 sen·
975 1538 1005 1594 id
1022 1543 1064 1594 est
1079 1555 1135 1611 quo
1150 1555 1283 1610 superum
1299 1540 1495 1612 dispositionis
1510 1542 1609 1596 ordine
1625 1543 1821 1614 dispertietur,

66 1626 159 1681 tentia
173 1627 302 1681 declarat
329 1643 395 1682 cum
409 1628 458 1682 ait.
490 1627 608 1698 [Cuncta
637 1628 698 1683 haec
727 1630 783 1683 [leo
812 1632 919 1702 patent,
976 1629 1184 1683 nonhumanae
1213 1629 1318 1682 mentis
1338 1628 1492 1684 infirmitas
1517 1631 1745 1703 comprehendit,
1775 1632 1825 1687 sed

66 1714 221 1770 hominem
236 1715 423 1787 retentent]
438 1716 546 1772 Deinde
571 1734 687 1790 qnoque
713 1717 857 1774 inculcans
874 1718 920 1774 di·
975 1716 1098 1773 coelestis
1114 1716 1217 1788 judicii
1241 1723 1351 1772 secreta
1374 1724 1526 1773 noverunt
1544 1720 1683 1775 Similiter
1708 1737 1823 1794 qnoque

66 1805 140 1858 vinae
158 1804 420 1874 praedestinationis
431 1810 572 1861 secretum
590 1807 685 1861 infert.
710 1808 857 1878 [Quemvis
870 1807 919 1878 ju·
977 1827 990 1855 «
1007 1806 1072 1878 qnis
1096 1805 1175 1860 focus
1203 1806 1239 1860 sit
1267 1806 1462 1873 tenebrarum,
1482 1808 1535 1862 »id
1566 1812 1617 1873 est,
1646 1809 1825 1881 inquorum

67 1896 180 1947 storum
195 1893 374 1948 conversatio
388 1893 419 1947 in
435 1894 487 1948 hac
506 1893 564 1947 vita
579 1895 736 1965 probabilis
766 1896 811 1964 sit,
828 1896 921 1951 incer·
976 1897 1109 1953 cordibus
1131 1898 1174 1952 vel
1197 1897 1406 1952 incredulitatis
1429 1899 1539 1953 umbre
1562 1899 1606 1953 ref
1627 1899 1748 1954 actionis
1763 1917 1825 1972 per·

67 1986 129 2035 tum
144 1986 190 2035 est
207 1988 304 2037 tamen
319 1981 485 2037 hominibus
499 1982 535 2037 ad
553 1999 640 2055 quem
665 1983 753 2039 finem
768 1984 826 2039 sint
850 2000 922 2056 pree·
976 2001 1065 2041 rersm
1086 1985 1210 2040 debeant
1223 2002 1314 2057 usque
1330 1986 1359 2040 in
1376 1986 1463 2040 finem
1486 1986 1610 2042 tenebrae
1629 2003 1823 2057 perseverare,

67 2069 217 2137 destinati,
232 2069 282 2124 sed
304 2070 403 2126 omnia
428 2072 567 2126 reservari
597 2071 694 2127 nature
724 2073 872 2144 examini]
893 2074 922 2129 Si
976 2075 1111 2130 hnmanae
1126 2073 1244 2145 quidem
1264 2073 1390 2128 scientim
1406 2090 1462 2128 non
1476 2079 1565 2144 patet,
1582 2075 1686 2129 divium
1700 2092 1767 2130 vero
1784 2093 1826 2133 sa·

65 2158 188 2229 quidem
203 2174 372 2230 quanquam
394 2159 551 2230 probabilis
576 2160 641 2215 viter
660 2176 744 2215 eursu
771 2162 922 2217 videantur
976 2163 1091 2234 pientiae
1107 2166 1209 2217 notum
1230 2166 1281 2217 est.
1301 2162 1370 2216 ltine
1386 2162 1474 2216 eliam
1492 2163 1637 2218 infertur:
1656 2184 1669 2214 e
1687 2169 1718 2219 ut
1738 2165 1824 2219 ducas

64 2246 136 2317 justi
151 2247 340 2315 contendere,
366 2247 437 2319 quid
465 2253 561 2303 tamen
591 2249 689 2304 divino
723 2250 921 2321 dispositionis
975 2251 1205 2322 unumquodque
1221 2251 1254 2305 ad
1269 2251 1409 2306 terminos
1425 2268 1500 2307 suos.
1520 2273 1533 2301 n
1548 2253 1591 2307 Ad
1607 2253 1745 2308 terminos
1759 2270 1826 2309 suos

66 2341 293 2389 seeretoeurum
311 2335 347 2390 de
370 2335 715 2403 finedeeernatur,illius
735 2339 919 2394 solummodo
974 2339 1203 2410 unumquodque
1235 2339 1359 2407 ducitur,
1390 2341 1506 2411 qnando
1533 2340 1582 2412 qui
1609 2340 1675 2396 flnis
1704 2342 1826 2397 merito-

67 2423 219 2495 sapientiae
231 2422 922 2496 manifestumest‚eujusamplitudinemscien·
976 2443 1042 2482 rum
1088 2427 1181 2498 gratia
1214 2443 1333 2482 suornm
1364 2427 1494 2499 singulos
1526 2434 1641 2485 maneat
1668 2429 1825 2503 unicnique

66 2512 114 2566 tim
129 2511 920 2588 nihilpotestletere.Alveromortalitatishujnsho·
974 2515 1131 2582 confertur,
1167 2521 1198 2570 nt
1232 2516 1320 2570 istum
1355 2533 1407 2587 pro
1442 2518 1514 2572 bene
1551 2524 1698 2588 gestorum
1733 2525 1825 2574 certa·

68 2601 180 2655 minem
196 2599 328 2654 tenebras
342 2599 500 2672 patientem
515 2606 602 2656 tantae
616 2603 820 2673 profunditatis
835 2605 920 2676 abys-
976 2605 1055 2659 mine
1077 2604 1238 2659 studiorum
1263 2606 1357 2675 gloria
1381 2607 1564 2674 condecoret;
1582 2606 1662 2662 illum
1690 2623 1757 2662 vero
1771 2624 1823 2680 pro

67 2704 317 2762 susnequaqoam
343 2688 476 2757 illustrat,
501 2706 601 2745 verum
623 2691 801 2747 densissime
830 2694 920 2749 noctis
976 2693 1205 2748 malefactorum
1233 2694 1391 2749 intentione
1417 2695 1549 2750 laborum
1573 2712 1656 2767 poenn
1684 2701 1823 2766 coerceat,

66 2779 192 2851 caligine
208 2777 392 2833 involvuntur
406 2778 513 2846 omnia,
530 2778 620 2833 donec
634 2779 859 2852 ventnrfllumen
872 2781 919 2852 ju·
975 2789 1118 2855 quatenus
1133 2783 1215 2837 illuni
1227 2782 1272 2836 sui
1289 2799 1389 2837 cursus
1404 2783 1490 2838 linem
1507 2784 1637 2856 accipiat,
1654 2801 1739 2857 quem
1755 2800 1820 2840 eer-

65 2867 133 2921 dieii
150 2867 334 2938 singulorum
349 2866 918 2938 factaquefinesudaverintinnotescat.
976 2866 1153 2921 tamiuissui
1177 2866 1325 2938 proposito
1353 2868 1479 2938 petebat,
1496 2873 1529 2922 nt
1550 2868 1683 2925 videlicet
1707 2869 1823 2942 quipro

64 2957 204 3028 Tuncque
223 2959 387 3010 sanctorum
404 2954 461 3009 vita
479 2972 544 3026 qum
567 2957 709 3027 probabili
733 2975 818 3013 cursu
831 2959 951 3041 hujusc
972 2956 1077 3011 leheris
1093 2956 1137 3010 sui
1149 2957 1243 3011 studio
1271 2956 1393 3011 coelestis
1418 2956 1519 3028 patriae
1548 2957 1680 3029 quesivit
1699 2958 1821 3013 retribu-

65 3045 95 3099 in
110 3043 215 3099 mundi
228 3042 405 3098 volubilitate
427 3043 540 3098 videtur
555 3044 689 3115 dirigere,
716 3046 914 3103 manifestabi·
971 3044 1091 3112 tionem,
1109 3044 1274 3114 accipiatin
1297 3060 1414 3100 mernere
1444 3045 1522 3117 quod
1537 3047 1673 3116 expetivit
1687 3047 1825 3101 certami-

66 3139 115 3188 tur
129 3138 231 3188 utrum
247 3132 322 3204 quod
339 3132 429 3203 egisse
446 3132 598 3187 ridebatur
612 3133 730 3202 bonum,
747 3151 844 3191 amore
862 3153 918 3191 sm-

66 3222 122 3277 cufi
135 3238 172 3275 an
186 3237 285 3276 amore
298 3221 421 3276 coelestis
446 3221 547 3291 patrie
562 3223 705 3294 peregerit
722 3241 729 3279 :
754 3224 858 3280 divinae
875 3229 917 3280 ta-

66 3327 133 3365 men
149 3308 629 3380 dieitpraedestinatiouisexamine
640 3311 820 3383 dispositum,
832 3330 917 3384 quem

65 3399 123 3453 siut
137 3398 247 3470 singuli
261 3397 351 3452 finem
366 3399 510 3465 sortituri3
526 3399 580 3453 hoc
595 3404 637 3454 est
653 3401 704 3471 qui
725 3400 847 3456 coelestis
870 3418 918 3472 pa·

64 3487 128 3542 triae
141 3487 354 3542 beatitudinem
368 3488 542 3559 percepturi,
558 3488 667 3559 quique
682 3490 818 3560 perennis
835 3490 918 3545 mise·

64 3576 115 3630 riae
131 3575 329 3630 calamitatem
342 3575 465 3631 subituri
480 3575 546 3630 sint.
564 3576 646 3631 Unde
663 3578 787 3632 secundo
806 3578 836 3631 in
853 3578 915 3632 loco

63 3665 190 3736 geminae
205 3663 469 3736 praedestinationis
491 3664 606 3719 intimet
629 3671 770 3720 secretum
786 3666 855 3720 durn
871 3666 915 3721 di·

63 3753 102 3807 cit
116 3769 123 3807 :
136 3752 271 3826 [Sanetus
288 3752 419 3824 quamvis
439 3753 469 3806 in
485 3752 538 3807 hac
562 3753 621 3808 vita
643 3754 832 3824 probabiliter
847 3771 914 3810 con·

63 3847 228 3908 versentur,
246 3841 387 3896 incertum
402 3846 498 3896 tamen
514 3858 574 3897 esse
589 3843 624 3897 ad
647 3859 734 3914 quem
749 3843 807 3898 sint
829 3844 916 3898 linem

63 3927 286 3998 predestinati]
317 3928 440 3983 [licendo
467 3945 592 4001 namque
620 3929 762 3986 incertum
794 3948 853 3986 esse
881 3932 916 3988 ad

63 4032 150 4087 quem
165 4016 227 4071 sint
247 4015 337 4071 finem
359 4017 568 4088 predestinati,
592 4019 717 4074 ostendit
739 4036 796 4074 non
817 4036 917 4076 omnes

62 4104 197 4159 homines
223 4104 258 4159 ad
290 4121 381 4160 unum
402 4107 658 4162 consummationis
684 4109 857 4164 contendere
883 4110 916 4164 ti·

63 4210 131 4249 nem
148 4210 156 4249 :
175 4209 276 4248 rerum
299 4194 370 4248 alios
393 4194 438 4250 sui
460 4195 567 4251 laboris
595 4196 683 4251 finem
708 4201 823 4252 aeteram
845 4214 915 4269 prae-

974 3151 1009 3188 ue
1026 3151 1032 3188 :
1051 3134 1184 3205 quivero
1212 3139 1327 3188 terrena
1355 3149 1407 3204 pro
1435 3134 1608 3200 caelestibus,
1639 3133 1746 3189 caduca
1771 3151 1824 3206 pro

973 3221 1156 3276 manentibus
1172 3220 1320 3291 appetivit,
1341 3236 1400 3273 non
1416 3210 1532 3274 aeternae
1547 3220 1735 3275 beatitudinis
1748 3238 1822 3291 prae-

972 3310 1075 3377 mium,
1103 3308 1180 3381 qrrud
1210 3324 1266 3362 non
1296 3306 1469 3377 concupivit,
1500 3323 1599 3361 verum
1637 3306 1821 3378 sempiternae

972 3397 1163 3454 damnationis
1175 3413 1289 3468 poenam
1305 3395 1442 3462 inveniet,
1452 3411 1504 3467 pro
1515 3412 1572 3467 que
1589 3394 1741 3460 laboravit;
1755 3412 1825 3467 qno-

973 3486 1198 3559 niamquamvis
1222 3484 1381 3540 invitusad
1411 3500 1473 3538 eam
1503 3484 1661 3555 perveniat,
1691 3484 1823 3539 necficet

972 3576 1047 3631 male
1062 3591 1185 3646 operans
1210 3591 1308 3645 poenes
1324 3573 1353 3628 in
1378 3572 1446 3639 fine,
1474 3572 1523 3628 sed
1545 3573 1668 3644 gloriam
1685 3573 1825 3644 concupi-

972 3669 1038 3729 scat,
1056 3665 1170 3735 quando
1198 3668 1296 3717 tamen
1324 3668 1441 3717 aeternae
1469 3661 1669 3732 premievilae
1700 3677 1758 3716 non
1781 3665 1826 3716 est

971 3756 1149 3823 accepturus,
1174 3766 1225 3822 pro
1254 3767 1312 3822 qua
1340 3766 1398 3805 non
1427 3749 1574 3813 laboravit,
1607 3765 1706 3821 poenas
1728 3750 1822 3821 capiat

972 3839 1164 3896 damnationis
1194 3844 1315 3893 artemas
1350 3854 1356 3891 :
1381 3837 1512 3909 quisquis
1542 3837 1618 3892 eninr
1649 3836 1822 3910 sempiterni

970 3928 1040 3985 boui
1053 3928 1103 3984 fiet
1115 3943 1226 3998 expers,
1245 3926 1379 3997 perpetui
1396 3941 1513 3995 compos
1529 3925 1598 3979 mali
1615 3924 1747 3979 efficitur.
1768 3925 1824 3989 Qui

971 4017 1030 4071 sint
1044 4020 1149 4084 autem,
1168 4016 1210 4069 vel
1231 4015 1292 4069 hoec
1316 4013 1359 4068 vel
1376 4013 1426 4067 illa
1447 4012 1621 4084 percepturi,
1637 4012 1686 4067 ille
1711 4016 1823 4067 tanturn

972 4105 1060 4172 novit,
1078 4123 1092 4156 e
1109 4104 1159 4176 qni
1174 4104 1252 4158 ducit
1265 4101 1493 4175 unumquodque
1509 4102 1544 4158 ad
1560 4101 1698 4156 terminos
1714 4117 1789 4155 snos.
1808 4122 1822 4150 n

971 4195 1055 4250 Solus
1070 4193 1177 4248 etenim
1193 4192 1371 4264 singulorum
1394 4190 1533 4246 terminos
1547 4189 1636 4258 novit,
1654 4190 1704 4261 qni
1729 4189 1823 4244 cordis

64 4283 155 4338 mium
171 4282 414 4338 remunerationis
430 4290 618 4353 assecuturos,
633 4284 704 4339 alios
728 4302 795 4339 vero
818 4303 919 4358 perpe·
932 4287 952 4340 D
972 4283 1162 4338 intentionem
1178 4281 1403 4353 uniuscujusque
1417 4279 1562 4352 cognovit,
1576 4283 1661 4351 atqne
1673 4295 1729 4351 qno
1743 4278 1780 4333 sit
1792 4278 1823 4333 in

64 4375 124 4425 ture
137 4370 334 4425 damnationis
359 4378 502 4427 tormenta
526 4373 682 4444 adepturos
698 4389 704 4427 :
722 4373 772 4444 qui
791 4389 857 4428 vero
879 4374 919 4430 il-
974 4371 1120 4444 proposito
1136 4369 1240 4425 mentis
1259 4375 1494 4441 perseveraturus
1516 4384 1573 4423 uon
1596 4368 1720 4440 ignorat.
1737 4368 1823 4440 fsque

64 4460 137 4526 lum,
155 4460 242 4531 quive
258 4460 293 4514 ad
309 4461 396 4516 istum
412 4462 575 4532 pertineant
590 4463 689 4529 finem,
713 4462 742 4515 in
770 4462 823 4516 hac
837 4478 916 4517 mor·
975 4480 988 4509 a
1004 4474 1243 4530 unumquemque
1256 4458 1292 4513 ad
1307 4457 1445 4513 terminos
1469 4473 1535 4511 snos
1550 4457 1682 4528 perducit
1696 4478 1710 4506 a
1727 4473 1733 4511 :
1754 4455 1823 4529 quia

64 4549 186 4603 talitatis
200 4548 326 4620 caligine
341 4549 420 4604 nulla
434 4550 560 4606 veritatis
581 4549 814 4605 manifestatione
836 4568 918 4606 com-

64 4636 272 4708 prehenditur;
289 4653 421 4708 eupernae
436 4639 764 4709 tamendispensationis
776 4639 915 4703 examine,

65 4725 303 4796 praedestinatum
319 4726 380 4782 fore
400 4727 499 4782 doctor
512 4727 564 4781 iste
590 4732 720 4782 testatur.
745 4729 832 4799 Cujus
852 4745 917 4783 seu-

64 4815 165 4868 tentiae
182 4814 323 4869 [lominus
343 4817 377 4871 ed
404 4815 456 4871 lob
471 4815 593 4887 loquens
618 4816 778 4871 consentire
803 4816 916 4872 videtur

63 4902 164 4957 diceus
181 4918 188 4955 :
207 4923 216 4951 r
235 4903 284 4957 Dte
300 4903 370 4957 mihi
388 4903 413 4958 si
428 4904 501 4957 nosti
519 4903 637 4958 omnia:
665 4920 716 4975 per
733 4921 819 4976 qnam
841 4905 915 4960 viem

65 4991 213 5063 spargitur
227 4991 285 5058 lux,
302 4997 330 5046 et
354 4993 539 5047 tenebrarum
564 4993 628 5064 quis
644 4993 724 5049 locus
752 4994 803 5063 sit3
817 5000 848 5047 ut
863 4994 915 5049 du·

64 5096 110 5134 eas
135 5080 366 5151 unumquodque
389 5080 425 5134 ed
451 5080 590 5135 terminos
614 5097 680 5135 suos
703 5081 770 5152 (lod.
801 5099 915 5149 xrxvrn,

66 5170 174 5236 lr-rot.
193 5190 207 5218 »
226 5168 307 5224 Lucis
333 5169 451 5224 nomine
465 5175 630 5225 sanctornm
660 5170 757 5237 vitam,
779 5170 915 5225 tenebre-

65 5272 131 5311 rum
147 5272 214 5311 vero
232 5258 448 5329 nuncupatione
472 5258 664 5329 reproborum
681 5257 821 5328 designet,
847 5258 915 5329 quia

63 5346 199 5401 videncet
216 5347 281 5414 beo,
298 5347 345 5401 cui
370 5346 522 5401 manifeste
543 5353 610 5402 sunt
629 5346 737 5413 omnia,
755 5346 914 5401 certissime

64 5435 155 5488 claret
190 5450 263 5506 quos
296 5435 345 5489 lux
375 5451 507 5507 supernae
533 5451 625 5506 nsque
655 5434 684 5488 in
718 5435 784 5489 vitae
811 5435 914 5489 termi-

64 5522 317 5595 numillustrabit,
341 5528 370 5580 et
396 5540 468 5599 quos
495 5523 675 5581 infidelitatis
699 5523 823 5581 tenebre
846 5529 914 5581 ante

972 4548 1055 4603 illum
1070 4546 1190 4618 singulis
1206 4546 1403 4602 retributionis
1416 4546 1534 4600 daturus
1549 4549 1592 4601 est
1606 4545 1774 4614 terminum,
1786 4545 1822 4601 ad
1908 4546 1910 4557 '

973 4652 1059 4708 quem
1079 4635 1184 4690 mentis
1209 4635 1329 4690 intentio
1357 4651 1438 4689 suam
1468 4633 1571 4689 direxit
1597 4634 1749 4689 actionem.
1778 4635 1822 4710 Sip

971 4742 1039 4797 ergo
1054 4741 1226 4780 verumesse
1241 4723 1430 4791 convincitur,
1456 4723 1534 4795 quod
1558 4729 1673 4778 sanctus
1696 4723 1821 4779 Isidorus

970 4814 1039 4870 dicit
1054 4814 1144 4887 quia:
1175 4813 1323 4889 [Quamvis
1347 4814 1492 4885 justorum
1515 4811 1694 4867 conversatio
1723 4812 1820 4866 inhae

970 4904 1028 4959 vita
1043 4903 1200 4976 probabilis
1224 4903 1270 4969 sit,
1288 4903 1429 4958 incertum
1445 4906 1542 4957 tamen
1568 4901 1734 4956 hominibus
1759 4913 1819 4952 esse

971 4994 1105 5066 adquam
1119 4993 1178 5048 siut
1193 4993 1280 5048 finem
1300 4991 1507 5064 predestinati,
1533 4992 1582 5046 sed
1605 4989 1701 5046 omnin
1725 5000 1818 5040 reser-

969 5081 1030 5135 uari
1044 5082 1141 5137 futuro
1163 5078 1310 5152 examini]
1340 5080 1410 5135 ilinc
1431 5079 1518 5134 etiarn
1546 5077 1736 5148 subjungens,
1753 5072 1816 5126 ait:

970 5169 1051 5242 [liira
1066 5169 1216 5242 dispositio
1231 5174 1274 5224 est
1289 5184 1422 5240 supernoe
1432 5164 1651 5231 distributionis,
1666 5176 1717 5233 per
1729 5176 1817 5232 quam

970 5259 1016 5313 liic
1027 5259 1122 5329 justus
1138 5257 1262 5330 amplius
1274 5258 1458 5329 justificatur,
1480 5252 1586 5324 impius
1611 5249 1736 5321 amplius
1757 5266 1818 5305 sor·

970 5343 1108 5419 didatur,]
1125 5351 1153 5402 et
1166 5361 1231 5419 qua)
1247 5353 1416 5418 sequuntur.
1435 5341 1572 5413 Superius
1592 5339 1626 5394 de
1640 5339 1699 5395 fine
1722 5340 1819 5412 singu·

968 5437 1061 5490 lorum
1079 5451 1203 5507 superna
1218 5433 1470 5507 praedestinatione
1495 5426 1633 5498 disposito
1647 5428 1815 5500 disputavit,

968 5540 1045 5579 nune
1052 5524 1114 5603 jam
1128 5525 1230 5579 docere
1242 5523 1353 5601 incipit,
1365 5518 1441 5601 qnod
1453 5522 1550 5579 tamen
1563 5518 1719 5574 electurum
1730 5535 1817 5601 quom
