3930 6098
200 303 251 357 tlt
764 291 945 348 unianimi
967 289 1200 348 consiiiarius
1219 289 1375 346 honneni
1896 291 1945 344 tlt

200 442 308 490 menta.
327 428 436 504 Cur‘pus
450 432 559 496 autem,
576 428 605 484 in
625 444 682 499 quo
699 443 799 498 passus
828 432 870 482 est
900 425 1038 491 Christus,
1055 427 1078 478 Α
1097 427 1288 496 praestolatur,
1303 424 1460 496 juxtailtnd
1479 422 1651 494 Sapientiae:
1668 423 1814 478 accessisti
1827 424 1864 478 ad
1878 441 1949 480 men·

200 528 228 577 et
240 521 356 591 sanguis
371 520 432 591 ejus
448 519 483 572 de
499 519 586 572 latere
601 517 650 588 qui
676 516 827 582 lituinias
844 520 917 568 sunt.
939 517 1042 569 llarum
1099 517 1302 584 snmpctcntim
1331 514 1475 582 diligenter
1500 511 1610 566 (attende
1637 527 1697 582 quae
1726 512 1952 584 tibismitnppo·

198 627 266 664 sero
283 625 377 663 rerum
392 605 526 678 mysteria
545 605 615 658 dicit
630 621 690 658 esse
714 609 890 658 sacramenta
917 603 1045 673 corporis
1099 607 1161 662 sita,
1185 605 1271 656 sciens
1298 604 1363 671 qiiiu
1397 603 1464 654 tutin
1495 605 1518 654 te
1539 605 1643 668 oportet
1674 615 1832 668 pransurum
1856 601 1949 667 (Pace.

199 704 227 752 et
240 697 388 768 sanguinis
404 694 517 759 Christi,
534 709 598 764 quie
614 693 796 747 celebrantur
810 693 846 746 oh
872 677 1040 747 memoriam
1100 707 1176 756 iiiiii,
1198 695 1233 756 l).
1264 689 1405 744 Accedere
1423 687 1461 741 ad
1493 703 1619 741 mensam
1648 689 1784 757 potentis,
1801 693 1843 741 est
1864 688 1949 741 divini

200 784 355 840 Dominicae.
368 781 518 855 passionis,
547 796 606 834 noa
628 781 719 833 sotum
737 795 789 850 per
801 794 900 832 omnes
924 777 1044 841 ll'ascbm
1099 779 1269 850 participem
1286 779 1431 832 libaminis
1446 775 1509 830 lieri
1528 792 1534 829 :
1552 776 1737 829 consideratis
1752 791 1819 829 iero
1834 775 1945 847 apposi-

199 874 392 928 sotemnitates
408 870 528 941 singulis
543 869 636 936 annis,
653 884 753 923 verum
771 868 856 921 etiam
880 866 1001 938 singulis
1016 867 1044 920 in
1099 873 1206 935 torum,
1220 867 1332 922 Domini
1348 865 1473 936 eorporis
1484 869 1512 918 et
1524 864 1674 935 sanguinis
1689 870 1733 919 est
1746 864 1946 936 intelligentia.

201 975 276 1014 enno
287 959 396 1013 diebus.
1100 956 1208 1022 Quibus
1236 956 1367 1028 quisquis
1396 953 1558 1025 participat,
1575 953 1705 1007 advertat
1719 969 1748 1007 se
1764 954 1830 1007 tatia
1846 953 1948 1007 debere

236 1047 356 1103 lilllll’ll.
384 1049 416 1102 m
439 1061 609 1100 cumunnm
626 1044 792 1115 sitleorpus
809 1035 999 1111 Dominiciim,
1016 1043 1045 1097 in
1098 1059 1270 1115 preparare,
1292 1047 1323 1096 ut
1350 1043 1411 1112 eJus
1437 1041 1566 1095 imitator
1593 1041 1705 1095 existat·
1722 1041 1944 1108 commoriendo,

199 1153 256 1206 qiio
272 1137 357 1190 semel
374 1151 474 1206 passus
488 1137 586 1197 est;et
606 1133 816 1203 unussanguis‚
838 1133 887 1204 qui
899 1133 1045 1204 prosalute
1100 1133 1180 1203 cujus
1206 1130 1374 1184 memoriam
1407 1129 1518 1194 mortis,
1550 1129 1946 1194 noasotumcredeiido,ie·

201 1224 301 1279 nittndi
317 1225 397 1278 lusus
412 1229 472 1276 est:
495 1228 621 1276 attamen
647 1227 824 1276 sacramenia
853 1221 980 1292 ipsarum
996 1237 1046 1274 re·
1100 1235 1163 1274 rum
1177 1219 1262 1272 etiam
1278 1217 1419 1287 gustando
1433 1218 1596 1271 cantitetur.

200 1328 265 1367 runi
288 1312 645 1382 i'oeabulatsumpserunt,
667 1316 700 1364 ut
728 1310 859 1363 dieantur
886 1324 987 1381 corpus
1018 1312 1046 1362 et
1134 1309 1244 1364 xxxix.
1271 1309 1341 1362 ltem
1366 1306 1467 1360 beatus
1496 1306 1648 1376 Apostolus
1665 1305 1699 1359 ad
1724 1305 1879 1360 rienraeos:
1902 1308 1948 1361 Te-

201 1401 317 1471 sangnis
343 1400 457 1467 Christi,
486 1416 550 1453 cuin
579 1403 696 1469 propter
711 1397 926 1451 similitudinem
949 1413 1045 1451 rerum
1101 1398 1134 1452 tis
1148 1399 1222 1451 euim
1237 1395 1346 1449 decebat
1366 1399 1395 1448 nt
1410 1394 1486 1448 uobis
1501 1398 1567 1448 esset
1581 1396 1718 1463 pontifex,
1739 1400 1859 1461 sauctus,
1875 1396 1949 1449 inno-

202 1489 420 1560 quasinnuunt,
434 1488 473 1543 sic
496 1486 791 1558 appellentur:sicut
815 1485 921 1539 Pascha
937 1491 966 1539 et
991 1487 1045 1540 Re·
1100 1485 1348 1554 cenaimpoltutns,
1375 1481 1771 1551 seprepotnsopcccetoribus,
1806 1488 1831 1537 et
1861 1485 1947 1538 cacel-

201 1579 339 1631 snrrectio
364 1576 477 1630 Domini
493 1581 640 1641 iocantur,
658 1590 722 1645 qua
738 1589 788 1645 per
802 1574 929 1642 singulos
955 1590 1046 1627 annos
1099 1577 1156 1628 sior
1178 1575 1250 1627 certis
1275 1575 1376 1639 [aretas.
1409 1572 1460 1637 Diri
1474 1587 1526 1625 aon
1548 1571 1626 1624 biitet
1641 1575 1836 1626 necessitatem.
1861 1587 1947 1640 priem-

201 1666 391 1730 celebrantnr,
417 1679 481 1716 cum
510 1662 597 1715 semel
621 1661 649 1714 in
675 1661 767 1732 seipso
783 1678 881 1732 passus
897 1663 933 1714 sit
945 1665 971 1714 et
997 1677 1046 1715 re·
1100 1658 1413 1721 bdmodumsncerdotes.
1435 1661 1557 1730 qiiotidie
1576 1661 1678 1715 hostius
1693 1660 1789 1729 offerre
1803 1663 1881 1730 prius
1900 1676 1947 1731 pro

202 1752 368 1815 surriserit,
385 1750 512 1804 needies
536 1750 579 1804 illi
603 1750 662 1819 jam
679 1750 788 1819 possint
816 1749 952 1812 revocari,
978 1725 1082 1821 qno·B
1100 1754 1157 1806 suis
1172 1751 1286 1812 delictis,
1315 1749 1583 1819 deindepmpopati
1601 1764 1607 1802 :
1627 1750 1839 1816 boceiiimsecit
1858 1751 1945 1815 saniei,

200 1842 277 1894 niani
301 1841 512 1911 pratensi-nni.
536 1837 725 1908 Appellantur
741 1843 837 1891 tamen
854 1838 970 1891 illorum
995 1854 1048 1891 io·
1100 1855 1128 1894 se
1144 1838 1278 1908 offerendo
1298 1840 1426 1893 Dominus
1440 1840 1516 1892 iesus
1533 1838 1656 1893 Christus
1668 1838 1746 1896 illei.
1763 1854 1813 1906 vu,
1830 1839 1875 1904 26,
1891 1840 1944 1905 ir).

200 1930 300 1984 cabulo
314 1928 374 1982 dies
389 1927 493 1999 quibus
508 1926 648 1981 memoria
665 1926 818 1979 Dominiem
835 1926 974 1997 passionis
988 1926 1046 1980 sire
1101 1926 1181 1992 Quod
1198 1927 1285 1981 semel
1296 1925 1384 1997 ,fecii
1409 1942 1485 1979 nunc
1510 1927 1638 1996 quotidie
1652 1925 1833 1996 hequentat:
1859 1926 1944 1980 semel

201 2016 418 2072 resurrectionis
442 2023 696 2083 commemoratur,
722 2014 915 2085 idcircoquod
931 2014 1046 2068 illorum
1100 2016 1176 2070 euim
1193 2014 1381 2085 propeccatis
1410 2013 1509 2084 populi
1535 2029 1564 2066 sa
1588 2013 1700 2080 obtulit,
1718 2014 1880 2068 celebratur
1902 2020 1943 2068 ta·

198 2104 418 2159 similitudinem
447 2103 573 2157 habeant
601 2103 711 2156 dierum
743 2102 1044 2173 quibusSaliatorse·
1100 2120 1166 2158 men
1188 2104 1363 2158 baiceadem
1392 2102 1497 2156 oblatio
1512 2102 1633 2171 singulis
1649 2119 1701 2172 per
1717 2102 1814 2157 lideles
1828 2103 1941 2174 ,diebus

198 2196 253 2248 met
270 2208 370 2263 passus
386 2197 428 2245 est
440 2196 468 2245 et
479 2191 566 2245 semel
583 2190 745 2245 resurrexit.
1100 2192 1148 2246 sed
1165 2191 1194 2246 iii
1211 2192 1355 2262 mysterio,
1389 2195 1420 2244 ut
1448 2190 1522 2261 quod
1551 2190 1687 2244 Dominus
1715 2193 1796 2246 lesus
1821 2191 1945 2246 Christus

234 2281 368 2337 xxxviii.
386 2280 465 2335 Unde
493 2279 752 2345 dicimus:llo·iie,
780 2278 823 2332 iel
843 2280 975 2343 cras,vel
992 2297 1045 2350 pe-
1099 2279 1371 2334 senielseollereus
1398 2280 1575 2349 adimplevit.
1605 2280 1658 2333 boc
1680 2281 1942 2351 iuejuspassinuis

198 2370 307 2437 modic,
336 2368 451 2424 Domini
480 2367 587 2422 Pascha
611 2370 663 2432 est,
680 2366 723 2420 iel
751 2366 948 2433 Resurrectio,
979 2382 1044 2420 cuni
1100 2368 1269 2424 memoriam
1293 2368 1420 2439 quotidie
1443 2373 1559 2438 geratur
1580 2384 1631 2438 per
1660 2369 1862 2440 mysteriorum
1878 2369 1944 2424 cele·

199 2457 448 2528 diesilli,quibus
470 2458 531 2511 brec
554 2461 634 2525 geste
659 2460 736 2523 sunt,
766 2455 936 2526 multisjam
963 2456 1045 2510 annis
1098 2457 1271 2511 brictionem.

198 2546 399 2619 praeterierint.
429 2545 475 2601 Sic
499 2544 586 2599 etiam
611 2543 740 2597 dicamus
769 2543 921 2597 Dominum
944 2543 1044 2598 immo-
1135 2545 1176 2599 llL
1200 2547 1365 2599 b'ectamen
1383 2544 1453 2598 salso
1474 2544 1717 2617 diciturquodin
1748 2547 1893 2617 mysteriis
1917 2547 1943 2601 il·

198 2635 249 2690 lari
278 2633 395 2705 quando
418 2632 561 2704 passionis
584 2632 646 2701 ejus
660 2636 837 2684 sacramenta
851 2632 1041 2700 celebrantur,
1098 2633 1133 2687 tis
1146 2634 1285 2688 Dominus
1304 2633 1347 2686 iel
1359 2633 1526 2686 immoletur
1547 2633 1587 2686 rel
1604 2633 1729 2702 patiatur
1755 2635 1895 2704 quoniam
1910 2635 1942 2690 it-

197 2723 365 2776 eumsemel
384 2721 649 2793 prosalutemundi
666 2720 1043 2774 sitimmolatusinsemet·
1098 2721 1153 2775 lius
1181 2721 1281 2776 mortis
1306 2727 1391 2792 atque
1419 2721 1561 2792 passionis
1590 2720 1700 2776 liabens
1715 2721 1940 2789 similitudinem,

197 2812 271 2882 ipso,
307 2811 380 2865 sicut
408 2809 560 2880 Apostolus
580 2810 637 2863 ait:
669 2809 792 2865 Christus
818 2822 917 2876 passus
941 2813 1044 2877 estpro
1097 2809 1740 2882 quanmexistuntrepraesentationes.Unda
1765 2811 1940 2866 Dominicum

197 2900 283 2966 nobis,
299 2899 373 2954 uobis
389 2897 544 2966 relinquens
555 2897 704 2966 eremplnin
716 2901 745 2951 ut
764 2898 917 2965 acquainini
929 2898 1044 2964 vestigia
1097 2913 1201 2970 corpus
1216 2905 1244 2952 et
1259 2898 1375 2970 sanguis
1400 2897 1566 2953 Dominieus
1593 2898 1784 2970 appellantur,
1808 2901 1940 2971 quoniam

198 2989 256 3055 ejus
281 2989 306 3056 tl
333 2989 404 3042 l'etr.
438 3003 468 3054 u,
493 2988 549 3053 tl).
575 2986 636 3040 Non
664 2984 741 3039 enim
771 2984 848 3056 quod
872 2984 1042 3054 quotidiein
1059 3023 1079 3077 C
1098 2987 1161 3057 ejus
1190 2993 1309 3042 sumunt
1335 2987 1570 3058 appellationem,
1599 2988 1682 3058 cujus
1709 2988 1834 3042 existunt
1854 3005 1941 3044 sacra·

198 3078 289 3148 scipso
304 3075 430 3147 patiatur
449 3074 524 3145 quod
541 3073 628 3128 semel
658 3072 731 3128 lecit.
748 3073 916 3144 Exemplum
940 3074 1043 3138 {autem
1098 3081 1237 3131 mentum.
1256 3076 1326 3131 llinc
1340 3076 1576 3131 beatuslsidurus
1591 3076 1620 3130 in
1647 3076 1726 3130 libris
1751 3076 1939 3149 Etymologia·

198 3163 411 3234 nobisreliquit
436 3162 512 3232 quod
537 3161 566 3216 in
582 3161 718 3232 mysterio
735 3161 850 3215 Domini
874 3162 1047 3232 corporiset
1098 3165 1236 3236 runi(lib.
1256 3181 1369 3234 aucep.
1398 3165 1441 3235 tit)
1459 3164 1571 3219 sicait:
1590 3183 1603 3216 e
1620 3164 1796 3219 Sacrificium
1824 3165 1938 3232 dictum,

196 3251 482 3323 sanguinisquotidie
497 3250 677 3304 credentibus
694 3255 893 3321 praesentatur,
919 3254 950 3303 ut
970 3249 1046 3321 quis·
1098 3255 1178 3327 qnasi
1192 3271 1303 3308 sacrum
1324 3253 1442 3319 factum,
1465 3253 1533 3325 quia
1552 3269 1636 3323 prece
1658 3253 1775 3323 mystica
1790 3269 1937 3308 consecra·

197 3341 261 3412 qiiis
276 3340 311 3393 ad
328 3339 399 3394 illud
414 3338 573 3406 accesserit,
589 3337 708 3402 noverit,
725 3352 754 3389 so
779 3336 960 3407 passionibus
983 3337 1046 3406 ejus
1097 3343 1183 3397 turin
1193 3341 1362 3397 memoriam
1370 3358 1422 3413 pro
1430 3341 1512 3394 nobis
1527 3340 1683 3395 Dominae
1695 3341 1937 3411 passioniands

197 3429 297 3484 sociari
312 3428 425 3495 dehere,
447 3441 569 3499 quarum
582 3425 738 3496 imaginem
750 3423 779 3478 in
795 3423 881 3478 sacris
902 3424 1045 3494 mysteriis
1097 3431 1161 3496 hoc,
1178 3446 1211 3483 eo
1229 3429 1359 3500 jubente,
1382 3444 1485 3499 corpus
1507 3428 1611 3483 Christi
1638 3434 1666 3482 et
1688 3429 1861 3499 sanguinem
1876 3429 1938 3486 dici·

196 3584 372 3657 contigitdie
390 3601 447 3657 quo
462 3601 490 3638 se
506 3581 607 3638 mortis
623 3580 803 3636 exactoribus
818 3578 948 3651 permisit
974 3595 1043 3651 sup·
1095 3585 1133 3640 tis
1152 3583 1330 3638 sustinuerit.
1360 3584 1465 3639 Verum
1496 3584 1677 3639 haecomnia
1703 3600 1761 3638 non
1782 3584 1939 3656 impediunt

196 3657 283 3729 pileio
299 3657 400 3711 crucis.
430 3657 493 3709 itanc
514 3660 557 3708 est
581 3669 648 3706 iera
663 3658 692 3706 et
705 3657 838 3706 constans
856 3651 983 3705 Ecclesiae
997 3667 1042 3704 ca·
1096 3655 1166 3727 quin
1184 3670 1287 3724 corpus
1300 3655 1403 3709 Christi
1417 3655 1478 3725 jani
1495 3655 1654 3725 gloriosum
1670 3656 1699 3709 iii
1716 3656 1786 3711 coelo
1806 3655 1937 3711 Eucheri-

197 3730 310 3783 tliolieae
331 3725 578 3795 doctriua3quam
595 3722 968 3792 llatramnussingularitei·
995 3737 1042 3775 eii·
1096 3725 1151 3780 stia
1165 3725 1397 3796 permansionem
1414 3726 1517 3780 habeat
1541 3725 1628 3781 modo
1656 3727 1799 3797 spirituali
1815 3727 1937 3782 sensibus

195 3801 314 3870 penitet
329 3798 460 3851 enucleat
484 3795 574 3849 verbis
591 3795 720 3866 epistolii
732 3794 822 3847 sancti
844 3791 1043 3863 Augustiniad
1096 3796 1499 3867 nonsubjaetoetcorporati‚
1518 3797 1561 3851 nti
1589 3798 1770 3867 recognoscit
1792 3799 1855 3868 ipse
1886 3798 1936 3853 lta·

197 3870 383 3933 bonifacium,
405 3867 557 3945 Utcunque
583 3881 628 3918 res
646 3865 713 3925 Sint.
735 3863 974 3944 abnuenteSiiito
994 3862 1042 3943 Se·
1096 3868 1265 3922 tramnusin
1278 3867 1408 3937 pluribus
1429 3869 1472 3921 sni
1486 3868 1617 3948 opusculi
1642 3868 1720 3933 locis,
1751 3873 1779 3921 et
1794 3868 1934 3939 speciatim

195 3940 277 3995 nensi
301 3941 337 4009 (u)
367 3936 490 3991 intendit
512 3951 617 4014 animo
636 3937 832 3988 demonstrare
857 3933 982 4003 aliquam
1004 3949 1041 4013 ,ιιι
1096 3940 1216 3992 num28
1243 3943 1271 3992 et
1286 3940 1320 3993 30
1335 3943 1420 3992 antea
1434 3939 1536 4005 citatis,
1550 3943 1578 3992 et
1592 3953 1673 3992 num.
1692 3940 1762 3993 mei
1777 3941 1822 4005 99,
1836 3938 1934 4010 inqui·

195 4009 371 4066 Eucliaristia
395 4009 516 4085 liguram
542 4010 706 4058 consistere·
739 4005 804 4058 liare
830 4004 961 4084 amplier}
981 4004 1042 4058 dis·
1096 4009 1149 4063 bus
1177 4008 1217 4063 ait
1242 4009 1322 4063 tusus
1337 4010 1495 4078 theologus,
1510 4008 1648 4078 quoditie
1665 4012 1745 4077 panis
1760 4010 1875 4063 etcatia
1892 4009 1934 4078 pai

194 4081 354 4152 captatione
369 4094 423 4130 nun
440 4073 685 4155 iridigent3nei·ha
700 4076 789 4128 sancti
804 4077 956 4145 augustini
972 4074 1042 4128 inri-
1096 4094 1192 4147 eorpns
1220 4085 1245 4134 et
1272 4082 1385 4146 senonis
1410 4081 1512 4135 Christi
1541 4082 1700 4134 irominatnr
1726 4084 1751 4133 ct
1776 4082 1882 4135 existit.
1906 4078 1933 4134 tit

194 4152 320 4207 ctissime
347 4145 557 4218 puiliaotbane
576 4146 663 4198 sitisse
695 4146 866 4199 sententiam
895 4145 1043 4199 llatramni
1068 4184 1070 4188 ι
1095 4150 1289 4220 intelligamus
1311 4167 1343 4204 ex
1359 4150 1394 4202 iis
1407 4150 1460 4203 hoc
1475 4155 1685 4204 sacramentnm
1713 4152 1931 4205 nonsolumas

194 4228 222 4276 et
237 4218 377 4276 Pascbaaii
391 4233 465 4269 noun
480 4217 631 4282 saecuto‚et
644 4220 796 4285 utrumque
812 4216 865 4269 boc
878 4215 1042 4270 lacusancti
1096 4236 1209 4275 sumere
1225 4236 1329 4274 nomen
1347 4220 1387 4274 rei
1403 4220 1484 4290 cujus
1502 4225 1545 4273 est
1558 4224 1780 4283 sacramentum.
1801 4223 1849 4276 sed
1880 4234 1931 4276 reu

109 4306 117 4318 ·
194 4288 344 4358 bugiistini
378 4286 535 4339 iiudicasse
561 4286 635 4339 banc
662 4287 821 4347 veritatem,
859 4285 1041 4341 Paschasium
1096 4291 1188 4362 ipsam
1202 4307 1262 4344 esse
1277 4291 1446 4344 etexistere.
1466 4291 1554 4344 Porro
1575 4307 1607 4345 ex
1624 4292 1668 4346 bis
1683 4291 1795 4345 videtur
1819 4289 1932 4346 dilucide

194 4361 301 4415 scilicet
328 4361 449 4411 tractatu
468 4356 502 4409 de
534 4355 660 4427 Corpore
686 4362 713 4410 et
747 4357 892 4428 Sanguine
925 4357 1040 4422 Christi,
1096 4361 1237 4432 applicata
1268 4361 1414 4414 voluntate
1446 4360 1600 4416 intendisse
1634 4362 1763 4415 eamdem
1793 4362 1931 4416 veritatem

194 4447 260 4501 pag.
276 4431 338 4493 623,
356 4428 398 4481 lit.
414 4428 472 4481 Cet
483 4427 514 4480 D.
535 4426 666 4480 Etllictim
683 4427 771 4497 igitur
786 4433 880 4481 caveat
897 4427 1042 4481 studiosus
1096 4432 1265 4486 confirmare
1280 4447 1367 4502 quarn
1387 4433 1520 4502 exposuit
1539 4447 1619 4485 num.
1643 4434 1686 4494 m,
1713 4431 1743 4485 iii
1762 4448 1820 4502 qno
1845 4433 1886 4486 ait
1904 4431 1931 4484 da

194 4503 281 4555 lector
296 4497 430 4552 utriusvis
444 4497 558 4567 opsculi
574 4503 624 4550 aut
646 4499 747 4551 utriusi
759 4514 794 4551 ue
811 4513 877 4551 nea
900 4497 1039 4551 memoria
1093 4500 1242 4572 speciebus
1270 4503 1351 4570 panis
1375 4507 1403 4555 et
1429 4502 1488 4556 vini
1508 4501 1682 4573 subquibns
1705 4518 1810 4572 corpus
1840 4497 1931 4557 Christi

194 4571 305 4624 excidat
321 4583 446 4638 unquam
463 4572 672 4621 sacramentum
689 4568 745 4622 Euc
758 4568 883 4631 iaristia,
896 4573 1039 4638 quatenus
1093 4571 1241 4637 delitescit,
1256 4587 1309 4626 non
1324 4573 1397 4641 qued
1415 4573 1532 4627 ducrum
1548 4575 1604 4628 sint
1620 4576 1771 4627 eaisteati'ae
1795 4588 1885 4627 rervm
1895 4574 1930 4625 iu·
1951 4598 1955 4605 ,

194 4644 403 4695 sacramentum
417 4655 477 4691 asse
494 4639 674 4704 memoriam,
690 4654 854 4708 expressam
872 4639 1037 4708 imaginem,
1093 4646 1133 4696 ter
1146 4642 1375 4699 senine-soram:
1394 4647 1422 4696 et
1436 4659 1516 4698 num.
1533 4644 1577 4708 24,
1595 4644 1623 4696 in
1641 4660 1697 4713 ipio
1710 4644 1856 4713 conceptis
1867 4640 1928 4697 ieri·

193 4710 411 4767 similitudinem
422 4713 451 4763 et
463 4709 584 4779 liguram
594 4711 720 4779 corporis
729 4710 831 4764 Christi
847 4709 994 4762 morientis
1010 4715 1039 4761 et
1091 4711 1136 4766 bis
1150 4712 1233 4767 docet
1270 4714 1336 4779 uod,
1352 4717 1400 4782 qni
1411 4720 1504 4782 posteo
1519 4729 1616 4782 coepitis
1629 4714 1662 4767 dc
1677 4715 1791 4781 Vir-piae
1801 4719 1926 4785 sumptio
1950 4760 1958 4765 .

193 4782 329 4847 crucitlsi,
347 4781 552 4848 etsanguiuem
569 4780 778 4833 ellunrtentisin
789 4779 909 4848 gratiam
923 4784 951 4831 et
963 4776 1037 4830 salu·
1091 4788 1117 4834 et
1143 4798 1194 4851 pro
1220 4730 1307 4837 sainte
1324 4785 1489 4838 credentium
1513 4787 1543 4837 i'n
1572 4799 1649 4838 crece
1663 4798 1822 4852 suspensum
1840 4783 1928 4838 nasim
1955 4829 1965 4834 ,

193 4860 249 4909 teni
266 4851 414 4907 bominum
429 4856 470 4916 ,et
486 4850 810 4920 proptereaimpositum
827 4848 931 4902 habere
941 4864 1039 4916 corpo·
1090 4855 1196 4908 saeculis
1208 4855 1341 4919 exhibuit,
1357 4859 1382 4906 et
1396 4870 1468 4908 caco
1487 4857 1631 4922 sanguinis
1646 4855 1748 4908 nitatem
1762 4854 1872 4922 effudit,
1886 4865 1928 4907 neti
1944 4850 1951 4865 ”

194 4921 599 4990 risnoniauetsauguinistcsu
621 4918 1037 4988 Christi:necquidquamesse
1090 4924 1175 4977 solnm
1198 4939 1252 4992 qno
1266 4923 1466 4986 redimeremur,
1493 4927 1680 4979 verumetiam
1702 4929 1872 4993 potaremur.
1905 4922 1955 4976 ii-

192 5011 277 5067 quam
297 4995 377 5048 lasus
392 4991 520 5045 Christus
534 4991 595 5060 ipse
612 4991 641 5043 in
662 4991 765 5043 arbore
787 4989 879 5041 crucis
899 4988 1037 5042 anhelans
1091 5008 1171 5046 num.
1188 4995 1222 5046 is
1242 4999 1269 5047 et
1279 4996 1313 5048 28
1330 5009 1336 5048 :
1357 4995 1416 5062 lpse
1431 5009 1548 5063 iramque
1564 4997 1612 5063 qni
1625 5010 1696 5050 nunc
1709 4997 1738 5048 ia
1753 4996 1875 5049 Ecclesia
1887 5007 1929 5048 cir

192 5075 221 5121 ai
239 5064 387 5120 ossundens
406 5062 574 5130 sanguinem
590 5077 642 5129 pro
659 5057 843 5139 noliis30u⁰d
861 5058 975 5129 quidem
993 5060 1037 5113 his
1090 5065 1333 5132 nipotcntinirtute
1347 5079 1445 5132 panem
1469 5070 1494 5118 et
1512 5068 1606 5120 sirium
1632 5068 1661 5119 in
1677 5067 1721 5119 sui
1742 5070 1865 5134 corporis
1878 5077 1929 5119 ecr-
1954 5102 1957 5107 ·

191 5133 400 5191 conditionibus
424 5147 521 5186 revera
546 5132 575 5183 in
606 5130 880 5210 Dacharist'ia'non¹
899 5131 1035 5193 consistit,
1090 5136 1430 5204 acmetpropriicruoi·is
1453 5135 1555 5190 undoni
1580 5137 1766 5205 spiritualiter
1796 5134 1928 5192 coniiertit·

192 5203 480 5262 sedsolummodoin
500 5215 669 5278 memoriam
694 5199 1035 5266 etsunititndineni,non
1090 5202 1170 5268 Diiod
1200 5206 1315 5275 quidem
1331 5221 1485 5259 asermoue
1501 5211 1529 5259 et
1543 5207 1702 5260 elocutione
1720 5206 1865 5261 paschasii
1884 5214 1931 5260 not

191 5293 271 5330 secus
299 5292 331 5328 ac
356 5275 416 5329 dies
444 5271 586 5325 l‘asebatis
603 5270 663 5322 dies
688 5271 903 5323 rerurrectionis
931 5287 1036 5324 nuncu·
1089 5274 1292 5344 differt,quem
1310 5290 1395 5329 nemo
1421 5276 1507 5330 bomo
1536 5276 1637 5330 litteris
1666 5283 1796 5330 assuetus
1828 5274 1950 5332 dubitet·

192 5354 276 5419 patur
292 5343 404 5400 tametsi
420 5339 550 5411 pluribus
564 5339 764 5419 ahliinc'annis
778 5349 805 5393 et
824 5341 935 5395 saeculis
950 5341 1033 5396 Chri·
1089 5344 1175 5399 ildein
1191 5360 1277 5414 qiiam
1292 5345 1475 5400 defendimus
1493 5347 1625 5400 eamdem
1642 5349 1778 5401 tuendam
1800 5348 1933 5419 recepisse

191 5429 249 5472 stus
265 5416 404 5472 Dominus
433 5409 522 5465 semel
537 5409 637 5463 eadem
654 5425 712 5464 sive
733 5409 819 5465 simili
831 5413 877 5465 die
891 5411 1032 5479 revixerit,
1088 5413 1297 5484 inepistotaad
1324 5416 1527 5485 Frudgardum
1546 5418 1605 5471 :Et
1624 5422 1709 5472 totum
1742 5419 1874 5486 spiritate
1900 5413 1936 5473 eti

190 5496 218 5541 nt
233 5490 294 5544 dies
307 5483 407 5539 mortis
426 5487 463 5561 et·
491 5479 609 5561 assionis
627 5480 804 5561 ieriausexta.
856 5498 899 5536 na
916 5488 1034 5536 vocatur
1088 5485 1161 5552 qaod
1179 5485 1372 5542 celebraturis
1399 5489 1447 5543 boc
1466 5492 1645 5554 sacramento,
1672 5489 1736 5557 pisia
1763 5489 1883 5559 spiritns
1902 5486 1936 5544 est

190 5563 296 5623 sancta,
312 5553 379 5608 licet
388 5498 519 5624 pluridns
531 5551 636 5606 abhinc
645 5566 728 5605 annis
738 5497 948 5607 semeldolores
959 5568 1034 5607 mor·
1088 5557 1136 5623 pm·
1149 5556 1279 5622 ρι’ριρςαι,

276 5673 444 5727 bibliothece
460 5678 568 5734 sanctie,
585 5673 632 5724 lib.
646 5688 680 5736 ii,
692 5673 793 5725 obsera.
810 5675 862 5723 tet.
