3930 6098
73 258 107 313 al
456 286 460 293 ·
623 256 668 312 DE
688 254 1022 314 Puauusrtrlnrtorlb
1042 253 1111 311 out.
1127 283 1162 295 -
1178 253 1242 311 ΗΒ.
1262 255 1282 309 1.
1790 265 1825 319 38

69 390 141 445 ltem
157 389 235 461 quod
249 392 345 444 certus
365 392 407 443 est
420 402 559 442 uumerus
583 387 864 459 predestinatorum,
888 388 919 442 iu
938 389 960 444 Α
977 386 1048 442 divit
1070 390 1099 441 et
1112 385 1221 441 didicit.
1237 385 1340 456 Quare,
1360 386 1508 459 inquiunt,
1523 405 1582 444 nou
1596 406 1697 446 omnes
1719 391 1822 448 docet‘l

69 476 172 531 eedem
187 476 272 544 libro,
287 491 352 531 cum
368 475 403 530 de
422 474 467 528 his
481 474 712 546 loquereturqui
732 491 920 547 perseverau·
975 475 1005 530 Si
1024 473 1180 529 dixerimus
1203 471 1272 544 quia
1295 474 1398 528 uolunt
1421 475 1540 538 discere,
1568 493 1641 547 quos
1655 494 1713 533 uon
1730 477 1822 547 docet,

69 566 245 621 tiamabeo
270 569 451 635 acceperuut,
472 568 505 618 ut
523 563 617 633 perire
633 579 690 618 uon
712 563 833 634 possint,
861 564 922 618 baee
976 562 1197 634 respondebitur
1223 562 1317 629 nohis,
1344 567 1372 617 et
1396 565 1446 619 ubi
1474 571 1516 620 est
1544 567 1621 638 quod
1647 567 1673 621 ei
1693 567 1820 623 dicitur:

69 653 155 719 inter,
170 652 282 706 locutus
305 655 358 706 est.
379 650 456 721 [llaec
472 649 508 704 de
523 648 567 703 bis
582 649 685 721 loquor
702 649 752 720 qui
767 650 920 720 praedesti·
976 669 992 702 a
1008 650 1092 717 Deus,
1104 654 1137 705 tu
1151 649 1482 706 converteusvivilicabis
1497 653 1568 708 nos‘l
1581 674 1594 704 n
1613 656 1695 721 (Psol.
1712 670 1822 723 cxxxiv,

70 741 130 795 uati
144 744 214 794 suut
227 740 260 794 in
273 754 396 810 reguum
418 737 479 802 Dei,
493 751 617 807 quorum
632 736 673 790 111
697 742 794 790 certus
808 740 854 790 ast
866 752 920 790 nu·
975 741 1015 807 7.)
1033 742 1090 794 hot
1111 739 1134 794 si
1161 754 1218 793 non
1243 738 1309 793 lacit
1327 740 1457 794 volentes
1485 757 1520 796 ex
1543 742 1707 798 nolentibus
1735 743 1821 810 Deus,

70 844 178 895 merus,
204 833 305 883 utnec
324 826 449 882 addetur
472 827 694 896 quisquamnec
724 825 922 880 minuaturex
976 834 1008 882 ut
1026 827 1096 898 quid
1110 831 1173 882 orat
1185 827 1309 881 Ecclesia
1328 828 1485 883 secuudum
1500 835 1674 901 praeceptum
1703 831 1819 886 Domini

69 919 110 972 eis
125 933 205 972 :nou
219 916 309 971 dehis
324 916 374 986 qui
384 929 450 969 cum
459 913 660 968 annuntiasset
669 918 697 967 et
707 913 821 966 loculus
836 916 921 979 esset,
976 915 1084 987 (Metal.
1106 932 1132 983 v,
1146 916 1201 984 44),
1227 932 1278 986 pro
1297 915 1530 986 persecutoribus
1544 915 1631 988 suis‘l]
1659 918 1730 972 ltam
1744 918 1822 988 quod

71 1027 82 1055 ι
100 1004 285 1075 multiplicati
297 1008 461 1072 suutsuper
475 1000 721 1070 uumerumlPscl.
739 1015 836 1066 xxm,
849 1003 876 1067 6)
888 1015 919 1054 ε»
976 1004 1039 1058 aliis
1065 1003 1148 1058 detur
1162 1002 1233 1058 fides
1250 1020 1307 1074 qua
1330 1005 1483 1070 salvantur,
1506 1010 1535 1059 et
1561 1005 1624 1059 aliis
1641 1021 1697 1059 nen
1728 1006 1821 1074 detur,

70 1091 126 1160 ipsi
140 1091 221 1145 enim
245 1091 336 1145 uocati
357 1090 415 1145 dici
437 1092 569 1158 possunt,
586 1102 645 1141 nou
668 1090 763 1142 autem
796 1109 807 1137 ι
827 1086 918 1151 electi,
976 1106 1035 1145 non
1047 1105 1107 1145 esse
1118 1090 1342 1159 discutiendum,
1357 1092 1501 1147 iueodem
1513 1092 1584 1146 libro
1599 1092 1669 1163 (cop.
1686 1093 1712 1163 9)
1730 1093 1823 1148 :tides

70 1181 140 1251 quia
155 1195 215 1234 nou
229 1178 384 1233 secuudum
399 1177 579 1249 propositum
591 1177 691 1231 vocati.
714 1174 742 1248 o]
975 1177 1065 1248 igilur
1089 1182 1117 1231 et
1135 1176 1269 1233 inchoata
1291 1185 1318 1234 et
1342 1178 1468 1250 perfecta
1492 1179 1602 1233 donum
1625 1179 1676 1233 Dei
1696 1182 1760 1232 est:
1780 1178 1824 1250 [lit

105 1270 181 1325 item
208 1269 284 1339 quod
313 1267 409 1323 omnis
438 1267 488 1338 qui
516 1265 598 1321 audit
624 1280 642 1318 a
674 1266 756 1319 Patre
785 1265 861 1319 venit
885 1264 920 1318 ad
975 1265 1153 1320 hocdonum
1173 1266 1344 1336 quibusdem
1374 1267 1446 1335 duri,
1473 1267 1644 1339 quibusdam
1665 1282 1723 1321 non
1748 1266 1821 1334 dari,

69 1357 229 1425 Christum,
245 1357 276 1411 in
292 1355 365 1411 libro
379 1357 415 1410 de
438 1353 693 1410 Praedestiuatione
707 1354 777 1425 (cop.
799 1356 826 1422 8)
847 1368 921 1424 prae·
976 1353 1165 1408 omuinonon
1192 1353 1312 1421 dubitet,
1329 1355 1380 1426 qui
1408 1371 1464 1410 uon
1491 1356 1552 1410 rull
1582 1354 1824 1410 manifestissimis

69 1445 342 1516 latusitaloquitur
360 1446 477 1500 doctor:
501 1441 632 1498 «Omnis
647 1441 697 1513 qui
712 1442 821 1496 audivit
841 1443 921 1496 aPa-
975 1440 1061 1494 sacris
1085 1439 1189 1495 litteris
1208 1457 1381 1512 repugnare.
1411 1442 1580 1497 Curautom
1601 1457 1661 1497 nou
1692 1443 1826 1498 omuibus

69 1540 113 1589 tre
129 1538 158 1588 et
172 1533 284 1597 didicit,
300 1533 377 1588 veuit
391 1532 426 1587 ad
447 1549 493 1586 me
509 1532 601 1600 (leon.
621 1548 658 1599 rr,
675 1532 730 1602 45).
748 1551 761 1581 o
783 1531 856 1596 Quid
880 1536 922 1585 est
976 1530 1060 1584 delur
1072 1529 1185 1584 fidelem
1201 1546 1318 1585 movere
1333 1545 1393 1584 uon
1408 1530 1499 1595 debat,
1517 1532 1566 1602 qui
1582 1531 1672 1586 credit
1687 1552 1701 1582 e
1717 1548 1749 1586 ex
1765 1548 1824 1602 uuo

72 1643 86 1673 a
103 1623 202 1677 omnis
213 1623 265 1694 qui
274 1622 383 1677 audivit
396 1640 413 1675 a
427 1623 509 1675 Patre
521 1620 669 1690 etdidieit,
684 1622 761 1676 veuit
775 1622 810 1675 ad
825 1621 919 1675 melu
978 1633 1078 1672 omnes
1106 1633 1167 1673 esse
1190 1618 1221 1672 in
1246 1618 1516 1674 condemnationem
1533 1639 1546 1670 o
1569 1620 1631 1675 sine
1647 1621 1825 1676 dubitatione

74 1712 129 1766 nisi
153 1712 254 1766 nullus
275 1717 319 1766 est
340 1711 390 1782 qui
404 1711 503 1765 audiat
517 1727 533 1764 a
546 1711 639 1779 Patre,
657 1714 685 1764 et
701 1709 800 1778 discat,
822 1715 850 1764 et
865 1726 923 1765 non
977 1707 1169 1776 justissimam
1186 1722 1193 1760 :
1210 1705 1294 1761 itaut
1316 1708 1396 1761 nulla
1421 1708 1471 1762 liei
1491 1714 1564 1762 esset
1574 1709 1653 1778 justa
1669 1709 1825 1779 repreben-

72 1798 587 1855 111111111111181111111111111
612 1797 817 1869 quiaudivita
840 1801 923 1854 Patra
979 1795 1032 1861 sio,
1062 1795 1175 1849 etiamsi
1194 1795 1291 1849 nullus
1313 1796 1380 1850 iude
1402 1796 1580 1851 liberaretur.
1614 1798 1692 1852 Unde
1715 1803 1827 1852 constat

71 1888 225 1955 etdldicit,
242 1885 847 1958 venit,oproiectoomnisquinonveuit,
864 1903 923 1942 uon
980 1898 1112 1954 magnam
1136 1898 1197 1936 esse
1226 1882 1358 1952 gratiam,
1375 1884 1451 1954 quod
1479 1883 1598 1954 plurimi
1612 1885 1782 1954 liberantur,
1797 1889 1826 1940 et

72 1977 183 2031 audivit
196 1993 214 2030 a
239 1978 332 2041 Patre,
349 1981 376 2031 et
403 1992 461 2030 non
485 1974 601 2039 didicit3
626 1989 692 2027 nam
711 1973 734 2027 si
748 1974 874 2043 audisset
896 1979 925 2030 et
979 1971 1048 2042 quid
1062 1970 1117 2025 sibi
1134 1971 1286 2024 deberetur
1301 1971 1330 2025 in
1345 1970 1385 2024 eis
1407 1970 1457 2041 qui
1476 1972 1712 2039 nonliberantur,
1733 1988 1824 2044 agno·

72 2066 231 2130 didicisset,
259 2064 379 2119 veuiret.
404 2065 501 2134 Neque
531 2063 608 2117 euim
638 2063 712 2116 ullus
748 2063 868 2129 audivit,
896 2068 925 2118 et
979 2063 1070 2126 scunt,
1091 2063 1121 2113 ut
1135 2078 1149 2108 «
1166 2059 1214 2128 qui
1230 2058 1472 2128 gloriaturunon
1495 2057 1523 2111 in
1539 2059 1597 2112 sois
1614 2059 1733 2125 meritis,
1761 2075 1825 2131 quus
1887 2052 1897 2063 ’

71 2152 178 2211 didicit,
195 2159 224 2207 et
248 2166 306 2206 uon
322 2150 410 2204 venit.
436 2149 490 2204 Sed
508 2171 519 2198 ‹
537 2149 642 2214 omnis,
660 2170 674 2197 o
692 2155 723 2203 ut
742 2150 782 2203 ait
803 2150 922 2217 Veritas,
979 2144 1060 2215 peria
1076 2144 1152 2199 videt
1168 2160 1229 2198 esse
1250 2144 1401 2209 damnatis,
1417 2145 1496 2199 sedo
1517 2145 1546 2199 in
1572 2147 1692 2201 llomino
1715 2147 1826 2218 glorie-

73 2262 87 2287 «
104 2240 154 2310 qui
171 2239 285 2293 audivit
299 2255 315 2291 a
330 2239 412 2293 Patre
428 2243 455 2292 et
469 2237 580 2300 didicit,
606 2237 693 2292 veuit.
712 2257 726 2289 u
751 2238 824 2293 item
848 2238 924 2310 quod
980 2237 1028 2287 tur
1047 2233 1074 2303 (Ι
1086 2233 1146 2289 Cor.
1163 2249 1184 2298 1,
1211 2232 1264 2304 31).
1283 2233 1368 2287 oCur
1383 2237 1478 2287 autem
1503 2233 1589 2287 isloni
1619 2236 1713 2305 polius
1739 2250 1826 2306 quam

74 2327 171 2382 dirius
189 2325 284 2398 gratia
305 2343 321 2379 a
342 2326 422 2380 nullo
437 2326 511 2381 duro
531 2325 616 2380 corde
643 2332 807 2395 respuatur,
836 2328 924 2397 paulo
980 2322 1062 2377 illum
1083 2321 1196 2388 liberet,
1223 2342 1238 2371 «
1263 2320 1457 2375 inscrutabilia
1482 2327 1549 2375 1111
1571 2321 1681 2392 judicia
1705 2324 1777 2394 ejus,
1798 2328 1826 2379 et

72 2417 148 2470 inira
162 2433 170 2470 :
185 2416 298 2484 [idultos
308 2414 437 2469 videmus
451 2413 549 2467 venire
564 2413 597 2467 ad
615 2413 730 2482 Filium,
743 2413 811 2485 quia
821 2416 925 2469 multos
980 2409 1194 2480 investigabiles
1209 2408 1262 2463 viae
1284 2409 1345 2479 ejus
1359 2409 1450 2478 (Rom.
1467 2424 1505 2475 xl,
1522 2410 1574 2477 33).
1594 2430 1607 2460 s
1636 2410 1735 2464 blelius
1747 2410 1825 2466 euim

73 2504 191 2559 credere
207 2504 338 2558 videmus
361 2502 391 2556 in
414 2501 572 2568 Christum3
588 2501 636 2556 sed
661 2500 710 2554 ubi
736 2507 763 2554 et
778 2501 924 2572 quomodo
981 2503 1009 2553 et
1036 2497 1082 2552 hic
1097 2497 1232 2551 audimus
1253 2501 1301 2550 aut
1316 2495 1439 2550 dicimus
1456 2512 1462 2550 :
1480 2518 1494 2546 «
1509 2495 1530 2551 [t
1545 2497 1641 2566 bomo,
1663 2502 1690 2551 tu
1717 2498 1826 2569 quises

74 2593 270 2647 aPatrehoc
292 2589 436 2646 audierint
454 2595 481 2645 et
510 2588 671 2655 didicerint,
701 2604 758 2643 non
784 2589 923 2645 videmus,
980 2585 1030 2656 qui
1054 2584 1228 2656 respondeas
1249 2582 1355 2638 Deo‘lo
1385 2585 1468 2653 (Rom.
1491 2600 1528 2652 rx,
1553 2584 1597 2656 20)
1622 2602 1708 2656 qnam
1733 2585 1827 2642 dicare

75 2681 205 2736 Nimium
232 2679 393 2752 graliaista
416 2683 525 2732 secreta
549 2682 601 2744 est,
630 2676 751 2747 gratiam
775 2692 840 2730 vero
865 2693 925 2733 esse
980 2673 1130 2739 audemus,
1148 2671 1230 2744 quasi
1251 2671 1416 2726 noverimus
1436 2672 1513 2742 quod
1533 2675 1674 2727 occultum
1692 2689 1753 2728 esse
1776 2689 1826 2728 ro·

74 2769 142 2840 quis
164 2766 313 2838 ambigat?
336 2766 402 2821 ilaec
416 2764 513 2836 itaque
536 2764 638 2835 gralia,
662 2779 726 2835 quae
742 2765 851 2818 occulte
867 2763 924 2818 hu·
981 2762 1042 2830 luit,
1059 2763 1110 2834 qui
1129 2767 1226 2817 111111
1251 2762 1361 2833 aliquid
1377 2762 1516 2832 injustum
1540 2762 1612 2815 velle
1628 2777 1685 2815 uon
1708 2761 1824 2832 potuit.)

74 2859 171 2913 mauis
198 2858 332 2912 cordibus
359 2854 456 2910 divina
471 2853 602 2926 largitate
632 2853 779 2921 tribuitur,
807 2853 925 2908 anullo
981 2851 1052 2904 item
1068 2853 1270 2921 argumentum
1292 2851 1326 2904 de
1337 2847 1473 2920 parvulis,
1490 2848 1683 2902 adversuseos
1697 2849 1748 2919 qui
1763 2864 1827 2920 gra·

75 2949 149 3003 drrro
163 2945 408 3018 eorderespuilur
423 2945 509 2999 :ideo
529 2942 636 3014 quippe
648 2941 797 3011 tribuitur,
813 2946 843 2996 11
863 2958 925 2996 eor·
945 2948 964 3003 c
981 2938 1050 2992 tiam
1063 2936 1219 3010 repellunt,
1232 2938 1264 2992 iu
1278 2937 1376 2992 eodem
1394 2935 1545 3007 librolcop.
1565 2934 1625 3007 l2):
1646 2934 1709 3008 [Sed
1732 2937 1827 2992 omnis

73 3036 117 3090 dis
138 3036 247 3091 duritie
268 3034 402 3107 primitus
426 3031 580 3087 auferatur.
608 3029 726 3093 Quando
748 3045 816 3100 ergo
842 3031 927 3085 Pater
980 3027 1042 3080 haec
1058 3027 1143 3095 ratio,
1168 3043 1225 3098 qua
1242 3026 1422 3081 defendimus
1445 3026 1566 3096 gretiam
1590 3025 1640 3079 Dei
1664 3027 1827 3096 pertesum

75 3122 154 3177 intus
169 3123 326 3178 auditurel
340 3122 423 3177 docet
437 3126 469 3174 ul
482 3117 613 3172 veniatur
628 3118 663 3173 ad
675 3116 788 3180 Filium,
806 3138 817 3165 ι
833 3117 927 3172 aufert
981 3114 1124 3170 Christum
1145 3113 1298 3168 Dominum
1324 3117 1454 3167 nostram
1470 3128 1608 3167 rereesse
1634 3112 1769 3183 gratiam,
1797 3114 1825 3170 id

73 3226 123 3264 cor
137 3210 297 3281 lapideum,
312 3215 340 3264 ct
351 3209 399 3264 dat
417 3223 466 3262 cor
486 3222 634 3271 carneum,
650 3227 664 3255 »
684 3205 758 3260 sicut
785 3205 927 3276 propbeta
980 3212 1022 3261 est
1044 3223 1101 3261 non
1127 3207 1283 3261 secuudum
1296 3206 1396 3260 merita
1416 3210 1516 3261 nostra
1533 3205 1605 3274 dari,
1622 3208 1752 3276 quamvis
1768 3207 1826 3262 cvi-

75 3299 251 3369 praediceule
263 3297 396 3369 promisit
420 3297 528 3367 (Erech.
542 3311 583 3361 xr,
606 3293 660 3364 19).
678 3293 723 3348 Sic
736 3294 843 3366 quippe
858 3293 927 3349 lacit
980 3295 1148 3351 deotissime
1178 3294 1341 3349 divinorum
1356 3293 1537 3365 eloquiorum
1563 3293 1734 3348 testimoniis
1750 3310 1826 3350 assa·

74 3410 88 3436 «
101 3387 176 3442 lilios
189 3387 399 3459 promissionis,
418 3389 444 3439 et
459 3400 525 3439 vasa
541 3382 744 3437 misericordie
759 3397 825 3453 quoe
847 3397 926 3452 prae-
979 3388 1070 3449 ratur,
1099 3388 1198 3438 tamen
1219 3383 1296 3454 apud
1315 3399 1374 3450 eos,
1395 3381 1445 3454 qui
1465 3381 1518 3436 uisi
1542 3381 1651 3454 aliquid
1675 3381 1729 3437 sibi
1752 3381 1826 3438 assi-

73 3474 187 3545 paravit
202 3474 233 3528 in
248 3474 379 3544 gloriam.
398 3493 412 3522 n
428 3471 484 3528 Cur
504 3485 572 3541 ergo
588 3485 647 3524 nou
669 3485 770 3524 omnes
785 3469 877 3536 docet,
893 3473 926 3524 ut
979 3477 1069 3545 guent
1087 3473 1165 3544 qued
1175 3472 1286 3544 priores
1301 3472 1379 3540 dent,
1397 3476 1427 3526 ut
1441 3470 1617 3525 retribuatur
1628 3471 1679 3535 eis,
1697 3471 1731 3526 ab
1746 3471 1828 3526 omni

73 3563 192 3617 veniant
207 3562 243 3617 ad
273 3560 427 3628 Christum,
452 3558 508 3614 uisi
524 3557 592 3630 quia
614 3573 713 3612 omues
740 3573 813 3628 quos
833 3558 924 3626 docet,
979 3559 1073 3614 studio
1087 3558 1203 3630 pietalis
1214 3557 1334 3631 reprimi
1349 3573 1379 3613 se
1406 3561 1518 3629 putant,
1541 3557 1653 3611 laborat
1676 3557 1825 3630 aliquanto

75 3649 273 3705 misericordie
298 3648 381 3703 docet
396 3662 403 3702 :
421 3662 494 3718 quos
506 3648 601 3700 autem
625 3662 683 3700 uon
711 3644 804 3712 docet,
818 3645 925 3717 judicio
980 3648 1010 3701 iu
1021 3650 1103 3702 aetate
1119 3647 1261 3717 majerum
1274 3647 1334 3717 jam
1349 3645 1494 3702 utentium
1517 3645 1674 3699 voluntatis
1688 3646 1823 3713 arbitri0;

75 3754 133 3792 nou
149 3737 250 3801 doeet;
267 3735 404 3807 quoniam
424 3756 438 3784 a
452 3734 533 3805 cujus
546 3733 606 3788 volt
622 3732 775 3787 miseretur
790 3739 819 3788 et
837 3750 925 3804 quem
980 3735 1029 3789 sed
1045 3734 1217 3805 ubijvenitur
1232 3733 1267 3788 ad
1280 3735 1425 3806 parrulos,
1441 3737 1469 3788 et
1483 3733 1624 3804 adipsum
1642 3734 1826 3789 ltlediatorem

74 3828 137 3882 vult
151 3825 375 3896 obduratfflom.
391 3840 428 3892 11,
442 3822 502 3894 l8);
521 3844 535 3873 s
551 3823 601 3877 sed
616 3821 853 3876 misereturboua
869 3821 925 3877 tri-
981 3823 1032 3878 Dei
1053 3828 1082 3877 et
1101 3822 1263 3888 hominum,
1286 3821 1432 3877 bominem
1446 3821 1543 3876 lesum
1560 3821 1715 3888 Christum,
1732 3822 1826 3876 omnis

75 3915 179 3981 triens,
197 3911 321 3969 obdurat
338 3912 425 3984 digna
448 3909 631 3982 retribuens.)
659 3910 729 3964 ltem
748 3910 926 3982 quodquos·
979 3909 1075 3966 deficit
1100 3908 1325 3981 praecedentium
1351 3909 1472 3979 gratiam
1498 3908 1548 3963 Dei
1572 3908 1826 3964 bumanorumas·

74 4017 192 4072 cunque
207 4001 269 4055 vult
280 3998 383 4055 docere
406 4000 498 4063 Pater,
508 3999 625 4053 venient
648 3998 684 4052 ad
713 3996 868 4064 Christum,
895 3999 926 4052 iu
980 3998 1066 4053 sertio
1080 3996 1261 4052 meritorum.
1277 3995 1348 4061 Quia
1362 3994 1467 4050 necilli
1482 3993 1547 4048 ullis
1566 3995 1647 4050 bouis
1660 3995 1825 4065 praecedeu-

76 4088 179 4142 eodem
195 4085 270 4140 libro
290 4086 359 4156 lcop.
379 4084 406 4151 8)
423 4101 430 4139 :
448 4085 516 4156 [Cur
531 4089 697 4139 autemnon
713 4100 812 4139 omues
827 4085 926 4140 doceat
981 4086 1056 4140 libus
1068 4085 1189 4153 meritis,
1206 4100 1271 4139 cum
1292 4089 1322 4140 et
1334 4083 1396 4154 ipse
1411 4081 1447 4138 sit
1460 4081 1557 4151 homo,
1582 4081 1721 4139 liberator
1734 4084 1826 4139 iactus

76 4175 192 4246 aperuit
211 4172 365 4244 Apostolus
384 4177 524 4244 quantum
547 4172 734 4243 aperiendum
759 4172 923 4243 judicavit:
944 4171 1212 4280 1)esth0miuum.]

76 4285 91 4312 e
106 4264 181 4328 Quia
206 4264 304 4317 rolens
327 4261 477 4316 ostendere
493 4260 576 4327 iram,
602 4264 630 4314 et
653 4259 850 4317 demonstrare
870 4278 923 4334 po·
1016 4264 1087 4319 ltem
1102 4278 1153 4317 cur
1177 4261 1240 4316 aliis
1263 4260 1434 4316 concedatur
1449 4265 1481 4317 ut
1499 4276 1533 4316 ex
1547 4261 1600 4316 hac
1614 4261 1670 4315 vita
1692 4262 1826 4318 auferan-

77 4350 197 4404 teutiam
213 4364 305 4416 suam,
325 4348 420 4403 attulit
442 4347 473 4401 in
491 4348 582 4401 multe
609 4345 749 4417 patientia
770 4362 837 4402 vasa
863 4347 924 4418 ire,
979 4354 1036 4416 tur,
1054 4365 1119 4404 cum
1141 4348 1211 4421 justi
1238 4352 1319 4418 sunt;
1344 4349 1393 4403 alii
1418 4349 1521 4404 tandiu
1535 4350 1716 4405 retineantur
1734 4351 1825 4406 donec

76 4453 142 4507 quae
155 4437 284 4509 perfecta
298 4440 366 4491 suut
379 4436 408 4490 in
423 4435 624 4506 perditionem,
639 4439 668 4489 at
691 4441 722 4490 ut
736 4439 820 4490 nolas
839 4436 926 4492 faciat
979 4442 1122 4505 comeant,
1138 4438 1216 4509 quod
1239 4453 1324 4492 nemo
1342 4437 1484 4508 judicium
1506 4437 1556 4493 Dei
1581 4439 1824 4509 comprehendere

75 4525 189 4579 divitias
202 4524 303 4596 gloria
327 4539 387 4579 suae
401 4523 431 4577 iu
446 4538 512 4577 vasa
529 4523 745 4591 misericordiae,
763 4540 828 4596 quae
853 4541 926 4596 prae-
978 4527 1079 4599 possit,
1095 4527 1125 4581 iu
1139 4527 1239 4580 eedem
1254 4527 1329 4581 libro
1344 4527 1414 4597 (cap.
1430 4527 1472 4596 14)
1489 4543 1495 4582 :
1515 4525 1564 4599 [De
1578 4528 1633 4582 hec
1646 4527 1754 4599 quippe
1767 4529 1825 4585 vita

74 4612 188 4685 paravit
200 4615 231 4667 in
249 4612 374 4685 gloriam
386 4613 471 4683 (ilem.
491 4630 528 4678 11,
540 4615 574 4667 22
594 4611 650 4683 23).
667 4634 681 4663 »
697 4614 769 4669 ilinc
787 4615 924 4686 estquod
980 4614 1085 4686 legitur
1103 4614 1134 4669 in
1147 4614 1221 4668 libro
1235 4614 1308 4670 lob:
1326 4635 1340 4664 «
1354 4615 1487 4685 Nunquid
1504 4630 1563 4670 non
1580 4616 1701 4671 tentatio
1712 4620 1755 4672 est
1766 4617 1825 4674 vita

75 4724 90 4750 o
105 4700 228 4756 verbum
243 4700 533 4771 crucispereuutibus
550 4701 671 4755 stultitia
686 4707 738 4769 est,
758 4701 803 4756 bis
826 4708 925 4758 autem
978 4705 1107 4759 bumana
1119 4702 1342 4773 superterram?
1357 4723 1371 4752 o
1388 4702 1445 4773 (lob
1460 4718 1508 4770 vn,
1526 4703 1563 4774 l.)
1583 4703 1637 4759 Sed
1652 4720 1742 4776 quare
1762 4707 1825 4762 aliis

73 4788 125 4858 qui
149 4787 220 4841 salvi
237 4785 324 4852 fiunt,
349 4787 438 4842 virtus
459 4787 509 4842 Dei
528 4792 571 4842 cst
595 4789 619 4854 (l
641 4788 701 4844 Cor.
717 4805 737 4856 1,
756 4791 810 4859 18).
828 4808 842 4841 o
868 4791 924 4844 ilos
978 4791 1149 4848 coucedatur
1167 4794 1199 4846 ut
1213 4806 1246 4845 ex
1260 4790 1348 4861 hujus
1365 4790 1427 4846 ritae
1444 4791 1580 4862 periculis
1594 4793 1664 4848 dum
1674 4793 1747 4865 justi
1758 4799 1825 4849 suut

73 4892 176 4931 omues
204 4880 291 4930 docet
314 4876 412 4931 venire
440 4877 477 4932 ad
505 4876 649 4931 Christum
673 4880 761 4944 beus;
778 4877 830 4932 hos
845 4879 923 4935 euim
978 4882 1154 4948 auferantur,
1175 4879 1224 4934 alii
1246 4896 1314 4935 rero
1339 4878 1408 4952 justi
1431 4881 1551 4936 donecu
1575 4881 1689 4952 justitia
1711 4883 1823 4947 cadant,

75 4986 90 5012 «
104 4980 207 5018 omnes
229 4963 288 5018 rull
306 4963 399 5018 salvos
422 4962 495 5031 lieri,
511 4967 540 5016 et
554 4961 583 5017 in
603 4963 780 5033 agnitionem
798 4965 924 5022 veritatis
978 4970 1008 5024 iu
1024 4969 1130 5024 eisdem
1139 4967 1275 5040 perieulis
1288 4967 1347 5022 vita
1354 4968 1537 5040 productiore
1547 4968 1719 5025 teneamur?
1730 4990 1745 5019 «
1755 4966 1824 5032 Quis

74 5053 213 5124 t·enire(l
226 5055 296 5109 Tim.
317 5069 348 5119 11,
363 5051 402 5123 4).
422 5073 434 5102 ι
453 5053 525 5106 Num
546 5051 599 5106 etsi
613 5052 678 5107 illos
699 5053 803 5124 quibus
820 5074 834 5106 n
849 5057 923 5110 stul·
978 5057 1095 5129 agnovit
1108 5073 1224 5112 sensum
1248 5057 1406 5112 Domiui‘l»
1429 5058 1518 5130 (Rom.
1542 5074 1580 5126 11,
1599 5057 1656 5126 34.)
1681 5056 1715 5110 Ε1
1728 5062 1824 5113 tamen

73 5144 139 5199 titia
165 5149 207 5199 est
230 5143 352 5199 verbum
366 5143 467 5209 crucis,
483 5163 497 5193 »
524 5147 557 5197 ut
573 5143 607 5197 ad
635 5142 778 5198 Christum
793 5143 925 5198 venirent
977 5145 1045 5200 hinc
1057 5144 1181 5217 intelligi
1198 5147 1282 5202 datur
1296 5147 1383 5202 etiam
1401 5146 1459 5202 illis
1472 5147 1558 5219 justis
1572 5146 1623 5216 qui
1638 5146 1730 5199 bonos
1744 5146 1823 5216 pios·

72 5232 179 5287 docere
194 5231 342 5299 voluisset,
365 5231 465 5302 procul
481 5230 569 5286 dubie
585 5229 716 5285 renuent
737 5233 766 5286 et
780 5229 845 5301 ipsi.
860 5230 923 5285 Nou
978 5250 1033 5305 que
1048 5249 1145 5289 mores
1158 5249 1251 5305 usque
1266 5235 1302 5290 ad
1317 5236 1471 5291 senectutis
1484 5233 1679 5289 maturitatem
1695 5238 1724 5288 et
1747 5233 1823 5291 diem

72 5320 153 5375 euim
167 5318 242 5374 fallit
259 5323 310 5373 aut
323 5318 443 5389 fallitur,
458 5318 508 5391 qui
519 5319 559 5374 ait
576 5334 583 5374 :
601 5338 615 5371 a
631 5318 730 5374 Omnis
747 5319 797 5391 qui
817 5319 925 5375 audivit
977 5322 1043 5377 vita
1059 5321 1147 5393 hujus
1157 5321 1292 5377 ultimum
1308 5327 1430 5391 servant,
1448 5337 1508 5376 uon
1523 5321 1553 5377 iu
1567 5319 1626 5374 suis
1637 5321 1758 5393 meritis,
1774 5323 1824 5381 sed
1884 5374 1894 5387 ,

71 5424 90 5462 1
112 5408 209 5474 Patre,
233 5412 263 5462 et
282 5405 390 5474 didicit,
415 5406 493 5461 venit
522 5407 558 5463 ad
584 5423 632 5462 me
648 5408 745 5477 (doen.
766 5423 803 5475 rr,
835 5407 921 5480 41).»
977 5409 1008 5465 iu
1024 5410 1146 5465 Domino
1160 5426 1221 5466 asse
1237 5410 1431 5481 gloriandum,
1448 5407 1584 5480 quoniam
1600 5408 1651 5480 qui
1671 5408 1736 5467 vitae
1755 5412 1822 5468 bre·

71 5494 157 5549 Absit
170 5509 240 5565 ergo
256 5500 287 5547 ut
302 5493 455 5565 quisquam
474 5509 534 5548 non
550 5494 653 5560 veniat,
669 5495 749 5564 quia
768 5495 851 5550 Putre
874 5511 924 5550 au·
977 5497 1064 5554 vitute
1073 5497 1170 5570 rapuit
1181 5497 1303 5569 justum,
1319 5495 1500 5552 «nemalitia
1511 5499 1634 5553 mutaret
1645 5497 1822 5558 intellectum
