3930 6098
62 290 116 343 aas
570 285 705 343 coatus
727 287 927 346 olracuhuu
948 291 1126 350 berosus.
1143 323 1175 333 -
1191 295 1254 349 cie.
1272 293 1316 349 iv,
1766 292 1828 355 aro'

63 425 132 480 tatis
145 424 266 494 judicio.
283 422 432 494 Siquidem
452 439 517 477 cum
538 422 595 477 sint
613 423 698 477 unius
714 440 814 479 amires
834 425 911 493 lldei,
932 429 956 481 Α
971 428 1078 482 llantur
1095 428 1283 498 imperatores
1299 430 1474 497 Graecorum,
1495 431 1572 502 quod
1595 432 1625 486 in
1650 437 1711 487 toto
1729 435 1817 488 susti-

64 513 178 568 dicersa
198 519 296 566 tamen
317 513 473 581 disponunt
487 517 545 565 tam
560 512 635 566 circa
650 513 755 567 Pascha
775 514 915 585 legitima,
972 523 1020 570 rtet
1033 517 1103 571 orbe
1119 516 1286 570 universalis
1302 517 1433 584 Ecclesia,
1451 525 1479 572 et
1494 520 1582 574 velint
1596 538 1611 574 a
1635 537 1686 575 sua
1700 538 1817 577 consue·

65 618 152 674 quam
177 602 252 656 circa
271 600 450 672 jejuniorum
477 600 698 668 observationes,
723 602 787 655 eliis
809 604 915 673 plures,
970 604 1069 658 tudine
1098 622 1150 659 nec
1180 605 1334 672 Romanos,
1357 615 1408 660 ne'c
1436 608 1621 662 occidentales
1646 609 1816 682 discrepare,

65 691 128 746 aliis
153 691 303 763 pauciores
323 687 500 760 jejuniorum
525 689 587 743 dies
615 689 835 744 celebrantibus.
860 691 917 743 Nec
971 693 1206 764 quandoquidem
1218 693 1377 747 Orientales
1395 694 1563 749 rrhrltinroda
1578 704 1747 766 separentur
1769 716 1817 753 ra-

66 780 128 849 ipsa
139 778 252 849 jejunia
267 794 317 831 sue
343 777 386 830 rel
402 792 541 843 escarum,
563 779 605 829 rel
627 778 765 847 temporis
780 776 915 831 similitu·
972 781 1080 836 rietate.
1107 783 1171 836 llaec
1194 782 1257 852 ipsa
1276 781 1537 852 Constantinopolis
1557 784 1643 836 unius
1666 792 1817 841 consuetu·

66 869 143 929 dine,
167 867 211 921 vel
223 865 387 937 aequalitate
401 865 661 936 frequentantibus,
678 881 773 919 venun
789 865 916 935 singulos
971 869 1045 922 diuis
1055 875 1097 923 est
1115 886 1192 924 urere
1203 868 1357 924 contenta?

66 957 108 1010 sel
122 956 281 1026 provincias
303 970 372 1021 sua,
399 954 442 1007 rel
464 952 608 1022 majorum
633 954 849 1019 consuetudine,
871 955 916 1008 vel
1006 959 1108 1012 Parum
1125 964 1166 1012 est
1190 959 1225 1013 de
1247 957 1453 1013 consuetudins
1475 958 1654 1014 credentium
1677 960 1707 1015 in
1732 962 1817 1017 Chri-

66 1059 220 1115 corporum
236 1042 354 1108 viribus,
370 1042 430 1096 fure
445 1046 605 1095 contentos.
623 1042 770 1104 Collectas,
787 1058 914 1113 quoque,
970 1051 1046 1099 stum
1060 1046 1169 1100 diversa
1191 1047 1305 1112 dixisse,
1335 1047 1359 1100 si
1377 1063 1434 1100 nou
1449 1047 1535 1100 etiam
1549 1047 1714 1102 ludaeorum
1739 1051 1815 1120 quod

66 1134 157 1188 idest
175 1139 333 1187 concentus
354 1130 464 1202 populi,
489 1146 541 1184 nec
564 1129 665 1184 eodem
691 1137 833 1200 tempure,
864 1148 916 1186 uec
971 1151 1028 1189 non
1048 1136 1134 1188 fuerit
1158 1135 1311 1189 uniformis
1339 1135 1488 1205 religionis
1517 1136 1816 1192 observatiodemon-

67 1238 124 1275 rino
143 1236 338 1275 mereamues
362 1224 462 1274 teuent
488 1218 643 1273 Ecclesiae:
668 1219 809 1290 siquidem
832 1220 916 1273 aliter
970 1229 1103 1278 stremus.
1124 1223 1260 1287 Quamvis
1282 1223 1359 1277 enim
1386 1223 1437 1277 riui
1462 1225 1675 1279 lleoculturam
1691 1225 1816 1280 debitam

66 1308 250 1363 Alexandrini
274 1311 301 1361 ct
318 1308 455 1372 Romarm
480 1307 562 1361 aliter
583 1307 710 1377 AEgyptii
733 1312 820 1377 atque
842 1309 915 1362 The·
969 1311 1146 1377 exhiberent,
1173 1317 1200 1365 at
1228 1311 1353 1365 llosaicre
1372 1310 1444 1381 legis
1460 1311 1609 1382 praecptis
1633 1314 1816 1367 contineren-

65 1397 134 1450 bani
148 1412 196 1450 eas
214 1395 381 1450 celebrant:
404 1411 470 1448 narn
494 1412 547 1449 nec
572 1394 693 1449 Romani
712 1412 763 1449 nec
793 1397 916 1449 hlasan—
969 1404 1026 1461 tur,
1042 1400 1116 1452 circe
1136 1404 1232 1452 tannen
1244 1399 1614 1465 vivendiconsuetudruem,
1632 1416 1815 1471 morumque,

65 1485 142 1539 drini
166 1485 214 1538 die
243 1484 365 1538 Sabbata
389 1490 543 1537 conventus
575 1484 694 1549 faciunt,
719 1483 795 1553 quod
824 1485 915 1537 facere
969 1487 1159 1559 regulasuun
1179 1487 1359 1541 uniformiter
1387 1487 1556 1557 agebantur,
1583 1488 1813 1561 sicutlosephus

64 1570 290 1642 comprobantur
312 1573 342 1626 in
360 1572 491 1626 universo
507 1571 622 1626 Oriente
643 1571 749 1627 Christi
771 1572 914 1640 Ecclesiae,
969 1574 1217 1646 historiographus
1244 1575 1359 1629 illorum
1397 1576 1441 1629 his
1480 1576 1574 1629 verbis
1612 1583 1818 1632 commemorat

64 1667 92 1716 et
119 1661 246 1733 AEgyptii
275 1661 393 1732 quidem
421 1661 480 1714 sive
508 1660 662 1715 Thebaides
691 1667 913 1720 commorantes,
969 1664 1121 1733 (libanu,
1147 1679 1206 1732 cop.
1223 1666 1251 1730 t,
1276 1664 1405 1733 init.):«
1428 1664 1544 1723 ludaeis,
1567 1664 1673 1735 inquit,
1691 1663 1817 1735 philoso-

65 1767 234 1823 quanquam
262 1756 428 1819 concentus,
450 1750 478 1803 id
504 1757 546 1804 est
569 1750 709 1819 collectas,
734 1750 839 1805 faciant
869 1751 915 1805 die
935 1721 1045 1822 Bphire
1059 1758 1115 1806 tres
1128 1758 1210 1806 eraut
1223 1752 1259 1805 ab
1273 1752 1354 1806 initio
1378 1752 1515 1806 institutis
1530 1753 1630 1822 patriis
1651 1753 1814 1807 derelictas:

63 1837 202 1904 Sabbata,
218 1855 275 1892 non
296 1843 394 1893 tamen
408 1843 586 1892 sacramenta
605 1839 733 1908 corporis
747 1845 775 1893 et
794 1839 914 1910 sangui·
969 1842 1147 1906 Essenorum,
1176 1840 1408 1903 Sadducaeorum,
1441 1847 1472 1895 et
1501 1841 1586 1894 tertia
1613 1840 1814 1911 quaphiloso·

63 1926 109 1979 nis
132 1926 239 1982 Christi
263 1927 408 1997 accipiunt
420 1927 524 1998 jejuni,
551 1929 600 1981 sed
624 1928 660 1981 ad
676 1943 823 1997 vesperam
850 1933 915 1997 post
968 1930 1131 2001 phabantur
1149 1928 1200 2000 qui
1215 1928 1383 1982 dicebantur
1409 1929 1555 1983 Pharisaei.
1582 1929 1718 1983 Pharisaei
1734 1927 1813 1983 euim

62 2013 195 2068 ciborum
208 2015 398 2086 repletionem
413 2021 513 2069 eontra
527 2014 615 2068 totius
630 2015 706 2068 orbis
726 2017 914 2069 consuetudi·
968 2017 1167 2087 quotidianam
1193 2018 1437 2070 conversationem
1468 2017 1599 2084 exiguam
1630 2017 1749 2080 habeut,
1788 2020 1822 2070 et¹

63 2118 141 2157 uem.
171 2104 289 2158 Addunt
314 2104 401 2158 etiam
424 2120 483 2158 sure
507 2103 708 2158 consuetudini
728 2103 915 2158 Alexandrini
968 2122 1085 2177 prorsus
1111 2105 1264 2175 abjectam;
1290 2105 1363 2159 nihil
1385 2105 1584 2160 mollitudinis
1604 2111 1653 2158 aut
1678 2105 1815 2159 delicatu-

63 2197 197 2261 quartam
214 2198 242 2246 et
255 2198 363 2246 sextam
378 2192 490 2260 feriam,
507 2193 612 2263 quibus
625 2193 741 2262 quidem
756 2199 915 2246 conventus
969 2194 1028 2249 diui
1044 2195 1160 2264 penitus
1175 2193 1368 2264 indulgentes,
1380 2195 1427 2248 sed
1444 2210 1623 2265 quascunque
1641 2193 1750 2264 judicio
1768 2209 1816 2247 ra·

63 2281 173 2334 faciunt
197 2280 361 2350 Scripturas
388 2299 483 2335 sacras
509 2282 647 2352 legentes,
676 2281 839 2336 doctoribus
867 2298 914 2335 cas
969 2283 1057 2337 tionis
1073 2287 1364 2353 oporterecomperta
1380 2289 1455 2346 sunt,
1482 2283 1716 2352 illasequuntur.
1743 2283 1817 2336 Prae·

63 2369 331 2440 interpretantibus,
359 2386 417 2424 uon
445 2376 543 2423 tanuen
576 2371 732 2423 solemnem
762 2369 915 2423 oblationis
968 2372 1068 2442 positis
1080 2372 1158 2426 nullo
1181 2372 1266 2425 modo
1289 2373 1481 2437 reluctantur;
1502 2372 1623 2441 majores
1643 2377 1712 2425 natu
1736 2386 1815 2424 com·

64 2473 221 2511 nroremrn
245 2456 406 2512 hisdiebus
428 2462 601 2528 agunt3nec
620 2462 715 2511 tamen
731 2459 915 2528 proplerista
969 2460 1077 2531 petenti
1104 2462 1212 2514 honore
1237 2463 1419 2526 venerantur,
1450 2458 1489 2512 ita
1516 2464 1614 2512 utnec
1637 2458 1814 2511 contrarium

63 2546 208 2600 acteteris
233 2546 420 2601 orientalibus
449 2546 579 2601 Ecclesiis
602 2548 915 2614 excommunicatur,a
968 2549 1105 2620 quiddam
1129 2548 1283 2619 aliquando
1308 2546 1506 2617 respondeant.
1537 2547 1604 2600 Fato
1628 2546 1690 2616 geri
1718 2547 1814 2600 ouinia

64 2636 171 2705 quihus
185 2651 248 2688 esse
263 2634 368 2689 diversi
393 2634 538 2689 videntur.
554 2634 698 2689 Thessalia
713 2651 829 2705 quoque
849 2651 913 2688 cum
968 2639 1104 2703 credunl;
1120 2637 1168 2691 sed
1180 2652 1273 2707 neque
1288 2636 1412 2691 liberum
1428 2635 1577 2688 arbitrium
1591 2633 1717 2688 huminis
1732 2633 1815 2686 aufe-

64 2724 185 2777 dirersae
209 2724 247 2776 sit
272 2723 487 2778 consuetudinis
518 2740 535 2776 a
568 2723 679 2776 celeris
705 2723 912 2777 orientalibus:
968 2725 1200 2780 runt.ludicium
1216 2722 1655 2788 [leifuturumessetsentinnt3
1673 2723 1815 2775 illiecun·

64 2827 131 2866 narn
154 2816 220 2881 post
251 2811 399 2865 clericatus
428 2811 652 2882 susceptionem,
679 2827 736 2865 nou
765 2812 915 2882 patiuntur
967 2814 1172 2869 ctoshumiues
1191 2811 1421 2882 propriamerita
1436 2817 1613 2881 recepturos,
1630 2816 1687 2863 lam
1701 2808 1815 2879 eosqui

63 2900 202 2970 aliquem,
229 2901 302 2955 sieut
324 2900 573 2971 historiographus
599 2899 648 2953 ille
678 2905 806 2966 testatur,
828 2901 913 2953 etiam
968 2903 1123 2956 seeundum
1144 2900 1428 2966 virtutemvixerint,
1446 2896 1818 2970 quamillosquinequitia·

64 2989 211 3059 propriam
236 3005 323 3059 quam
352 2994 418 3042 aute
442 2988 607 3042 clericatum
631 2988 758 3059 legitime
783 2989 912 3056 duxerat,
932 3018 952 3071 (Ξ
970 2990 1116 3060 depravati
1129 2993 1204 3042 sunt.
1233 2987 1353 3042 Animas
1380 2994 1478 3041 alitem
1500 2986 1676 3040 immortales
1698 2986 1814 3051 dicuut;

64 3092 238 3147 cognoscere
257 3092 387 3142 uxorem,
403 3076 477 3147 quod
504 3076 527 3129 si
542 3075 650 3139 fecerit,
671 3076 829 3129 ministerio
851 3076 914 3147 pri-

64 3168 146 3219 tatur
161 3182 227 3219 eum
240 3181 293 3235 per
306 3170 423 3218 ceteras
443 3164 567 3219 Orientis
592 3164 728 3218 Ecclesiae
752 3165 848 3217 nullus
863 3165 915 3217 hac

64 3255 126 3325 lege
141 3256 366 3323 constringatur,
387 3268 484 3305 verum
505 3251 623 3322 proprio
643 3253 821 3321 relinquatur
835 3250 916 3319 judi-

64 3344 107 3396 cio
121 3358 241 3413 suaeque
255 3341 411 3395 voluntatis
425 3341 554 3407 arbitrio,
578 3347 610 3394 nt
625 3357 684 3393 nrm
698 3341 791 3393 solum
811 3339 914 3409 reliqui

65 3431 170 3500 gradus
195 3430 388 3496 ecclesiastici,
420 3446 518 3483 cerum
542 3429 702 3499 presbyteri
731 3433 759 3482 et
789 3428 914 3499 episcopi

65 3521 195 3591 proprias
211 3536 284 3591 quas
307 3524 372 3573 ante
392 3518 605 3573 ordinationem
628 3517 771 3587 legitimas
787 3517 914 3571 habuere

67 3624 179 3675 uxores,
198 3607 223 3662 si
243 3607 344 3674 velint,
359 3608 516 3672 retineant;
541 3621 600 3659 nou
627 3611 725 3659 tamen
749 3605 833 3660 liceat
855 3622 914 3659 nou

67 3697 238 3751 habentibus
260 3696 375 3762 ducere,
400 3711 452 3750 nec
473 3695 616 3766 prioribus
636 3694 777 3748 defunctis
792 3696 915 3750 secunda

66 3785 161 3838 sortiri
190 3783 386 3838 matrimonia.
417 3784 473 3838 Nec
502 3789 601 3837 temen
631 3783 692 3836 hese
718 3782 865 3836 diversitas
897 3798 914 3836 a

65 3872 271 3927 communione
291 3884 465 3942 quemquam
486 3875 627 3940 segregat,
656 3886 721 3924 cum
739 3870 913 3924 consuetudo

65 3961 216 4015 discernat.
238 3961 271 4013 ln
295 3958 471 4028 baptismatis
487 3974 601 4029 quoque
617 3962 747 4027 tempore
770 3956 914 4011 diversita-

65 4056 124 4103 tem
156 4047 419 4104 Thessalonicensis
457 4047 580 4100 Ecclesia
619 4047 695 4116 gerit
735 4063 752 4100 a
787 4045 911 4112 cateris;

65 4136 302 4208 quandoquidem
340 4135 370 4188 in
400 4135 502 4189 Pascha
540 4133 743 4187 tantummodo
777 4132 912 4201 baptizet,

65 4243 131 4280 eum
146 4225 205 4280 duo
222 4226 279 4278 sint
302 4229 432 4294 ternpora
457 4225 599 4290 majorum
623 4223 794 4275 auctoritate
816 4221 913 4291 bapti·

65 4315 150 4368 smati
165 4314 291 4380 decreta,
306 4313 420 4366 Paschae
433 4311 562 4365 videlicet
581 4316 609 4363 el
619 4311 805 4363 pentecostes.

99 4403 175 4467 unia
200 4401 360 4456 Antiochiae
389 4401 477 4470 Syriae
502 4415 672 4464 memorem,
703 4397 749 4451 cui
777 4413 837 4450 mos
871 4404 914 4451 est

968 3078 1016 3132 sed
1034 3077 1118 3131 etiam
1144 3078 1173 3130 in
1190 3076 1302 3129 inferno
1325 3091 1453 3144 congrua
1471 3074 1627 3145 unicuique
1651 3073 1815 3128 habitacula

968 3181 1021 3236 pro
1037 3165 1139 3219 merito
1155 3165 1199 3217 vel
1212 3163 1325 3216 virtutis
1354 3164 1397 3216 vel
1421 3162 1582 3233 iniquitatis
1598 3160 1726 3224 attribui,
1741 3155 1816 3214 sicut

970 3253 1125 3323 uuicuique
1147 3251 1252 3304 viventi
1272 3251 1424 3322 gerebatur
1446 3249 1595 3315 studium;
1619 3255 1647 3302 et
1664 3250 1734 3302 alias
1748 3248 1815 3319 qui·

968 3342 1033 3396 dem
1049 3343 1158 3396 animes
1173 3342 1289 3395 aeternis
1304 3339 1413 3394 retrudi
1426 3338 1601 3393 carceribus:
1619 3337 1690 3390 elias
1717 3346 1814 3389 autern

968 3431 1133 3485 facilitatem
1151 3429 1339 3484 reviviscendi
1366 3427 1525 3499 percipere.
1552 3427 1586 3481 Et
1605 3424 1641 3478 oh
1667 3425 1728 3478 hae
1747 3421 1814 3492 qui-

969 3520 1034 3574 dem
1050 3520 1162 3589 populis
1185 3519 1385 3590 acceptabiles,
1412 3515 1619 3585 credibilesque
1643 3512 1813 3566 consistunt.

968 3608 1225 3678 Quantumcunque
1236 3608 1304 3661 item
1321 3607 1355 3660 ad
1382 3605 1538 3660 divinitatis
1559 3604 1702 3657 culturam
1725 3599 1812 3671 perti·

966 3702 1046 3763 nent,
1060 3697 1224 3750 orationum
1239 3695 1455 3758 celebrationes,
1480 3693 1656 3763 templorum
1675 3686 1813 3744 constitu·

968 3786 1058 3839 tiones
1080 3783 1304 3854 expositionibus
1328 3785 1386 3835 suis
1410 3782 1538 3836 facienda
1562 3796 1623 3834 esse
1645 3777 1812 3849 praedicant.

967 3873 1038 3926 Nam
1052 3876 1162 3926 tanturn
1179 3870 1265 3924 studii
1280 3886 1379 3923 eurum
1394 3870 1545 3939 praelalum
1561 3872 1604 3920 est
1616 3865 1812 3920 testimouium

968 3964 1000 4014 ut
1013 3959 1048 4012 ad
1065 3975 1112 4013 eos
1136 3958 1268 4028 plurimae
1292 3958 1429 4023 civitates,
1455 3961 1483 4010 et
1497 3955 1623 4009 maxima
1647 3951 1811 4013 multitudo,

967 4064 1032 4101 cum
1048 4048 1143 4102 studio
1165 4048 1267 4118 grandi
1282 4048 1434 4108 confluant,
1460 4045 1596 4117 opinione
1611 4040 1727 4097 adducti
1756 4056 1813 4110 qua

969 4137 1102 4190 meliores
1121 4136 1233 4190 caeteris
1246 4136 1433 4189 estimantur.
1454 4132 1603 4188 Sadducaei
1625 4136 1723 4185 utitem
1750 4128 1811 4181 ani-

968 4240 1028 4276 mas
1044 4225 1177 4277 mortales
1193 4222 1368 4287 existimant,
1393 4221 1536 4291 simulque
1565 4235 1630 4273 cum
1646 4216 1814 4289 corporibus
1869 4264 1876 4269 .

933 4310 1103 4377 Dinterire;
1125 4312 1220 4364 nullas
1235 4326 1300 4363 veru
1320 4310 1390 4365 alias
1406 4309 1618 4363 observationes
1641 4311 1748 4377 prester
1771 4306 1812 4358 le·

967 4416 1031 4469 geru
1048 4400 1212 4453 custodiunt
1227 4415 1233 4451 :
1251 4398 1387 4452 adversus
1414 4399 1541 4451 doctores
1560 4401 1656 4450 aulem
1686 4395 1813 4463 philoso-

66 4494 155 4545 altare
171 4507 228 4544 non
255 4491 446 4543 adorientem
473 4488 614 4553 Ecclesiae,
632 4486 681 4540 sed
702 4487 792 4557 magis
814 4486 849 4539 ad
867 4503 913 4539 oc·
965 4488 1040 4558 phiec
1060 4504 1119 4541 suae
1143 4493 1251 4541 certare
1266 4492 1294 4540 et
1319 4486 1403 4540 reniti
1424 4485 1580 4555 gloriosum
1606 4489 1819 4548 annumeratae

65 4581 208 4635 ridentem
224 4578 349 4633 habere?
377 4576 712 4646 Constantinopolitanae
731 4575 808 4628 idem
829 4574 914 4628 histo·

65 4668 242 4739 riographus
266 4666 361 4733 refert,
389 4667 418 4719 iu
443 4665 608 4734 recipiendo
633 4664 677 4717 vel
703 4663 858 4733 rejiciendo
873 4663 913 4718 bi·

65 4757 230 4811 nubosnon
251 4755 327 4808 idem
351 4754 470 4816 sentire,
496 4753 547 4807 sed
576 4769 637 4806 esse
659 4752 775 4820 diuisus,
800 4752 915 4822 quibus·

65 4845 131 4898 dam
165 4842 356 4898 sentientibus
384 4857 482 4895 eorum
510 4842 716 4911 receptionem,
741 4839 914 4912 quibusdam

65 4930 304 4986 dissentientibus
318 4935 414 4983 ratum
435 4945 496 4983 esse
514 4945 520 4983 :
535 4945 600 4983 cum
616 4928 800 4983 occidentalis
821 4929 915 4983 omnis

66 5022 191 5076 Ecclesia
204 5020 265 5073 sine
285 5018 508 5073 contradictione
523 5020 620 5089 palam
642 5019 781 5088 recipiat;
804 5034 857 5072 nec
875 5024 915 5072 ta·

65 5126 134 5164 men
149 5109 191 5163 sic
209 5108 287 5162 inter
312 5123 342 5161 se
359 5107 568 5162 consuetudine
590 5107 685 5173 dirisi,
704 5107 914 5161 communionis

66 5199 176 5252 animle
210 5202 391 5267 separentur.
423 5196 515 5266 Rogo,
541 5210 605 5266 quae
631 5193 738 5252 sitista
765 5195 915 5265 sapientia,

65 5287 109 5340 vel
121 5300 212 5341 sacrae
227 5285 305 5339 zelus
320 5282 476 5354 religionis,
499 5288 532 5336 ut
545 5283 619 5336 circa
635 5282 778 5336 Romanos
792 5297 851 5336 nou
865 5300 916 5353 pa·

97 5494 111 5523 θ
141 5479 219 5535 Nihil
254 5476 433 5533 mollitudini.
472 5476 517 5532 Sic
553 5474 716 5530 emendavit
750 5474 915 5542 cotelerius,

63 5566 153 5622 quera
188 5549 339 5602 consulere
374 5553 457 5618 potes
489 5552 568 5601 tomo
601 5547 612 5600 l
639 5546 815 5600 llonurncnt.
844 5545 914 5598 Eccl.

967 4576 1016 4630 sed
1032 4575 1067 4629 ad
1088 4592 1194 4645 paucos
1209 4575 1362 4628 admodum
1384 4573 1513 4627 doctrina
1529 4573 1670 4643 pervenit,
1686 4573 1731 4625 vel
1750 4567 1817 4625 ruoa'

968 4666 1021 4719 dus
1033 4663 1254 4719 exercitationis.
1272 4663 1410 4716 Primates
1433 4665 1529 4716 aulem
1553 4661 1630 4730 apud
1651 4677 1701 4714 eos
1725 4649 1821 4730 digni?

968 4753 1075 4807 tatibus
1101 4753 1314 4822 honoribusque
1337 4751 1525 4805 celebrantur.
1544 4749 1640 4804 Esseni
1654 4754 1751 4803 aulem
1778 4748 1821 4800 ad·

970 4842 1060 4895 [lcum
1072 4848 1174 4895 cuncta
1188 4841 1333 4910 redigunt.
1348 4839 1541 4893 immortalem
1552 4838 1679 4891 animam
1694 4837 1811 4890 dicunt:

966 4929 1215 5000 justitiarnaulem
1242 4944 1303 4981 rem
1320 4928 1485 4998 pretiosam,
1513 4941 1638 4996 proque
1663 4938 1753 4992 usque
1779 4921 1813 4972 ad

969 5023 1092 5070 mortem
1109 5017 1298 5086 pugnandum
1314 5030 1375 5068 esse
1390 5013 1556 5084 pradicant.
1584 5012 1614 5065 ln
1640 5009 1749 5080 templo
1769 5022 1815 5060 au·

970 5111 1026 5158 tem
1057 5104 1239 5158 anathemata
1268 5103 1431 5175 prohibent.
1460 5100 1603 5157 Sacrificio
1633 5097 1674 5150 vel
1708 5095 1814 5149 hostias

969 5210 1034 5248 crim
1050 5194 1157 5265 populo
1172 5209 1229 5247 non
1241 5191 1398 5257 celebrant,
1414 5189 1488 5261 quod
1507 5205 1536 5241 se
1552 5186 1708 5258 plurimum
1723 5183 1759 5236 ab
1773 5182 1815 5236 eis

969 5287 1072 5354 putant
1086 5281 1228 5336 munditia
1238 5282 1281 5335 vel
1292 5280 1442 5335 sanctitate
1454 5277 1569 5332 dillerre
1586 5280 1615 5328 et
1637 5272 1741 5326 merito
1756 5288 1763 5326 :
1785 5287 1814 5325 se

970 5475 1084 5555 Eraecae,
1112 5489 1171 5546 pag
1204 5477 1265 5529 762.
1304 5476 1395 5526 Antea
1432 5466 1581 5538 legebatur
1615 5464 1809 5520 multitudini:

972 5554 1080 5615 inepte.
