3930 6098
101 237 152 293 485

881 234 1068 294 EPISTOLAE.

1795 198 1853 291 'aas

103 376 204 424 taret:
230 370 356 424 habesne
379 369 454 423 ultra
479 384 537 438 quo
564 383 666 422 nerros
690 367 870 438 loquacitatis
895 374 951 422 tum
970 374 1095 438 Aquam
1109 367 1210 421 falsam
1227 366 1347 437 probare
1362 367 1476 438 satagis,
1497 362 1686 437 Septuaginta
1708 365 1851 438 Interpre-

103 457 262 513 extendas?

137 549 163 601 3.
190 546 368 600 veniendum
392 560 467 598 nunc
484 547 527 598 est
542 544 578 598 ad
600 543 740 599 editiones
763 543 952 614 Septuaginta

105 636 309 705 Interpretum,
334 638 363 687 et
382 649 466 704 parra
482 633 607 704 capitula
631 632 753 701 exempli
773 649 859 686 cansa
882 633 952 686 sub-

105 723 242 778 dendum.
267 723 299 776 ln
312 721 446 776 Zacharia
460 721 538 774 enim
557 720 628 790 (sap.
645 719 685 790 xi)
701 720 741 773 ita
765 720 953 790 Septuaginta

106 813 139 866 ed
164 813 261 866 locum
287 811 402 866 dixere:
425 811 455 866 Si
483 809 581 864 bonum
607 814 646 864 est
671 824 761 863 soram
779 809 865 874 nobis,
890 809 954 863 date

104 899 252 954 mercedem
270 899 350 966 milri,
373 903 421 951 aut
443 898 557 951 renuite.
581 897 620 950 Et
644 896 832 965 appenderunt
851 910 953 950 merce-

106 988 164 1041 dem
184 1002 274 1041 meam
297 988 414 1054 triqtma
437 989 593 1053 argenteos3
615 983 742 1052 dicitque
764 985 895 1038 Dominus
916 983 953 1037 ad

105 1089 161 1129 me:
185 1077 257 1130 Pone
278 1074 340 1128 illos
358 1076 387 1128 in
406 1074 571 1140 conflatorio,
594 1077 619 1126 et
644 1072 786 1127 eorrsidera
804 1076 829 1127 st
850 1073 951 1142 proba·

105 1170 160 1217 tam
174 1165 213 1218 sit
226 1165 297 1218 sicut
313 1162 445 1232 probatus
464 1176 523 1216 sum
544 1160 577 1214 ab
593 1164 645 1227 eis;
661 1166 687 1214 et
708 1163 760 1215 tuli
775 1163 889 1228 triginta
907 1177 951 1214 ar.

105 1257 222 1319 genteos,
248 1255 274 1305 et
297 1252 361 1304 misi
383 1265 426 1305 eos
447 1252 477 1303 in
499 1250 577 1303 domo
603 1249 718 1304 Domini
741 1251 770 1302 in
786 1251 951 1317 conflatorio.

105 1340 185 1404 Quod
206 1345 305 1394 noster
328 1340 427 1393 lumen
451 1338 639 1408 Hieronymus
671 1337 711 1392 ita
740 1338 893 1391 transtulit.
923 1339 954 1394 Si

106 1430 203 1483 ionum
225 1432 264 1483 est
287 1430 317 1482 in
339 1427 422 1482 oculis
445 1428 542 1480 uestris
567 1425 662 1494 afferte
686 1425 832 1480 mercedem
856 1441 952 1492 meam,

104 1522 129 1571 et
150 1520 176 1571 si
194 1532 262 1585 non,
286 1517 425 1586 quiescite.
441 1517 476 1570 tn
490 1515 679 1584 appenderunt
697 1514 843 1569 mecedem
868 1529 954 1568 meam

106 1608 223 1674 triginta
246 1611 400 1672 argenteam
422 1608 447 1657 et
465 1602 540 1657 diait
561 1605 688 1656 Domitius
712 1602 750 1656 nd
774 1618 830 1656 me:
848 1603 954 1671 Projicc

1007 462 1077 524 tum,
1107 472 1165 510 non
1194 455 1361 526 Hieronymi
1385 472 1444 509 esse
1469 472 1617 525 cognosce.
1646 455 1736 520 Quam
1765 457 1851 513 etiam

1007 545 1055 600 ille
1074 545 1104 598 in
1119 544 1216 599 multis
1240 544 1298 597 suis
1312 543 1456 613 opusculis
1475 546 1580 615 arguit,
1605 544 1791 616 additumque
1816 548 1851 602 ab

1007 635 1047 688 eis
1062 638 1090 687 et
1105 633 1280 688 diminutum
1296 648 1355 686 non
1368 633 1429 686 sine
1444 633 1568 687 evidenti
1581 634 1693 687 ratione
1707 635 1850 704 probarit.

1008 723 1040 776 nt
1054 739 1105 793 pro
1120 721 1223 775 harum
1238 720 1375 776 varietate
1388 720 1546 775 editionum
1560 721 1687 792 linguam
1703 723 1852 779 Hebraeum

1007 810 1114 875 didicit,
1150 824 1274 880 moxque
1302 824 1431 862 veracem
1460 825 1541 862 snam
1570 811 1715 880 propriam
1753 813 1852 868 Latino

1007 914 1138 952 sermone
1162 898 1316 952 editionem
1332 897 1464 951 Ecclesiis
1486 897 1574 952 dedit.
1601 899 1683 952 Vides
1697 898 1764 970 quia
1783 900 1853 954 dnm

1007 987 1214 1057 Hieronymum
1242 986 1324 1056 cupis
1353 985 1484 1040 fallacem
1515 987 1646 1056 probare,
1678 986 1853 1056 imperitiam

1007 1080 1086 1130 tuam
1102 1075 1245 1130 ostendis:
1270 1074 1388 1145 insuper
1407 1079 1437 1129 et
1461 1075 1574 1129 Judaeos
1589 1079 1654 1129 tuos
1670 1075 1855 1146 Septuaginta

1007 1165 1194 1234 sapientiores
1215 1164 1324 1217 caeteris
1347 1162 1539 1216 condemnare
1563 1161 1686 1216 conaris.
1713 1162 1793 1226 Quod
1819 1163 1853 1228 si,

1009 1257 1040 1306 nt
1054 1251 1133 1319 dicis,
1150 1251 1179 1304 in
1195 1251 1313 1304 Psalmis
1330 1256 1432 1304 cuncta
1446 1249 1534 1304 verbo
1549 1266 1583 1304 ex
1593 1251 1680 1304 verbo
1695 1250 1853 1321 expressit:

1008 1356 1058 1394 cur
1074 1340 1124 1411 qui
1143 1340 1171 1393 in
1196 1355 1284 1411 parvo
1306 1338 1400 1393 tidelis
1423 1339 1542 1407 exstitit,
1563 1338 1594 1394 in
1614 1340 1706 1394 multo
1729 1339 1855 1394 infidelis

998 1427 1161 1498 existeret?
1187 1428 1247 1482 Nisi
1269 1428 1337 1499 quia
1367 1427 1456 1481 editio
1483 1429 1661 1481 Psalmorum
1690 1426 1856 1498 Hieronymi

1009 1523 1074 1571 est:
1097 1532 1184 1588 qnam
1199 1515 1290 1570 multo
1315 1516 1399 1571 aliter
1420 1531 1507 1586 quam
1524 1515 1710 1586 Septuaginta
1734 1531 1856 1587 posuere

1009 1621 1042 1660 ex
1057 1606 1118 1676 ipsa
1130 1605 1253 1658 editione
1269 1620 1368 1658 eornm
1386 1605 1540 1674 perpende,
1558 1610 1589 1658 ut
1602 1621 1654 1674 per
1668 1604 1729 1658 haec
1749 1620 1854 1675 cogno·

104 1695 174 1750 iliud
193 1694 233 1749 ad
255 1696 421 1749 statuarium
438 1692 563 1747 decorum
585 1690 713 1760 pretium,
741 1707 794 1760 quo
817 1698 829 1725 ⁸
854 1705 952 1759 nppre·
973 1667 1067 1747 Bscas
1086 1693 1252 1747 fidelitatem
1275 1691 1399 1747 doctoris
1418 1691 1525 1746 summi
1541 1690 1721 1762 Hieronymi,
1746 1696 1853 1762 quanto

106 1788 190 1838 tintus
206 1799 267 1838 sam
281 1782 315 1836 ab
331 1784 369 1837 eis
391 1798 398 1835 :
422 1786 447 1835 et
467 1781 518 1834 tuli
533 1782 650 1848 triginta
668 1786 817 1848 argenteos,
841 1783 867 1832 et
887 1794 954 1848 pro-

102 1871 155 1940 y'esi
176 1873 265 1925 essin
285 1869 362 1923 domo
381 1870 488 1922 Domini
499 1867 537 1922 ad
552 1870 728 1921 statuarium.
748 1868 784 1921 Et
805 1866 871 1920 licet
886 1881 955 1919 sen-

1009 1782 1112 1848 stndio,
1135 1798 1192 1853 qno
1208 1782 1304 1835 labore
1326 1779 1483 1847 conaverit,
1506 1785 1537 1834 ut
1561 1780 1769 1850 proprietatem
1784 1778 1855 1849 legis

1010 1870 1138 1925 Ecclesiis
1152 1870 1278 1925 traderet
1292 1868 1407 1924 Christi.

106 1976 152 2014 sus
166 1958 248 2012 idem
262 1959 308 2022 sit,
333 1956 419 2011 rerba
431 1963 607 2026 praepostera
621 1961 689 2010 sunt
704 1961 731 2009 et
746 1971 818 2025 pene
833 1954 952 2008 diversa.
1044 1960 1071 2013 i.
1088 1959 1146 2015 Hoc
1164 1974 1230 2012 vero
1255 1957 1454 2011 testimonium
1474 1955 1515 2010 ita
1534 1971 1669 2027 perversa
1688 1960 1783 2009 mente
1810 1970 1854 2008 ro.

107 2049 176 2102 ltem
192 2050 225 2101 in
248 2047 340 2100 isaia:
363 2048 431 2100 Ecce
443 2050 521 2113 sirpo
535 2047 564 2100 in
581 2049 656 2098 utero
679 2046 792 2113 accipiet
818 2048 844 2097 et
866 2044 956 2112 pariet
1009 2048 1060 2101 stri
1075 2050 1285 2119 perverterunt,
1301 2045 1374 2100 sicut
1389 2050 1417 2100 et
1432 2045 1536 2099 librum
1554 2043 1707 2114 Sapientiae
1722 2043 1856 2099 Salomo-

105 2138 194 2197 ilium
218 2141 246 2191 el
268 2134 400 2190 vocabitis
419 2149 515 2188 nomen
537 2134 595 2202 ejus
619 2134 779 2187 Emmanuel
804 2133 868 2203 (lsa.
893 2132 953 2202 vir).
1009 2135 1064 2201 nis,
1091 2135 1298 2206 presidentem
1329 2134 1362 2189 de
1388 2133 1492 2188 Christi
1516 2133 1699 2188 crucifixione
1723 2133 1855 2186 testimo·

107 2225 235 2296 Proque
261 2223 469 2293 Hieronymus:
495 2225 560 2277 Ecce
575 2224 652 2287 sirpo
666 2223 797 2291 earrcipiet
817 2225 842 2274 et
864 2225 956 2290 pariet
1005 2225 1088 2279 nium
1103 2241 1120 2277 a
1134 2238 1244 2278 canone
1258 2223 1429 2293 rejecerunt.
1445 2222 1516 2276 Nam
1534 2226 1599 2292 post
1620 2221 1851 2275 interiectionem

107 2315 203 2382 lilium,
228 2316 254 2367 et
284 2312 391 2367 vocabit
415 2326 510 2366 nomen
534 2313 592 2381 mus
612 2312 781 2366 Emmanuel.
806 2310 890 2366 Aliud
913 2314 956 2364 est
1009 2312 1113 2367 Christi
1135 2328 1188 2382 pro
1203 2328 1236 2366 eo
1253 2310 1330 2382 quod
1352 2309 1458 2364 ibidem
1474 2310 1601 2379 legitur:
1629 2310 1762 2363 Dianam
1785 2310 1857 2362 inter

108 2401 185 2454 enim
199 2400 345 2467 vocabitis,
360 2398 438 2453 aliud
453 2399 571 2453 uocabit.
588 2398 712 2469 Requirc
727 2403 759 2452 tu
773 2398 837 2469 quis
853 2397 955 2451 melius
1008 2417 1035 2456 se
1058 2404 1139 2470 impii
1159 2416 1165 2455 :
1189 2399 1449 2470 comprehendamus
1472 2399 1579 2467 justum
1598 2399 1664 2466 quia
1683 2397 1791 2451 inutilis
1817 2401 1857 2451 est

108 2488 264 2556 transtulit,
293 2488 359 2542 licet
386 2488 481 2542 caeteri
504 2489 679 2558 interpretes
707 2487 954 2541 adulescentulam
1006 2491 1094 2556 nobis,
1123 2494 1149 2543 et
1176 2491 1328 2544 contrarius
1355 2492 1394 2542 est
1422 2487 1548 2556 operibns
1571 2488 1681 2541 nostris.
1716 2486 1857 2541 Promittit

108 2576 147 2628 rel
173 2574 359 2643 juvenculam
380 2576 503 2630 dixerint
527 2591 534 2629 :
559 2575 607 2630 sed
639 2575 759 2629 verbum
784 2573 955 2629 Hebraicum
1007 2580 1149 2634 scientiam
1170 2579 1223 2632 Dei
1245 2592 1272 2632 se
1300 2576 1407 2635 trabem,
1431 2580 1456 2629 et
1481 2576 1581 2630 Filium
1612 2575 1658 2628 Dei
1681 2589 1709 2628 se
1734 2576 1857 2629 nominat

108 2665 188 2732 alma,
204 2670 235 2718 ct
253 2665 284 2718 in
299 2665 425 2719 Hevecca
439 2665 531 2718 adhuc
545 2664 654 2735 virgine
671 2663 796 2734 positum
811 2663 951 2732 iuvenies,
1009 2668 1087 2739 (Sap.
1109 2683 1139 2732 ιι,
1161 2669 1202 2734 tt,
1228 2668 1290 2735 Ι3)·,
1315 2669 1343 2719 et
1367 2664 1443 2717 inira
1461 2681 1467 2717 :
1493 2665 1524 2719 Si
1546 2665 1617 2717 enim
1632 2667 1671 2717 est
1684 2678 1745 2717 nere
1764 2662 1856 2718 Filius

108 2757 133 2805 et
152 2752 184 2806 in
210 2753 299 2807 hieria
325 2768 406 2805 soror
428 2757 533 2818 Aaron,
565 2752 687 2806 necdum
717 2751 777 2805 viro
803 2751 955 2822 conjuncta
1008 2758 1065 2822 Dei,
1087 2757 1217 2824 suscipiet
1234 2755 1322 2820 illum,
1346 2759 1371 2807 et
1386 2752 1514 2806 liberabit
1536 2753 1614 2805 illum
1630 2751 1662 2805 de
1683 2766 1766 2805 manu
1791 2765 1857 2805 con-

110 2840 245 2911 reperies,
268 2840 347 2911 qnod
366 2840 537 2907 abscondita,
561 2840 848 2906 etnimiadilipentiu
865 2845 953 2894 custo·
1009 2845 1160 2899 trnriorum
1201 2841 1295 2911 (inid,
1333 2841 1395 2908 l8);
1441 2855 1473 2894 ac
1504 2840 1639 2894 deinde:
1676 2841 1710 2894 Ut
1739 2841 1857 2894 sciamus

109 2929 175 2995 dita,
195 2932 288 2983 sonat.
307 2930 387 2984 Unde
403 2935 430 2983 et
445 2929 475 2983 in
490 2929 574 2983 titulo
592 2928 695 3000 psalmi
708 2928 757 2982 ubi
771 2929 896 2999 positum
912 2932 955 2981 est
972 2967 992 3023 C
1008 2934 1184 2986 reverentiam
1199 2932 1283 2998 iltius,
1299 2934 1325 2984 et
1345 2929 1486 2998 probemus
1505 2930 1669 2996 patientiam
1685 2929 1753 2995 ejas,
1773 2932 1857 2982 morte

110 3020 191 3085 alma,
215 3018 292 3085 rrotb,
317 3016 505 3088 Septuaginta
523 3017 680 3071 dixerunt:
705 3018 757 3070 Pro
776 3015 952 3070 absconditis.

110 3106 209 3161 Sedet
227 3105 302 3160 libro
323 3106 385 3168 iob,
408 3105 457 3159 ubi
480 3105 585 3159 dicitur
602 3121 654 3174 pro
677 3104 827 3176 sapientia,
851 3109 877 3158 ct
895 3104 956 3159 abs·

109 3195 234 3249 conditur
261 3195 297 3248 ab
320 3195 404 3248 oculis
425 3197 511 3247 omnis
538 3195 654 3247 vineatis
679 3192 744 3261 (iob.
772 3208 867 3258 xxvrrr,
897 3192 953 3263 it),

109 3283 136 3337 in
153 3284 275 3338 Hebraeo
291 3288 409 3353 propter
420 3281 642 3337 declinationem
658 3281 736 3335 verbi
751 3280 833 3335 aliter
847 3281 954 3350 ligura·

110 3376 178 3437 turn,
200 3372 274 3426 alma
299 3370 413 3425 dicitur.
430 3371 464 3424 Et
477 3369 508 3423 in
529 3370 693 3439 Regnorum
713 3368 796 3423 libris
816 3369 955 3439 seriptum

110 3467 148 3514 est
169 3477 204 3514 ex
229 3475 353 3530 persona
369 3458 452 3513 Elisei
475 3457 619 3529 loquentis
642 3457 677 3511 ad
692 3456 788 3511 Giezi:
805 3459 840 3511 nt
860 3459 952 3510 Domi-

111 3565 156 3604 nus
177 3548 321 3603 abscondit
344 3564 362 3601 u
378 3562 419 3601 me
444 3548 494 3616 (tv
514 3547 583 3614 Rep.
603 3561 641 3611 tv,
665 3548 724 3614 tl),
742 3545 808 3599 hnic
836 3545 907 3616 quid
923 3545 956 3598 si·

113 3638 174 3691 mile
196 3641 250 3702 est,
267 3635 335 3691 lieet
348 3634 506 3689 masculino
522 3649 627 3703 genere
642 3634 811 3688 declinetur.
828 3632 909 3697 Quod
931 3632 955 3686 si

114 3724 235 3781 Herecca
263 3728 292 3779 ct
322 3723 409 3778 hieria
432 3723 558 3792 virgines
583 3737 645 3776 esse
667 3721 747 3789 velis,
773 3736 825 3791 pro
851 3721 956 3792 quibus

115 3829 257 3885 nunquam
273 3812 393 3868 verbnm
413 3814 502 3867 uetula
524 3810 617 3882 legis:
641 3827 705 3881 quae
721 3808 901 3881 impudentia
915 3814 956 3863 est

116 3901 175 3957 haic
198 3902 268 3957 solae
292 3901 397 3973 virgini
412 3901 549 3970 denegari
565 3900 642 3972 quod
657 3899 768 3954 coeteris
788 3898 857 3953 velis
880 3898 956 3952 nolis

1010 3023 1170 3090 turpissima
1206 3019 1408 3072 condemnemus
1445 3032 1505 3070 eum
1542 3016 1639 3087 (ibid,
1680 3018 1722 3082 te,
1760 3016 1805 3086 20)
1848 3031 1855 3069 :

1009 3107 1170 3161 conlatione
1186 3122 1316 3159 sacrans
1332 3105 1422 3159 nostri
1436 3121 1483 3159 eos
1496 3120 1548 3175 pro
1574 3108 1633 3158 tam
1650 3106 1749 3173 aperio
1768 3104 1855 3158 sacri-

1010 3196 1085 3266 legio
1099 3196 1281 3266 derogarent,
1297 3211 1312 3247 a
1329 3192 1505 3264 propheticis
1520 3208 1586 3246 eum
1602 3190 1795 3246 voluminibus
1812 3206 1855 3247 re·

1010 3283 1151 3348 ciderunt,
1175 3282 1387 3353 legendumque
1410 3281 1468 3335 suis
1496 3280 1664 3353 perenniter
1691 3283 1854 3335 vetuerunt.

1012 3373 1083 3427 Nam
1103 3371 1152 3443 qni
1173 3371 1304 3425 libellum
1326 3371 1471 3441 integrum
1489 3385 1547 3423 non
1571 3368 1775 3424 dubitaverunt
1797 3385 1857 3441 pro

1009 3461 1155 3533 phetioum
1170 3459 1374 3531 apropheticis
1389 3459 1533 3530 opusculis
1545 3473 1706 3529 segregare,
1725 3463 1754 3513 et
1774 3456 1858 3530 quasi

1010 3566 1069 3603 nou
1091 3549 1192 3604 inisset
1212 3548 1247 3602 ab
1269 3548 1368 3604 eodem
1393 3547 1545 3602 Salomone
1570 3547 1679 3601 editum
1704 3547 1857 3617 denegare,

1011 3637 1102 3692 multo
1124 3636 1249 3706 amplius
1270 3637 1359 3690 levius
1384 3636 1577 3706 praeviderunt
1601 3635 1734 3706 periodus
1756 3636 1857 3691 verbo·

1011 3740 1076 3781 rum
1092 3725 1175 3780 aliter
1189 3741 1276 3796 quarn
1292 3724 1396 3794 digesti
1411 3728 1478 3777 sunt
1491 3724 1696 3795 promulgare:
1713 3724 1789 3779 unde
1804 3740 1858 3778 ne-

1011 3829 1156 3886 quaquam
1171 3820 1214 3867 est
1229 3812 1330 3866 restris
1345 3811 1550 3866 commentitiis
1570 3812 1674 3866 fabulis
1694 3811 1857 3867 obscultan-

1011 3902 1092 3968 dum,
1108 3903 1157 3956 scd
1178 3902 1231 3956 hec
1246 3906 1358 3955 tantiam
1378 3916 1431 3970 pro
1447 3900 1558 3954 uerboc
1577 3900 1753 3967 habendum,
1779 3899 1858 3970 qnod

118 3991 261 4046 concedis?
283 3990 407 4047 Ostende
430 3989 502 4044 mihi
525 3988 776 4058 alicubi·positum
799 3989 882 4052 almo,
908 3986 956 4041 ubi
1011 3992 1139 4060 prudens
1161 3990 1350 4062 Hieronymus
1365 3989 1507 4059 interpres
1522 3993 1628 4043 nostrae
1643 3988 1748 4058 linguae
1763 3987 1857 4042 omni·

119 4079 366 4146 adulescentulam,
395 4083 423 4134 ct
450 4094 509 4133 non
537 4077 678 4148 virginem
707 4081 814 4130 sonat:
839 4076 882 4129 rel
906 4075 957 4130 ubi
1011 4080 1064 4133 bns
1079 4079 1166 4134 dedit.
1184 4079 1300 4135 Codices
1321 4064 1446 4149 namque
1463 4078 1647 4132 Hebraeorum
1662 4080 1729 4147 post
1752 4077 1858 4131 adren-

120 4175 207 4240 nuptta
227 4169 282 4224 hoc
297 4169 382 4223 verbo
405 4168 575 4239 appellatur,
596 4170 626 4222 et
649 4182 695 4219 me
720 4164 889 4235 imperitum
912 4165 956 4218 vel
1012 4173 1074 4221 tum
1089 4168 1193 4223 Cbristi
1209 4168 1325 4221 falsatos
1346 4182 1406 4221 esse
1422 4166 1517 4221 nullus
1536 4166 1662 4236 ignorat,
1678 4170 1709 4220 ut
1731 4165 1859 4219 testimo·

122 4255 214 4312 rictum
228 4257 320 4311 fatear
333 4273 403 4312 esse.
421 4257 532 4326 Lingua
549 4270 664 4327 quoque
679 4253 796 4322 Punica,
811 4269 875 4324 quse
900 4254 954 4307 Hc·
975 4257 1057 4319 unia
1075 4258 1253 4312 evidentiora
1269 4259 1304 4312 de
1329 4257 1440 4313 Christo
1456 4257 1670 4322 subtraherent,
1692 4270 1726 4310 ex
1753 4254 1858 4327 quibus

123 4341 253 4400 breernm
276 4345 404 4400 lontibus
425 4345 547 4409 ducitur,
571 4343 687 4414 proprie
703 4342 792 4412 virge,
813 4343 887 4396 alma
907 4357 956 4412 ap·
1009 4362 1039 4400 se
1059 4346 1271 4400 convincendos
1295 4362 1355 4400 esse
1375 4346 1503 4400 sciebant
1523 4347 1546 4401 d.
1569 4346 1687 4401 Constat
1703 4345 1792 4412 enim,
1814 4345 1859 4398 lu·

124 4433 244 4498 pellatur.
267 4433 321 4488 Sed
335 4433 386 4504 qui
400 4433 473 4487 scire
491 4432 633 4487 desiderat
646 4431 800 4501 ¹varietates
816 4430 957 4499 interpre·
1010 4450 1100 4505 ceque
1115 4435 1217 4488 clarius
1237 4439 1324 4504 patet,
1344 4434 1420 4504 quod
1438 4434 1487 4505 qui
1501 4434 1574 4505 legis
1589 4440 1737 4488 auctorem
1759 4437 1858 4488 contu·

125 4523 183 4586 tnm,
199 4523 240 4576 rel
255 4523 420 4576 iudaeorum
438 4522 517 4591 cupit
536 4520 744 4592 parvipendere
765 4519 955 4582 inventiones,
1011 4523 1106 4577 meliis
1127 4522 1293 4591 affecerunt,
1314 4522 1407 4592 legem
1430 4522 1522 4593 ipsam
1538 4538 1598 4576 non
1617 4523 1776 4576 timuerunt
1797 4536 1859 4591 per·

125 4604 305 4668 deustionem
328 4607 531 4663 Hebraicarum
547 4607 712 4677 Hieronymi
730 4606 773 4660 rel
789 4612 892 4660 caetera
906 4621 957 4659 sua
1010 4617 1131 4675 vertere,
1160 4626 1211 4681 per
1235 4626 1321 4680 quam
1345 4605 1435 4664 solem
1458 4615 1589 4681 poterant
1612 4610 1765 4665 confutari.
1788 4611 1857 4665 Per-

125 4697 246 4763 opnscula
265 4698 352 4768 legat.
373 4697 408 4751 Et
429 4698 524 4768 plane,
554 4695 712 4765 sicutipse
739 4695 885 4765 professus
903 4697 956 4760 est,
1011 4715 1093 4754 curre
1115 4699 1202 4753 totins
1226 4698 1442 4753 maledictiones
1469 4699 1551 4770 legis,
1585 4715 1656 4770 quas
1683 4699 1857 4766 hominibus,

123 4790 259 4841 contemne
276 4791 384 4841 muetos
408 4788 421 4829 b
447 4790 476 4840 et
493 4785 621 4839 nausiam
637 4785 814 4848 ludaeorum,
838 4789 957 4854 tuasque
1011 4787 1120 4855 bestiis,
1166 4787 1358 4857 serpentibus,
1406 4787 1450 4840 rel
1480 4789 1694 4843 insensibilibus
1725 4787 1858 4854 metallis,

124 4873 329 4930 rocHeratienes
353 4875 439 4929 surda
463 4872 687 4928 auretransibit.
712 4873 783 4926 Nam
806 4872 883 4925 hunc
903 4888 956 4925 no·
1011 4877 1157 4947 cognoscis
1188 4876 1307 4942 inlatas;
1338 4882 1367 4930 et
1394 4876 1552 4930 ridebimus
1575 4891 1724 4947 nunqnam
1752 4875 1859 4929 alicubi
1934 4944 1937 4950 Ι

120 4967 213 5027 strum,
226 4969 255 5018 et
268 4979 335 5018 rere
351 4963 473 5034 dignum
486 4978 545 5016 non
560 4963 654 5016 solum
669 4960 790 5029 mundo,
806 4960 854 5014 sed
871 4960 959 5014 etiam
1011 4966 1137 5037 positum
1153 4965 1344 5020 maledictusa
1363 4968 1424 5032 Deo,
1448 4965 1503 5019 nisi
1523 4965 1552 5019 in
1569 4981 1603 5020 eo
1626 4966 1696 5026 loco,
1714 4963 1763 5018 nbi
1787 4963 1859 5019 illud

119 5051 192 5119 coelo,
221 5054 439 5123 Hieronymum,
465 5067 552 5123 quem
571 5049 813 5104 inrationabiliter
840 5049 959 5103 detesta·
1011 5053 1184 5123 intelligere,
1200 5052 1281 5123 quasi
1297 5053 1332 5106 ad
1345 5053 1505 5119 infamiam,
1522 5053 1653 5107 voluistis
1666 5068 1719 5122 pro
1735 5052 1856 5107 Christo:

115 5141 162 5203 ris,
187 5143 281 5197 nescio
296 5147 330 5196 nt
350 5142 421 5213 quid
435 5157 501 5196 eum
517 5142 602 5197 dente
618 5139 716 5195 ravido
731 5140 855 5202 mordes,
878 5139 959 5210 cujus
1011 5141 1172 5198 Maledictus
1183 5143 1269 5195 omnis
1280 5143 1328 5210 qui
1342 5141 1469 5211 pependit
1484 5143 1513 5196 in
1528 5142 1602 5209 liqna
1619 5141 1709 5208 (Dent.
1727 5154 1784 5208 xxi,
1801 5139 1856 5208 23).

113 5231 265 5286 editionem
290 5231 430 5286 hactenus
452 5231 554 5285 nescis.
586 5230 666 5284 Hanc
693 5230 770 5283 enim
801 5228 958 5283 editionem
1013 5231 1062 5285 Hic
1087 5247 1218 5302 proceres
1246 5230 1404 5301 Synagogae
1424 5230 1598 5285 addiderunt
1618 5244 1650 5282 ea
1670 5244 1733 5294 suo,
1753 5245 1770 5282 a
1794 5231 1857 5296 lieo,

1047 5385 1057 5409 a
1071 5373 1153 5426 Forte
1168 5388 1241 5426 uero.

144 5376 249 5440 ·ns.,
274 5375 347 5431 arrae
376 5375 413 5429 aa
443 5375 609 5429 statuarum
636 5374 670 5428 ue
696 5389 810 5443 quorum
839 5377 958 5442 metium
1047 5442 1116 5497 ,MR
1155 5444 1275 5498 som„

108 5447 193 5517 quod.

142 5521 156 5560 b
171 5517 239 5586 heg.
253 5521 357 5571 matus.
