3930 6098
111 299 161 354 405
885 295 1088 357 corrasam.
1814 307 1865 360 406

111 435 239 490 tormitto
269 440 346 492 cuim
372 453 406 492 ea
430 452 582 493 numerare
607 454 671 510 quae
704 438 802 508 gravia
831 437 956 491 animam
976 432 1190 504 AScripturam
1210 439 1336 488 sanctam
1362 435 1476 504 plenam
1502 436 1742 494 medicaminibus
1766 442 1865 496 detua

111 528 215 577 sueta·
243 529 311 579 sunt
342 525 481 597 gehennae
504 525 636 581 incendio
661 543 718 581 non
744 526 870 582 finiendo
899 531 960 580 tra·
1015 520 1255 576 excellentissima
1268 521 1361 591 gloria
1384 522 1514 576 vitalibus
1540 525 1631 578 succis
1655 527 1863 584 confectamad

111 611 195 668 dere:
224 613 275 668 sed
299 630 332 667 ea
359 630 435 668 nune
459 614 614 684 proferam,
644 632 708 685 quae
734 617 806 670 levia
827 616 961 669 videntur
1014 613 1120 662 terram
1138 626 1227 680 usque
1243 610 1366 663 delatam
1392 609 1505 664 dedisti.
1536 612 1589 666 Sed
1617 629 1670 684 ego
1688 615 1764 670 unde
1793 617 1863 672 alios

109 700 152 754 his
171 700 224 771 qui
238 717 273 754 ea
286 701 418 756 nesciunt
437 718 521 772 [aqua
546 703 626 757 13000
640 720 773 774 pensare,
794 705 864 758 Nam
881 705 903 757 ,ᾗ
920 704 959 757 10.
1013 712 1097 751 sanos
1116 697 1302 768 integerrime
1311 697 1381 765 vidi,
1395 697 1462 752 inde
1478 714 1522 752 me
1539 701 1695 755 sauciatum
1713 705 1862 760 tremendo

110 787 222 842 riorum
239 793 353 843 tantum
376 789 523 860 deplorem
539 790 707 856 admissum,
723 792 882 861 quantitate
896 800 958 845 'ma-
1013 785 1164 840 contabui:
1183 793 1210 840 el
1232 802 1289 840 uon
1319 786 1489 840 medicinam
1515 787 1703 858 impotentem
1730 793 1859 864 probavi,

109 876 203 931 lorum
220 877 398 946 superabunt
413 883 530 933 statum.
547 880 650 933 Verum
664 880 733 934 diam
750 881 839 934 oculis
855 879 960 934 mentis
1013 873 1063 928 ard
1078 890 1124 927 me
1139 879 1278 944 aegrolum
1295 874 1548 929 irremediabiliter
1563 893 1619 930 uon
1635 877 1707 934 bene
1731 881 1860 951 ploravi:

108 968 224 1019 memte
244 967 361 1019 testein
384 966 587 1036 memetipsum
615 972 739 1034 reverto,
757 967 828 1021 nibil
849 967 957 1022 ibidem
1013 963 1080 1033 quia
1095 963 1119 1015 si
1135 963 1309 1017 sufficienter
1330 979 1376 1016 me
1390 964 1581 1034 lacrymarum
1599 965 1712 1020 fletibus
1727 971 1860 1041 compul-

109 1052 270 1120 leve,nibit
288 1070 346 1107 non
370 1070 455 1124 grave
485 1071 545 1109 esse
575 1055 769 1126 deprehendo.
791 1057 862 1121 Quid
880 1057 957 1112 enim
1012 1065 1144 1117 verenae,
1162 1052 1322 1105 fomentum
1345 1052 1460 1106 aliunde
1480 1070 1609 1124 quaerere
1626 1055 1686 1125 jam
1708 1073 1857 1114 cessarem.

109 1140 225 1210 gravior
239 1142 387 1196 libidine?
402 1142 471 1213 quid
492 1144 640 1198 onerosior
653 1144 773 1199 fraude?
797 1146 865 1216 quid
883 1162 957 1214 pon·
1012 1156 1064 1195 nec
1085 1140 1153 1193 alibi
1172 1139 1329 1194 remedium
1346 1156 1505 1210 quaererem
1523 1143 1599 1211 quod
1626 1143 1655 1195 in
1672 1159 1718 1196 me
1733 1145 1793 1210 ipse
1808 1147 1859 1199 ba-

108 1226 239 1282 darosior
265 1229 403 1300 jactantia
429 1233 529 1283 vanalv
550 1229 564 1285 7
582 1230 650 1301 quid
676 1233 757 1301 pejus
779 1231 958 1287 homicidio?
1011 1228 1119 1282 berem.
1138 1229 1192 1282 Sed
1208 1228 1340 1299 nunquid
1356 1230 1425 1282 llere
1440 1229 1535 1299 potuit
1551 1231 1659 1295 Petrus,
1675 1230 1730 1284 nisi
1746 1237 1776 1284 tu
1793 1248 1859 1289 eum

108 1316 175 1387 quid
191 1317 302 1385 malum
317 1316 482 1372 testimonio
495 1318 589 1373 falso‘l
613 1319 957 1391 quidiniquiusmisero·
1010 1316 1167 1387 inspiceres
1194 1318 1270 1385 (lucc.
1299 1333 1365 1382 ιιιι,
1391 1318 1445 1388 6t),
1474 1319 1595 1374 Domine
1621 1320 1719 1374 Deris?
1746 1322 1858 1390 Aspice,

107 1420 169 1458 rum
191 1406 309 1476 spolio?
330 1407 399 1477 quid
422 1406 587 1462 scelestius⁰
611 1423 697 1478 quam
721 1409 762 1462 rei
779 1409 899 1481 cognitae
919 1409 955 1463 ob
1011 1405 1142 1470 Domine,
1160 1411 1189 1459 et
1203 1421 1249 1459 me
1264 1405 1420 1460 haerentem
1438 1406 1467 1460 in
1482 1407 1616 1477 vepribus
1631 1408 1705 1474 vide,
1726 1413 1754 1463 et
1768 1407 1858 1478 respi-

106 1492 313 1549 detrimentum
323 1495 448 1550 aliorum
461 1495 604 1567 negatio?
623 1498 655 1551 Et
665 1502 761 1551 tamen
772 1497 832 1552 lvaec
847 1497 954 1563 omnia,
1010 1493 1112 1547 ciendo
1127 1494 1240 1548 vincula
1255 1509 1318 1547 mea
1337 1494 1499 1564 disrumpe:
1523 1502 1552 1550 et
1567 1512 1631 1566 qum
1647 1496 1744 1567 lingua
1759 1498 1859 1567 nequit

107 1580 206 1637 etatis
222 1599 288 1654 quae
311 1583 468 1639 defectione
482 1584 621 1638 sermonis
637 1586 820 1656 promulgare
835 1602 892 1640 non
907 1603 953 1641 va·
1010 1581 1163 1652 attingere,
1176 1587 1206 1634 tu
1224 1583 1299 1636 Deus
1316 1598 1394 1635 meus
1410 1584 1493 1637 solita
1507 1585 1659 1639 clementia
1674 1585 1857 1640 emundando
1923 1651 1928 1665 ,

105 1669 154 1735 lui,
176 1676 212 1725 ut
238 1677 269 1725 tu
298 1672 384 1739 nosti,
420 1673 470 1744 qui
494 1673 734 1728 conscientiarum
757 1690 786 1727 es
811 1675 953 1745 cognitor,
1009 1671 1150 1725 concede:
1168 1671 1235 1741 quia
1250 1686 1362 1741 eaquae
1386 1670 1468 1726 nobis
1484 1673 1518 1727 de
1533 1673 1605 1727 coelo
1630 1673 1660 1728 in
1678 1675 1858 1729 testamentis

105 1758 211 1830 partim
227 1776 324 1832 opere,
341 1761 446 1833 partim
464 1763 610 1817 voluntate
629 1763 747 1834 peregi3
764 1762 823 1817 imo
844 1764 953 1819 actibus
973 1729 1066 1813 Btuis
1082 1775 1134 1830 per
1148 1759 1303 1830 prophetas
1327 1758 1466 1825 detulisti,
1492 1775 1550 1814 non
1566 1777 1617 1831 per
1631 1777 1671 1828 se,
1692 1760 1742 1816 sed
1763 1777 1814 1831 per
1829 1768 1857 1817 te

105 1847 330 1919 universaquae
346 1849 493 1921 implenda
505 1866 558 1904 nec
574 1849 715 1904 adiabolo
732 1856 822 1912 erant,
838 1867 890 1922 ego
901 1851 954 1905 ini·
1007 1853 1115 1901 norunt
1129 1863 1241 1901 curare.
1262 1848 1294 1901 Et
1309 1846 1364 1900 nisi
1379 1852 1421 1913 tu,
1438 1864 1455 1901 o
1481 1848 1599 1917 pissime
1616 1849 1700 1916 nens,
1719 1849 1855 1916 adfueris,

106 1935 262 2006 quissimus
277 1938 440 2009 adimplevi.
456 1939 485 1993 Si
499 1938 679 2004 libidinibus,
695 1939 738 1992 vel
755 1939 861 1994 misero
881 1940 951 1994 mihi
1006 1935 1126 2007 ipsaque
1141 1935 1270 1990 antidota
1285 1951 1302 1988 a
1315 1940 1341 1988 te
1355 1935 1423 1989 olim
1438 1937 1543 2006 prolati
1554 1937 1643 2008 digilo
1659 1938 1709 1992 illo
1725 1954 1782 2009 quo
1800 1938 1852 1994 dae·

104 2022 242 2079 hactenus
271 2042 324 2097 per
346 2028 425 2081 varia
453 2027 631 2081 illectionum
659 2043 766 2098 genera
793 2028 895 2082 milito.
923 2028 952 2084 Si
1007 2025 1152 2079 moniacos
1167 2023 1272 2078 curasti
1294 2023 1459 2090 confeceris,
1476 2025 1627 2080 medellam
1647 2042 1705 2080 non
1721 2026 1856 2097 ingerunt

104 2112 262 2182 fraudibus,
283 2114 456 2169 conscientia
472 2116 532 2169 sola
547 2120 618 2170 teste
638 2132 728 2187 nsque
743 2115 829 2170 bodie
844 2122 877 2171 ut
890 2133 950 2171 cor.
1007 2113 1148 2167 sanitatis.
1165 2112 1221 2168 Sed
1235 2110 1307 2164 sicut
1333 2116 1360 2166 te
1383 2117 1524 2180 presente
1550 2112 1697 2168 salutifera
1721 2130 1782 2168 esse
1800 2130 1862 2167 no-,

104 2215 171 2270 pore
187 2201 272 2256 itaet
294 2207 390 2257 mente
408 2201 548 2257 deservio.
577 2203 607 2257 Si
633 2203 831 2273 sanguinibus,
848 2205 952 2260 animm
1006 2205 1133 2266 scuntur,
1164 2202 1203 2256 ita
1227 2199 1345 2254 absente
1375 2205 1408 2255 ut
1430 2201 1590 2271 perniciosa
1613 2201 1757 2257 vitanlur:
1787 2203 1855 2274 quia

104 2302 172 2342 mee
185 2304 246 2343 non
262 2304 315 2359 per
328 2289 446 2361 species,
462 2291 510 2344 sed
528 2290 644 2361 proprie
657 2291 822 2346 interfector
839 2293 949 2348 assisto.
1006 2290 1068 2343 sine
1086 2294 1113 2343 te
1130 2289 1201 2343 nibil
1218 2288 1246 2342 in
1266 2287 1373 2342 nvundo
1389 2289 1507 2356 bonum,
1523 2293 1551 2343 et
1568 2288 1676 2344 bonum
1699 2290 1807 2361 absquo
1826 2295 1854 2345 te

103 2374 131 2430 Si
145 2376 220 2431 falso
241 2377 419 2443 testimonio,
443 2394 519 2449 saepe
535 2380 662 2449 perjurio
689 2380 884 2448 deserviendo,
902 2399 951 2436 us-
1005 2393 1058 2432 nec
1072 2393 1124 2447 per
1140 2393 1168 2432 se
1192 2377 1309 2431 bonum.
1335 2377 1375 2431 Tu
1393 2394 1422 2431 es
1447 2379 1535 2444 enim,
1561 2396 1577 2433 o
1598 2384 1693 2433 custos
1710 2379 1852 2447 omnium,

104 2465 210 2534 quoad
227 2466 302 2520 hane
322 2466 422 2521 horam
449 2468 554 2539 linguae
576 2484 648 2523 meae
669 2486 817 2540 nonquam
834 2471 949 2525 modum
1005 2463 1106 2531 bonus,
1132 2470 1190 2518 eta
1216 2470 1243 2517 te
1259 2463 1352 2516 omnis
1378 2465 1489 2518 bonitas
1519 2465 1628 2537 accepit
1651 2465 1776 2520 initium.
1800 2465 1853 2520 Sed

104 2554 231 2624 impono.
248 2554 279 2611 si
295 2554 325 2609 iu
349 2556 491 2625 superbiae
506 2557 679 2626 tumiditate,
707 2558 818 2613 nullum
837 2559 906 2613 mihi
919 2560 950 2614 in
1005 2553 1129 2624 qualiter
1151 2552 1276 2608 coelestia
1295 2551 1343 2605 illa
1361 2552 1481 2607 mirifica
1504 2559 1681 2608 sacramenta
1699 2554 1806 2625 absque
1825 2559 1853 2609 te

103 2641 153 2697 hac
164 2642 233 2697 tabe
251 2644 408 2700 secundum
424 2661 484 2699 esse
511 2662 662 2716 cognosco.
687 2646 716 2701 Si
736 2647 852 2714 invidie,
870 2649 949 2702 omni
1004 2657 1066 2696 esse
1088 2642 1208 2697 dicenda
1232 2646 1330 2707 santa,
1346 2641 1396 2696 ubi
1422 2647 1471 2695 tua
1495 2642 1561 2696 licet
1583 2658 1643 2697 uon
1662 2647 1769 2714 quanta
1798 2647 1850 2710 est,

103 2736 250 2786 momente
278 2733 355 2787 velut
377 2732 436 2803 igni
465 2733 649 2788 felicitatibus
673 2735 794 2790 fratrum
819 2735 949 2791 invidens
1005 2731 1055 2785 sed
1076 2735 1217 2801 quantum
1238 2731 1370 2786 audiris
1394 2731 1563 2785 mortalibus
1588 2736 1689 2800 potest,
1718 2733 1852 2802 majestas

103 2820 197 2874 ardeo.
224 2818 254 2874 si
280 2820 309 2874 in
333 2819 483 2891 injustitia,
507 2823 579 2876 sicut
599 2839 691 2894 equus
715 2823 835 2878 infrenis
862 2841 948 2896 super
1002 2818 1111 2889 digesta
1136 2821 1204 2872 est?
1238 2821 1316 2874 Unde
1353 2824 1428 2874 certe
1456 2824 1484 2873 et
1509 2819 1655 2873 verissime
1683 2825 1712 2873 ot
1742 2820 1849 2891 plenis·

103 2908 284 2963 mendacium
309 2909 394 2963 miser
413 2911 533 2965 exsulto.
563 2911 593 2966 Si
608 2911 639 2965 in
662 2927 760 2966 rerum
781 2913 946 2983 cupiditate,
994 2909 1075 2973 ,sime
1103 2923 1217 2961 necesse
1247 2913 1290 2962 est
1317 2907 1444 2972 credere,
1468 2913 1497 2962 te
1526 2907 1557 2961 in
1589 2908 1644 2961 iltis
1679 2908 1850 2964 lectionibus

102 3012 133 3051 ex
148 3013 252 3052 earum
282 2997 415 3052 aviditate
427 2999 514 3053 etiam
538 2999 568 3053 iu
583 3000 693 3054 somnis
708 3006 821 3056 montes
837 3019 882 3056 mo
897 3018 947 3055 au·
967 3011 1074 3080 cesse,
1094 3001 1122 3050 et
1136 3012 1188 3065 per
1207 2997 1284 3066 ipsas
1299 3011 1356 3050 non
1380 2995 1526 3065 indignos,
1542 2996 1589 3049 sed
1605 2996 1706 3066 dignos
1729 3002 1757 3051 le
1773 3013 1849 3052 sem-

101 3100 163 3140 raos
182 3085 343 3156 adipiscere
369 3086 462 3141 video.
490 3088 621 3142 Extremo
645 3089 732 3143 etiam
755 3089 779 3143 si
803 3090 948 3146 reltcnue
1003 3083 1247 3155 percurarezille
1267 3083 1395 3137 enimex
1419 3082 1489 3154 ipsis
1517 3083 1686 3138 lectionibus
1716 3100 1775 3139 non
1797 3102 1849 3139 cu-

102 3174 172 3244 quod
191 3177 269 3228 recta
297 3173 469 3245 cogitavero,
496 3175 591 3230 statim
620 3192 700 3231 vanae
728 3177 828 3249 gloriae
858 3179 948 3232 vermi
1002 3175 1091 3236 ratur,
1109 3171 1245 3242 quitustu
1262 3170 1403 3242 superbiae
1422 3170 1666 3238 nonobediendo,
1693 3171 1849 3226 seddiscu·

102 3262 226 3318 rodendo
241 3264 397 3318 contrado:
415 3268 521 3335 prmter
544 3264 616 3318 alias
630 3264 829 3335 perditionum
842 3267 947 3322 animae
1002 3258 1099 3315 tiendo
1113 3259 1233 3325 incentu
1261 3276 1347 3330 ⁵0q¹¹⁰
1374 3275 1431 3313 110ss
1455 3264 1505 3314 1¹¹⁰
1531 3260 1629 3315 subdit
1655 3259 1781 3331 θῙθίιῦἰθ,
1797 3261 1847 3315 ⁵⁰d

103 3350 207 3419 speeies
222 3366 289 3422 quae
301 3352 387 3406 corde
402 3352 611 3422 concipiuntur,
625 3369 678 3406 nec
692 3359 724 3407 ut
744 3359 811 3408 sunt
831 3355 947 3425 proprie
1002 3364 1054 3402 811⁰
1077 3348 1148 3403 illud
1177 3347 1257 3418 cupii
1283 3348 1384 3403 rimari
1413 3364 1447 3402 οἱ
1476 3363 1583 3414 seusu3
1612 3354 1640 3401 el
1673 3348 1740 3402 dum
1769 3349 1848 3419 cupit

102 3436 279 3509 digeruntur.
297 3440 367 3494 llam
382 3444 410 3494 et
425 3440 456 3494 in
485 3440 544 3510 ipse
561 3446 619 3495 ture
644 3456 731 3495 sacrae
752 3441 884 3497 lectionis
899 3443 946 3498 hi.
1001 3436 1054 3491 tibi
1069 3437 1219 3507 superbire
1232 3437 1333 3503 elatus,
1350 3453 1366 3490 a
1381 3453 1410 3491 se
1425 3436 1487 3506 ipso
1502 3437 1618 3491 delusus
1633 3436 1687 3490 sibi
1706 3443 1848 3507 repugnat

103 3526 195 3592 storia,
222 3529 268 3582 vel
293 3527 419 3582 coelestia
444 3544 509 3600 qum
538 3528 620 3584 nobis
638 3530 673 3584 ad
696 3530 818 3585 salutem
840 3532 945 3602 largire
1001 3524 1265 3596 adversus3acper
1287 3527 1341 3581 hoc
1357 3525 1448 3596 magis
1474 3525 1573 3579 morbo
1588 3524 1706 3586 laborat,
1720 3515 1780 3596 quo¹
1794 3525 1849 3580 dis·

104 3610 203 3667 lleifica
212 3617 401 3677 sacramenta,
418 3628 482 3683 quae
496 3613 606 3682 species
621 3613 834 3684 deceptionum,
855 3632 945 3687 quan·
1001 3613 1157 3668 cutientem
1182 3630 1212 3667 se
1227 3614 1369 3668 discutere
1393 3617 1485 3683 putat.
1512 3614 1581 3667 Vere
1605 3613 1712 3681 miseri,
1728 3618 1848 3668 atcerte

102 3698 175 3771 tique
190 3700 288 3771 laquei
307 3700 474 3772 aperiantur
498 3701 570 3756 mibi
593 3701 683 3757 inscio
707 3703 903 3774 perditionum
920 3707 945 3775 d,
1000 3702 1110 3756 ratione
1126 3702 1253 3756 infelices
1268 3701 1391 3767 dicendi,
1407 3701 1457 3772 qui
1480 3702 1594 3771 eloquia
1622 3701 1762 3756 Creatoris
1786 3718 1848 3756 esse

102 3789 139 3843 rat
168 3794 287 3861 quauta
309 3789 410 3844 forinas
439 3789 571 3845 oriantur
596 3791 724 3862 undique
753 3793 943 3860 illectionum,
1000 3790 1143 3845 eredimus
1166 3791 1265 3855 nostri,
1289 3796 1318 3843 et
1334 3806 1367 3843 ea
1389 3788 1597 3843 rationabiliter
1612 3791 1743 3860 cupimus
1761 3791 1847 3844 truti-

103 3877 160 3948 quis
171 3877 383 3933 dinumerare?
398 3878 463 3949 quis
478 3879 603 3934 elicere?
624 3879 688 3951 quis
708 3885 750 3935 tot
761 3883 945 3954 'tantasquer
1000 3896 1069 3935 nare
1084 3896 1090 3934 ι
1108 3879 1189 3950 quasi
1204 3879 1281 3933 aliud
1296 3878 1333 3933 sit
1355 3878 1384 3932 in
1408 3893 1506 3932 rerum
1531 3880 1633 3931 natura
1660 3877 1744 3945 ratio,
1759 3894 1845 3950 quam

103 3964 193 4020 loreas
217 3966 311 4020 valeat
350 3966 560 4038 promulgare?
589 3983 660 4038 quas
686 3967 754 4038 quia
782 3969 835 4024 tibi
863 3975 944 4026 notas
999 3973 1050 4025 tua
1066 3967 1218 4039 justissimi
1237 3967 1349 4037 jussio;
1368 3971 1417 4021 aut
1439 3966 1534 4037 ipsum
1556 3966 1746 4021 ratiocinandi
1765 3966 1844 4037 vigo-

104 4066 160 4108 ccre
175 4051 185 4088 ¹
199 4068 260 4108 non
287 4051 398 4120 dubito,
411 4053 477 4108 ideo
497 4059 591 4124 cipro
619 4055 758 4110 universis
782 4072 866 4127 parce
885 4061 946 4112 tan·
999 4073 1060 4112 rem
1087 4057 1204 4112 aliunde
1226 4055 1331 4110 babere
1346 4055 1440 4126 potuit
1455 4057 1551 4120 homo,
1576 4055 1631 4109 nisi
1652 4060 1711 4110 ate
1729 4056 1845 4111 daretur

104 4143 159 4196 tum
180 4139 312 4212 piissime
326 4141 429 4197 clamo.
446 4142 517 4196 Nam
539 4143 571 4196 in
592 4143 734 4197 sermonis
748 4145 943 4215 prolapsione,
999 4143 1026 4200 ei
1040 4145 1121 4199 nullo
1140 4145 1319 4213 praecedente
1335 4143 1437 4197 merito
1456 4159 1518 4197 suo.
1543 4143 1662 4209 Quodsi
1677 4144 1845 4198 vereratio-

104 4233 126 4282 et
144 4227 175 4283 in
191 4228 303 4284 ludicra
316 4229 558 4296 confabulatione,
574 4231 698 4301 qualiter
722 4249 797 4304 saepe
813 4239 943 4304 proruat,
999 4247 1066 4286 nem
1077 4237 1105 4287 et
1119 4248 1178 4286 non
1188 4237 1301 4302 partem
1317 4231 1518 4286 rationabilem
1533 4231 1603 4286 vitio
1615 4248 1667 4287 suo
1681 4237 1845 4304 corruptum

105 4321 125 4370 ct
146 4317 399 4373 innumerabiliter
418 4334 464 4373 me
490 4317 586 4390 ipsum
611 4319 748 4387 inficiam,
778 4337 830 4375 nec
858 4338 944 4376 sensu
964 4318 1125 4386 bhaberet,
1142 4336 1291 4391 nunquam
1306 4319 1336 4374 in
1351 4320 1466 4375 rebusa
1488 4337 1540 4375 suo
1566 4322 1697 4376 creatore
1711 4321 1845 4392 expositis

105 4405 213 4473 ιιιιιιιο,
229 4410 337 4478 quanto
353 4407 444 4478 magis
461 4411 493 4461 ut
511 4423 563 4479 per
587 4407 716 4479 linguam
732 4410 841 4465 valeam
858 4427 944 4465 enar·
999 4409 1140 4464 rationem
1156 4409 1329 4480 exquireret,
1341 4425 1358 4463 a
1372 4425 1429 4480 quo
1445 4409 1585 4464 rationem
1610 4409 1705 4480 ipsum
1722 4409 1776 4465 sibi
1792 4412 1845 4466 da·

106 4507 170 4549 rare.
186 4495 220 4550 ln
237 4493 300 4566 ipso
315 4495 394 4550 enim
409 4511 508 4567 gressu
524 4500 553 4550 et
565 4496 733 4551 incessionis
755 4498 854 4553 habitu
868 4515 943 4571 saepe
998 4503 1056 4553 tam
1072 4497 1234 4567 cognoscit:
1251 4513 1317 4551 vere
1340 4497 1417 4552 enim
1441 4496 1542 4570 ingens
1566 4497 1735 4569 desipientia
1749 4503 1846 4554 nostra

106 4582 224 4639 concido.
241 4583 275 4638 Et
288 4583 338 4654 qui
352 4586 464 4638 tantum
492 4583 589 4652 silens,
605 4601 659 4640 nec
680 4586 808 4657 cogitans
826 4593 942 4658 peccat;
998 4601 1085 4641 ausus
1100 4585 1107 4619 ¹
1124 4600 1189 4640 suos
1204 4585 1240 4640 ad
1255 4584 1370 4639 scienda
1389 4585 1484 4640 tendit
1499 4585 1617 4641 illicita:
1632 4592 1661 4641 et
1681 4587 1751 4642 dum
1765 4590 1845 4659 cupit

106 4670 165 4740 quid
186 4671 320 4742 loquens,
337 4671 382 4726 vel
405 4675 540 4737 tractans,
569 4672 626 4727 nisi
654 4674 790 4729 delictum
805 4675 944 4747 centupli·
999 4675 1070 4730 scire
1091 4674 1165 4746 quod
1183 4673 1330 4729 sciendum
1354 4675 1518 4729 nullalenus
1537 4674 1615 4743 licet,
1640 4675 1766 4747 seipsum
1794 4692 1842 4731 co-

107 4759 247 4815 rathum
275 4758 353 4813 enim
378 4759 439 4829 ipsa
461 4760 613 4826 medicina,
643 4777 699 4831 qua
723 4767 822 4818 nostra
847 4765 943 4819 ulcera
999 4763 1127 4818 lundium
1156 4763 1286 4817 hostibus
1301 4763 1421 4834 praebet,
1444 4763 1512 4835 quia
1532 4763 1651 4834 quodei
1671 4764 1844 4818 datumate

107 4859 187 4911 curas,
203 4846 276 4902 mihi
291 4847 419 4916 vulnera,
441 4864 501 4902 non
516 4848 677 4904 fomentum
693 4851 833 4921 parturiat
849 4869 856 4920 ;
873 4854 943 4925 quid
999 4852 1069 4907 scire
1085 4868 1144 4906 non
1157 4851 1266 4918 habuit,
1281 4850 1381 4906 frivole
1408 4851 1581 4923 inquirendo
1603 4852 1753 4924 desquirit,
1767 4852 1844 4923 quod

107 4932 172 4989 aliud
187 4935 328 5007 egritudo
344 4951 408 4990 mea
421 4953 508 5008 quam
528 4938 660 4992 mortalis
683 4939 802 4994 dicenda
824 4930 885 5007 est?
895 4941 943 4996 ubi
997 4939 1206 4996 rationabiliter
1220 4957 1237 4995 a
1249 4944 1277 4995 te
1294 4939 1324 4993 in
1338 4939 1497 5010 primordio
1513 4957 1570 4994 non
1587 4940 1704 5010 accepit.
1718 4940 1747 4995 Si
1766 4939 1844 4996 enim

106 5036 153 5077 nou
167 5039 235 5078 cura
261 5024 382 5079 coelestis
400 5024 525 5096 proficit,
549 5026 597 5081 sed
613 5026 706 5092 magis
726 5027 871 5083 dolentem
898 5046 941 5084 oc·
998 5031 1085 5086 homo
1100 5030 1224 5102 seipsum
1242 5030 1313 5084 bene
1324 5030 1527 5101 perpenderet,
1544 5034 1571 5086 el
1587 5029 1681 5101 seipso
1703 5030 1842 5084 rationem

106 5109 173 5166 cidit.
189 5113 230 5167 Tu
245 5112 336 5178 enim,
356 5113 477 5169 Domine
493 5115 578 5182 Deris,
592 5115 629 5170 ad
643 5115 798 5170 utilitatem
813 5122 941 5173 nostram
998 5134 1084 5189 quam
1101 5117 1221 5190 inquirit
1237 5118 1347 5173 utiliter
1361 5124 1559 5190 compensaret
1570 5135 1578 5186 ;
1591 5117 1726 5188 quoniam
1747 5117 1844 5189 quiea

134 5266 222 5332 ‘tts.,
242 5272 325 5346 seete.
1033 5274 1043 5309 ¹
1058 5275 1119 5342 lle,
1137 5275 1166 5330 F.
1182 5290 1247 5331 esse.

134 5338 146 5379 l
162 5336 220 5402 ils,
236 5341 382 5407 jactantiae
394 5355 479 5394 unua.
1032 5369 1043 5403 ι
1056 5346 1084 5400 F.
1098 5348 1284 5415 compleveram.

133 5414 143 5440 ⁶
160 5407 220 5474 lis,
241 5409 372 5464 caestius.
1032 5418 1118 5484 vlle,
1132 5421 1181 5471 est.

133 5475 146 5512 ‘¹
163 5479 223 5544 lfa,
243 5494 293 5547 per
310 5479 468 5535 dictionum.
1033 5486 1040 5520 ¹
1054 5488 1114 5554 lde,
1131 5502 1219 5544 cusos.

134 5548 222 5617 ·Ιι.,
242 5553 396 5620 tantusque.
