3930 6098
99 248 153 300 759
523 247 634 302 AENEAE
655 247 870 305 easlslartms
890 249 1045 307 uersabat
1067 249 1167 306 lilaea
1187 250 1268 306 hav.
1293 249 1446 335 GHAECOS.
1802 256 1850 309 700

103 383 207 452 angelo
230 381 411 453 aequiparans
432 379 585 433 infeliciter
612 385 802 451 compararet,
827 381 878 453 qui
896 397 949 453 per
967 383 1177 454 Apteromquc
1200 383 1339 437 diaconus
1371 383 1497 454 quodam
1533 384 1606 438 saltu
1635 398 1695 438 non
1720 391 1850 455 percepta

104 470 268 542 superbiam
294 471 381 523 latera
405 467 587 523 distendens:
626 468 666 522 sic
700 468 787 525 fetido
811 470 951 525 eructavit
1006 471 1411 542 presbyteratiheneaicttone
1432 472 1462 526 in
1489 471 1655 543 episcopum
1682 472 1849 528 subitocoo·

105 559 253 614 anhelitu:
282 558 315 610 lo
337 558 430 611 caelum
456 557 651 611 conscendam:
677 573 760 626 super
788 563 865 612 ostro
894 560 951 613 coelt
1006 560 1312 625 secrctu1·,dicendum
1335 560 1527 631 simplicitatis
1542 560 1654 629 aflectu,
1673 560 1745 632 quia
1769 563 1849 632 depe·

104 647 230 703 eaottobo
253 646 352 700 solium
373 660 481 708 mcum;
506 645 601 699 sedebo
637 649 666 699 in
688 650 778 700 socrate
798 650 952 701 testamenti
1006 649 1043 703 rit
1070 649 1220 703 rationalis
1254 649 1618 720 re‹pos-i‹·t1uj11scemooi
1643 649 1850 720 astipulationi-

104 739 133 790 to
154 735 285 788 luteribus
308 735 463 800 draibeis,
498 735 643 788 ascendam
675 749 758 803 saepo·
777 735 951 789 altitudinem
1007 738 1060 792 bus
1073 738 1205 804 subnixa,
1221 755 1285 793 curn
1301 739 1350 792 illa
1364 756 1428 810 quaa
1450 741 1561 810 ignorat
1575 738 1749 810 depromere
1764 755 1849 794 sermo

104 823 228 883 nubium,
259 824 357 877 similis
380 837 424 876 cro
453 823 593 876 ditissimo
623 822 689 891 (leo.
716 837 770 875 arv.
801 825 837 893 a).
865 823 952 893 eujus
1006 827 1148 881 veridicus
1170 827 1272 899 pudice
1300 826 1431 898 refugiat,
1460 827 1581 881 maxime
1605 827 1681 881 siin
1703 828 1849 899 propatulo

104 910 191 966 etiam
218 915 315 964 tumor
342 925 394 980 per
426 925 542 963 omnem
571 910 720 980 epistolam
754 910 953 965 honestissime
1006 915 1678 988 linguadistendaturaloquio,etnequaquam
1702 916 1849 971 sustentari

96 999 951 1070 texitur,etuisiabillieitisresipisceret,eumdemdam·
1007 1004 1096 1076 possit
1119 1011 1281 1059 sanctarum
1312 1005 1524 1076 scripturarum
1550 1005 1666 1059 attritio.
1698 1005 1787 1059 Virltu
1816 1011 1848 1059 ta·

105 1090 216 1145 nationi
241 1088 410 1144 submittere
440 1088 593 1159 promittit.
621 1087 743 1142 Proinde
767 1088 854 1142 etiam
880 1089 953 1142 Con·
1009 1109 1075 1146 men
1098 1109 1251 1164 suppresso
1277 1093 1329 1147 sub
1358 1093 1476 1147 arbitrio
1505 1092 1666 1146 intellectus
1696 1093 1847 1146 verecunde

107 1178 240 1233 stantium
269 1182 405 1248 Augustas
431 1177 581 1248 epistolam
606 1176 715 1244 dirigit,
742 1181 771 1230 ut
794 1176 825 1230 in
848 1177 954 1230 talibus
1009 1181 1250 1253 sedendumque
1267 1181 1395 1236 lortcilli
1412 1181 1462 1252 qui
1485 1181 1599 1235 istiusce
1621 1180 1848 1235 ordinationias·

106 1272 166 1322 tam
181 1266 341 1337 ipsaquam
364 1265 521 1336 imperator
545 1281 694 1336 nunquam
717 1280 863 1319 assensum
884 1281 955 1335 prae·
1009 1269 1147 1334 sentiunt,
1165 1269 1352 1340 bociotelligi
1367 1271 1466 1338 velint,
1491 1269 1559 1341 quia
1582 1268 1632 1340 qui
1656 1255 1847 1323 benedictione

107 1355 256 1419 beantes
277 1354 349 1408 forte
371 1353 475 1424 aliquis
491 1353 646 1408 infidorum
671 1353 746 1408 beati
770 1353 844 1407 Petri
865 1353 953 1424 privi·
1009 1357 1167 1428 pontificati
1199 1358 1389 1428 perfungitur,
1420 1357 1593 1428 reliquarum
1624 1357 1846 1411 benedictionum

108 1444 180 1513 lagia
198 1443 355 1512 intringere
368 1442 571 1512 quoquomodo
587 1446 730 1511 pertentet
743 1441 801 1512 (lib.
819 1458 856 1509 vv,
874 1446 952 1511 epist.
1012 1448 1120 1501 bonore
1136 1446 1296 1512 decoretur,
1314 1446 1372 1499 sive
1386 1446 1451 1516 quie
1462 1446 1491 1498 in
1504 1445 1717 1499 consecratione
1732 1444 1847 1515 corporis

107 1533 153 1595 34,
174 1537 199 1585 et
225 1531 262 1584 od
290 1532 402 1584 llatae-it.
433 1531 553 1598 Augeat.
583 1533 662 1599 epist.
691 1531 726 1584 32
749 1530 840 1597 ibid).
863 1529 891 1585 Si
906 1531 955 1587 ha·
1009 1535 1115 1592 Christi
1132 1535 1325 1607 etsangniuis
1343 1535 1468 1589 cilicium
1486 1535 1616 1605 praesulis
1642 1550 1676 1588 ac
1698 1533 1847 1605 presbytcri

109 1637 173 1675 rum
191 1619 539 1690 plenitudoepistolarum
564 1618 735 1680 revolvatur,
760 1619 955 1673 meliussolli-
1010 1623 1128 1695 mystice
1149 1623 1274 1678 uniatur.
1291 1623 1369 1678 Sicut
1398 1622 1475 1677 enim
1505 1622 1702 1677 interranum
1730 1637 1798 1694 rege
1812 1621 1845 1676 di·

107 1710 161 1763 cite
184 1707 363 1762 addiscentes
386 1709 455 1761 satis
478 1707 651 1778 abundeque
674 1707 829 1778 perdocere
848 1707 952 1779 quibit.
1011 1728 1096 1766 versa
1122 1711 1274 1783 dignitates
1302 1712 1502 1765 ascribuntur:
1527 1727 1593 1765 nam
1618 1711 1806 1781 imperatores
1820 1727 1844 1764 er

110 1797 219 1852 Etenim
242 1797 270 1850 in
286 1796 526 1867 descriptionibus
549 1797 746 1852 Humanarum
769 1795 953 1867 pontificum,
1008 1798 1174 1853 consulibus
1186 1798 1285 1865 creati,
1301 1803 1418 1868 propter
1431 1798 1528 1868 regale
1542 1798 1750 1852 commercium
1764 1813 1842 1868 quoo-

8 1906 11 1911 Δ
107 1885 167 1940 baec
181 1885 281 1940 eadem
295 1885 483 1957 praesumptio
503 1885 629 1940 crebrius
644 1901 675 1939 ac
696 1884 854 1939 districtius
874 1900 953 1939 coer·
1008 1885 1074 1943 dam
1104 1903 1161 1941 uon
1200 1886 1381 1952 omittebant,
1421 1902 1471 1940 nec
1496 1885 1646 1940 mutabant
1675 1885 1799 1940 consulis
1821 1890 1843 1939 ct

40 1980 42 1984 ’
107 1976 162 2029 cita
176 1975 328 2047 reperitur.
825 1968 829 1975 ’
1008 1975 1121 2046 patricii
1148 1988 1273 2031 nomen:
1304 1975 1344 2029 ite
1381 1975 1459 2027 orout
1488 1979 1580 2045 potest
1609 1973 1686 2046 quod
1715 1974 1745 2028 in
1771 1973 1842 2028 subli-

145 2062 356 2132 algitnrquod
379 2061 861 2132 lgnatius,Constantinopolitanae
880 2062 955 2116 sedis
1008 2064 1107 2119 mitate
1135 2064 1252 2135 majoris
1288 2063 1431 2134 pontilicis
1467 2061 1604 2116 consistet
1639 2063 1728 2117 etiam
1763 2061 1841 2116 bonor

108 2151 269 2222 episcopus,
296 2166 389 2221 nuper
421 2151 609 2221 apostolicam
629 2151 725 2204 sedem
746 2151 830 2221 juxta
851 2155 956 2206 statuta
1008 2153 1128 2208 minoris
1162 2152 1326 2208 sacerdotis.
1359 2151 1489 2206 Forsitan
1528 2156 1624 2205 autem
1664 2151 1707 2205 illi
1744 2149 1792 2222 qui
1814 2149 1841 2204 ds

110 2241 227 2294 Petrum
242 2239 379 2293 canonice
395 2240 565 2306 reclamans,
581 2238 700 2310 indigne
717 2238 820 2293 dicitur
835 2239 955 2295 damna·
1008 2242 1129 2296 diacono
1156 2241 1291 2296 ordinant
1317 2240 1492 2311 episcopum,
1517 2239 1710 2311 pretermissa
1739 2238 1840 2293 benedi·

107 2334 155 2382 tus
171 2347 178 2395 ;
192 2334 221 2382 et
235 2328 353 2381 Plautius
377 2327 538 2398 neophytus
562 2326 592 2381 in
606 2328 669 2382 loco
684 2328 746 2399 ejus
758 2333 860 2382 contra
873 2343 957 2398 regu·
1008 2331 1103 2385 ctione
1118 2329 1316 2401 presbyterali,
1334 2329 1485 2383 assertioni
1511 2329 1540 2382 H.
1559 2327 1726 2398 Hieronymi
1749 2328 1776 2380 in
1796 2324 1840 2397 epi·

108 2417 165 2471 lam
188 2416 408 2471 ecclesiasticam
439 2417 620 2482 constitutus,
655 2431 714 2470 non
737 2415 886 2486 episcopus
911 2416 956 2471 di·
1009 2419 1082 2473 stola
1096 2419 1240 2489 loquentis
1255 2418 1288 2473 ad
1303 2418 1397 2472 Titum
1412 2421 1548 2487 exparte
1564 2417 1738 2471 concredere
1758 2416 1839 2470 viden·

109 2505 723 2577 candus,sedpotiusinvasor,aconJ'ngiu
743 2504 821 2559 illico
846 2505 956 2559 solutus
1011 2507 1131 2578 tur,qui
1150 2507 1278 2561 ciliciam
1304 2506 1463 2576 presbyteri
1493 2505 1521 2559 in
1550 2505 1648 2574 aliquo
1676 2500 1840 2574 compartici-

110 2599 139 2647 et
153 2600 327 2661 tonsoratus,
345 2600 485 2665 quantum
499 2610 514 2647 a
529 2592 640 2648 ratione
654 2594 778 2660 aberrat,
796 2597 893 2663 aperte
907 2609 957 2647 co·
1008 2597 1072 2668 pari
1087 2597 1213 2651 affirmat
1228 2594 1388 2649 ministerio
1412 2593 1577 2664 episcopali.
1594 2592 1650 2648 Sed
1671 2609 1708 2647 ne
1723 2592 1792 2647 lorte
1803 2589 1840 2644 ali·

111 2698 248 2752 gnoscere
263 2684 349 2749 valet,
369 2683 420 2754 qui
433 2682 616 2754 synodalium
629 2681 831 2737 detluitionam
845 2681 955 2736 inscitia
1009 2685 1148 2756 quantula
1166 2684 1195 2738 in
1215 2684 1298 2738 uobis
1324 2683 1463 2737 excitetur
1491 2682 1579 2735 motio
1605 2683 1749 2752 majorum
1762 2677 1839 2735 dorni·

109 2776 197 2825 caret.
214 2772 267 2826 Pro
283 2771 369 2826 simili
394 2771 539 2826 invasione
564 2771 635 2825 olim
652 2770 823 2824 miserabilis
844 2771 957 2842 dispen·
1010 2790 1124 2832 norum.
1139 2777 1264 2827 nostram
1289 2771 1456 2825 omittentes
1480 2769 1509 2824 in
1534 2769 1619 2839 hujus
1644 2769 1754 2840 negotii
1769 2781 1839 2839 quaa-

109 2859 151 2915 dii
175 2859 293 2914 exitium
314 2876 396 2932 passa
419 2867 461 2915 est
486 2862 616 2915 Humana
640 2859 772 2927 Ecclesia,
794 2859 881 2913 veluti
903 2858 955 2914 stab
1009 2864 1089 2916 titate
1111 2861 1319 2925 detloitionem,
1348 2859 1437 2929 ipsius
1465 2858 1555 2911 sancti
1581 2857 1749 2927 Hieronymi
1770 2854 1836 2909 veru

110 2948 288 3018 temporibus
301 2949 396 3020 Vigilii
410 2949 553 3019 pontilicis
569 2948 700 3019 contigit,
717 2947 766 3020 qui
781 2947 892 3002 Silverii
906 2963 954 3003 ve·
975 2951 1071 3015 csiao
1088 2954 1252 3004 nostrornm
1266 2947 1477 3001 intermistione
1496 2946 1651 3000 verborum
1665 2944 1836 3015 tideliterpo·

110 3036 247 3091 nerabilis
270 3053 354 3109 papae
368 3039 465 3092 sedem
491 3037 553 3108 ipso
576 3037 669 3092 adhuc
690 3037 800 3092 vivente
815 3042 843 3091 et
858 3037 956 3092 exsilio
1010 3054 1113 3092 namus
1128 3037 1166 3107 (S.
1184 3038 1381 3106 Hieronymus,
1403 3035 1453 3089 lib.
1470 3052 1478 3089 ι
1494 3038 1524 3089 in
1544 3037 1634 3105 Epist.
1657 3035 1696 3089 od
1712 3037 1774 3094 Tit..
1789 3048 1834 3102 cap.

109 3126 261 3196 deportato
274 3126 440 3197 turpissime
454 3125 483 3180 vi
504 3125 645 3198 arripuit3
667 3142 777 3181 necnon
802 3126 888 3181 etiam
904 3126 957 3181 sub
1011 3143 1030 3191 r,
1046 3125 1082 3195 5).
1103 3125 1176 3180 Suut
1202 3125 1279 3178 enim
1308 3124 1376 3177 talia
1398 3124 1429 3177 in
1452 3124 1616 3194 supradicta
1643 3124 1774 3194 epistola,
1801 3117 1835 3174 abi

109 3214 353 3287 beatoStephaoo
377 3232 496 3287 papa,a
529 3220 626 3270 sancto
656 3216 740 3270 Petro
770 3215 956 3287 nonagesimo
1011 3214 1085 3268 hanc
1099 3214 1246 3285 eleganter
1259 3212 1835 3283 exponitsententiam:Etcoustituusptr

110 3310 189 3358 sexto
220 3304 324 3373 evenit,
354 3304 470 3375 quando
498 3303 556 3358 dux
580 3303 697 3375 quidam
722 3304 860 3358 vocaibulo
887 3304 957 3358 Toto
1011 3302 1328 3371 ciuitatespresbyteros,
1349 3304 1419 3355 sicut
1434 3317 1481 3369 eqo
1508 3297 1835 3370 autumaverimus

76 3444 83 3451 .
109 3392 226 3446 fratrem
241 3409 324 3448 suum
354 3392 572 3448 Constantinum
595 3393 688 3447 subito
712 3391 854 3447 tonsorari
877 3391 956 3460 fecit,

110 3487 139 3535 et
153 3482 209 3534 alia
224 3481 270 3536 die
285 3487 384 3535 contra
400 3486 506 3536 statuta
521 3495 662 3535 canonum
674 3480 749 3535 idem
765 3481 795 3535 in
805 3480 956 3535 diacormm

110 3573 301 3633 consecratus,
317 3558 351 3623 et
359 3569 527 3641 proximiori
543 3570 690 3625 [lominica
704 3585 763 3623 non
783 3568 870 3641 digne
884 3584 958 3640 pon·

111 3658 179 3713 tifex
194 3658 375 3725 acclamatus,
396 3659 445 3713 sed
461 3659 557 3730 potius
573 3659 686 3712 invasor
701 3658 865 3730 apostolica
883 3656 958 3711 sedis

107 3746 291 3819 judicandus,
307 3749 463 3803 Humanam
489 3749 642 3803 Ecclesiam
665 3747 815 3802 discordias
830 3746 957 3802 cladibus

111 3841 141 3890 et
152 3838 277 3892 cruentis
290 3838 452 3894 homicidiis
466 3838 596 3893 laudavit:
614 3838 664 3909 qui
679 3837 715 3891 ob
739 3842 827 3891 tantae
846 3834 957 3906 cupidi·

20 3932 25 3943 '
110 3925 176 3978 tatis
192 3925 358 3996 voraginem
380 3926 416 3981 ad
439 3927 492 3981 hoc
514 3942 606 3998 nsque
627 3925 766 3997 pervenit,
788 3931 820 3978 ut
842 3940 877 3977 ex
891 3923 957 3978 sede

111 4019 226 4085 arrepta
242 4015 408 4085 turpissime
428 4015 609 4088 dejiceretur,
630 4021 658 4068 et
680 4030 791 4068 carcere
820 4013 956 4078 reclusus,

112 4102 229 4157 tandem
244 4120 260 4156 a
274 4102 342 4157 filiis
355 4103 492 4174 nequitias
503 4105 651 4158 oculorum
662 4101 769 4156 lumine
784 4100 956 4171 privaretur.

1012 3391 1139 3462 episcopi
1161 3391 1212 3461 qui
1244 3390 1352 3445 habent
1384 3389 1578 3443 constituendi
1601 3388 1782 3459 presbyteros
1798 3396 1834 3456 per

1010 3479 1235 3549 arbessingulas
1251 3483 1434 3549 potestatem,
1458 3477 1510 3532 sub
1528 3476 1607 3549 quali
1634 3477 1697 3548 lege
1725 3473 1832 3531 ecclesia·

1011 3567 1089 3623 stieae
1107 3568 1320 3623 constitutionis
1344 3568 1414 3621 ordo
1435 3571 1576 3633 teneatur,
1600 3581 1653 3619 nec
1668 3570 1767 3637 putent
1779 3567 1833 3631 ipt-

1012 3656 1174 3711 stoliverba
1197 3673 1269 3725 esse,
1294 3656 1341 3710 sed
1364 3655 1466 3711 Christi
1491 3654 1541 3725 qui
1567 3653 1602 3708 ad
1629 3648 1832 3725 discipulosait:

1012 3744 1122 3810 Quiuos
1141 3750 1256 3814 speruit,
1287 3760 1329 3799 me
1353 3748 1468 3814 sperarit.
1494 3743 1547 3809 Qus
1571 3748 1663 3798 autem
1688 3759 1730 3797 me
1753 3737 1833 3812 sperati

1011 3835 1116 3903 spernit
1131 3849 1190 3888 euro
1203 3838 1251 3899 (μα’
1264 3849 1306 3888 me
1318 3834 1401 3887 misit.
1418 3833 1463 3888 Sic
1475 3836 1502 3886 ot
1520 3836 1568 3898 qui
1589 3847 1635 3886 uos
1648 3832 1738 3897 uadit,
1753 3845 1788 3883 me
1798 3839 1832 3879 aa·

1012 3921 1063 3975 dit.
1089 3919 1141 3987 Oui
1159 3925 1251 3975 cautem
1268 3936 1310 3974 me
1333 3920 1423 3985 ondit,
1452 3919 1532 3974 cudit
1563 3934 1623 3973 eum
1644 3922 1694 3984 qui
1718 3932 1757 3971 me
1781 3910 1833 3968 ialal

1013 4010 1089 4081 (Lac.
1116 4009 1154 4081 x).
1180 4010 1218 4063 Far
1243 4025 1301 4081 quo
1323 4008 1507 4063 manifestum
1530 4012 1571 4061 est
1596 4022 1644 4060 eos
1665 4006 1716 4078 qui
1730 3994 1832 4075 Apostoli

1012 4099 1258 4168 legecontempta,
1283 4096 1502 4151 ecclesiasticum
1532 4095 1654 4167 graciam
1677 4111 1732 4150 uon
1754 4087 1831 4146 merila

20 4194 23 4199 '
111 4191 165 4244 ista
181 4190 353 4260 itaquecum
366 4191 445 4245 natio
455 4190 619 4244 Graecorum
632 4189 809 4261 cognoverit,
826 4193 875 4242 aut
887 4189 958 4242 forte
1012 4185 1154 4239 volarerint
1168 4185 1253 4238 alicui
1268 4185 1389 4253 deferre,
1413 4184 1461 4238 sed
1485 4183 1577 4255 gratia
1601 4189 1703 4237 contra
1716 4180 1831 4237 Christum

112 4279 136 4331 si
150 4294 209 4332 uon
225 4284 300 4345 ante,
317 4279 361 4333 vel
375 4294 453 4334 nunc
467 4279 574 4334 discere
587 4279 704 4350 poterit,
721 4277 874 4333 instantius
897 4284 957 4332 stu·
978 4261 1116 4341 Discere,
1132 4274 1182 4345 qui
1198 4273 1291 4344 qualis
1315 4273 1344 4327 in
1368 4272 1490 4327 Ecclesia
1513 4274 1663 4344 presbyter
1684 4269 1830 4325 constituen-

111 4365 252 4436 pendum,
269 4382 320 4421 cur
334 4369 511 4439 neophytum
525 4368 669 4439 extemplo
684 4366 785 4421 uxoria
797 4366 900 4436 copula
915 4382 960 4422 so·

111 4453 205 4508 lutum
220 4454 281 4508 sine
297 4455 393 4527 aliquo
408 4456 557 4510 intervallo
570 4462 597 4510 et
607 4456 776 4527 probatione
796 4458 958 4526 temporum

112 4541 143 4595 in
168 4542 265 4598 sedem
284 4544 356 4598 falso
379 4544 507 4600 damnati
530 4544 634 4616 ignatii
656 4543 863 4615 subrogaverit.
879 4543 959 4603 Vixa

1014 4363 1067 4416 dus
1082 4363 1118 4416 sit
1131 4378 1183 4433 per
1193 4362 1355 4433 apostolum
1370 4377 1455 4415 suram
1469 4361 1498 4415 in
1512 4360 1699 4432 sequentibus
1709 4358 1831 4414 exsecuta

1014 4457 1063 4505 est.
1081 4451 1188 4521 Moyses
1214 4450 1323 4504 amicus
1340 4449 1399 4515 Dei,
1426 4449 1472 4504 eui
1501 4449 1571 4504 facie
1597 4449 1631 4503 ed
1661 4449 1760 4503 taciem
1782 4445 1831 4499 hell

1014 4541 1125 4595 laetatus
1153 4543 1206 4607 est,
1235 4539 1330 4609 potuit
1356 4538 1456 4610 utique
1485 4552 1660 4593 successores
1683 4533 1831 4608 principatu

113 4628 248 4685 muliebri
263 4633 535 4702 ampleruavulsus,
551 4638 580 4687 et
604 4633 796 4704 apellatione
821 4648 961 4702 corporea
1013 4630 1087 4684 lilios
1102 4646 1168 4684 siros
1193 4629 1295 4697 iacere,
1321 4634 1350 4683 et
1375 4629 1497 4701 posteris
1525 4629 1672 4699 propriam
1698 4627 1830 4696 relinque

112 4718 236 4773 necdum
249 4721 374 4790 perlecta
398 4722 561 4790 claudetne,
585 4722 673 4777 etiam
688 4722 718 4776 in
734 4721 899 4792 pontificem
920 4725 960 4775 to

112 4805 169 4860 tius
187 4807 337 4864 munditias
352 4810 475 4882 erigitur
497 4815 525 4865 et
544 4816 697 4867 veneratur
710 4809 890 4864 sublimatus.
912 4808 960 4863 His

1013 4717 1202 4787 dignitatem
1217 4719 1265 4773 sed
1285 4723 1437 4772 extranens
1460 4718 1495 4773 de
1519 4717 1575 4771 alia
1595 4708 1830 4786 tribueligitnrlt·

1014 4823 1071 4871 sus,
1089 4811 1120 4861 ut
1144 4806 1281 4861 sciremus
1305 4807 1500 4877 principatum
1525 4806 1554 4860 in
1577 4807 1701 4879 populos
1716 4818 1768 4859 non
1785 4807 1830 4852 stt·

113 4895 220 4950 etaliis
247 4901 451 4969 tempestatum
485 4899 616 4970 procellis
635 4904 733 4953 sancta
763 4897 961 4969 centupliciter
1014 4894 1295 4966 guinideterendum
1321 4911 1392 4963 esse,
1419 4895 1466 4950 sed
1482 4889 1831 4949 viiae.tttnuncceraina⁵

113 4999 249 5039 concrisse
265 4987 386 5041 Ecclesia
399 4987 497 5042 horret
520 4992 578 5041 tam
601 4987 816 5054 nefandissima,
840 5002 899 5041 non
914 5003 959 5041 so-

111 5071 172 5128 lum
188 5090 275 5145 opere
291 5075 424 5147 perlecta,
442 5092 539 5131 verum
553 5076 639 5131 etiam
660 5080 724 5131 voto
739 5075 895 5147 peragendi
910 5091 959 5128 eo·

10 5170 14 5175 '
112 5161 205 5232 gitatu
229 5169 376 5236 concepta.
402 5166 466 5220 Hoec
491 5165 526 5219 de
553 5164 702 5236 privilegio
730 5163 879 5236 apostolici
901 5163 959 5235 pri-

114 5256 207 5306 matus
221 5253 347 5308 breviter
360 5253 510 5325 perstricta
523 5253 675 5309 sufficiant.
692 5274 706 5302 s

458 5397 523 5454 Car.
544 5395 625 5456 ccx:

94 5484 98 5489 Ι
149 5515 187 5570 De
201 5514 256 5570 hcc
267 5521 365 5574 autem
387 5517 464 5590 quod
488 5516 628 5589 queritur
642 5531 732 5587 quare
748 5515 825 5587 apud
841 5515 959 5571 Homam

1013 4982 1154 5054 plurimos
1176 4983 1315 5037 honorem
1347 4983 1518 5038 benctlcium
1545 4982 1648 5051 fecere,
1670 4987 1702 5037 ut
1716 4982 1832 5045 norell*

1013 5076 1079 5126 rant
1093 5088 1142 5125 eos
1157 5072 1205 5142 qui
1219 5076 1339 5142 possunt
1355 5072 1484 5126 Eccledae
1495 5074 1560 5143 plus
1574 5072 1710 5143 prodesse
1724 5075 1751 5125 et
1763 5060 1832 5122 Eetlt·

1014 5160 1064 5214 siae
1080 5159 1192 5231 erigere
1217 5161 1385 5228 columnas;
1407 5161 1455 5216 sed
1477 5177 1550 5232 quos
1566 5161 1609 5214 rel
1626 5159 1681 5232 ipsi
1696 5161 1794 5222 amant,
1804 5143 1832 5199 '²¹

1015 5264 1137 5321 quorum
1155 5253 1222 5303 sum
1238 5249 1385 5321 obsequiis
1400 5249 1522 5316 deliniti,
1538 5251 1581 5304 val
1594 5264 1645 5320 pro
1659 5238 1835 5320 quibusmaje

1014 5353 1079 5392 ram
1095 5337 1241 5408 quispiam
1255 5340 1411 5409 rogaverit,
1431 5343 1460 5394 et
1474 5343 1505 5393 ut
1519 5339 1659 5394 deteriora
1674 5343 1791 5402 taceam,
1802 5321 1838 5402 qul

1014 5430 1046 5480 ut
1060 5426 1154 5481 clerici
1171 5425 1280 5492 tierent,
1297 5427 1464 5481 muneribus
1481 5428 1683 5499 impetrarunt.
1706 5424 1840 5494 Diligenter

1015 5515 1140 5587 Apostoli
1161 5515 1343 5570 attendamus
1375 5515 1461 5570 verba
1484 5515 1624 5571 dicentis:
1651 5517 1687 5572 tlt
1711 5517 1844 5569 comatam
