3930 6098
144 249 213 312 raar
729 232 912 304 atratum
936 229 1169 304 conhatstsrs
1188 232 1346 304 honlcat
1864 231 1917 300 asi

162 384 297 458 consequi
308 383 491 455 praevaleant.
507 379 644 436 Similiter
656 385 782 434 ementes
798 396 854 432 non
881 378 926 433 hic
941 396 1005 451 pos·
1026 380 1049 435 A
1065 377 1228 433 siduitatem
1251 377 1435 444 colraereado,
1453 375 1572 431 Domino
1590 376 1735 431 coherere
1754 383 1915 448 nequeunt.

163 476 255 531 sidere
269 472 481 542 concupiscant,
498 469 547 525 sed
564 469 771 541 passessionem
793 485 872 522 suam
902 469 930 523 in
950 485 1009 524 eoe-
1065 469 1142 523 ideas
1172 483 1297 538 namque
1329 464 1552 537 cogitationibus
1591 465 1649 519 suis
1680 466 1820 521 mundum
1850 482 1917 519 arn-

163 565 281 619 lestibus
305 578 366 615 esse
389 559 561 625 desiderent,
583 574 647 612 cum
678 558 824 612 Psalnrista
841 558 1008 629 loquentes:
1064 554 1530 625 plexans,ctmundoinhaerens,
1557 554 1915 625 Dominumcompleaari,

164 652 234 719 Quid
258 652 327 704 enim
352 649 422 703 milti
440 653 479 702 est
504 650 532 701 in
545 649 618 713 cate,
634 652 658 700 et
681 664 697 700 α
720 652 744 716 te
759 648 826 716 quid
840 649 913 701 uolui
929 662 1010 716 super

163 748 263 797 teram
278 740 369 807 (Psoi.
384 756 432 799 an,
449 737 516 792 ibt?
533 737 579 791 Sic
595 738 643 807 qni
670 741 790 790 utuntur
812 737 864 789 boc
888 736 1008 802 mundo,

154 827 301 901 'tanquam
317 844 374 882 non
392 832 518 889 utantur,
546 833 576 880 nt
592 826 620 879 ia
638 827 758 879 transitu
775 825 811 878 sit
833 825 884 894 eis,
902 842 958 879 uon
982 831 1008 877 in

161 916 405 983 desideri0;etiu
431 916 484 977 via,
512 914 614 968 aronin
631 915 742 984 patria;
770 920 797 967 et
824 919 1008 984 tanquamex

162 1008 250 1061 latere
267 1004 444 1074 respiciatur,
461 1019 516 1056 aron
532 1008 564 1055 ut
578 1018 675 1056 amore
691 1002 818 1068 tenendi,
839 1002 897 1055 sive
911 1002 1007 1056 lruen·

162 1096 201 1160 di,
217 1093 406 1164 possideatur.
434 1093 466 1146 Et
482 1098 636 1162 propterea
657 1096 866 1162 cousequenter
886 1092 942 1144 ait:
960 1093 1008 1146 Vo-

162 1183 187 1237 lo
202 1186 290 1236 antem
307 1197 352 1235 vos
378 1183 435 1234 sinc
462 1179 645 1233 sollicitudine
670 1194 742 1233 esse:
773 1180 821 1248 qai
845 1180 902 1232 sinc
926 1194 1010 1233 neore

161 1275 210 1336 est,
231 1271 413 1324 sollicitasset
440 1284 499 1338 qnae
514 1269 621 1322 Domini
650 1273 722 1334 sunt,
750 1266 880 1335 quamodo
900 1267 1009 1336 ,placeat

164 1359 229 1412 lieo.
259 1357 311 1423 Oai
336 1360 424 1409 autem
451 1371 510 1408 crem
539 1370 624 1409 creare
647 1363 696 1420 est,
724 1356 855 1409 sollicitas
890 1359 929 1408 est
950 1369 1010 1423 qaae

161 1452 224 1501 surii
240 1447 321 1513 trojus
335 1444 440 1510 rantuli,
467 1443 596 1512 quartando
616 1443 723 1512 placeat
748 1445 838 1506 amori,
855 1448 880 1497 et
904 1442 1009 1496 divisus

161 1540 216 1587 est:
241 1539 265 1586 ct
288 1535 384 1585 muller
405 1533 529 1600 inempta,
554 1538 579 1583 rt
604 1534 691 1596 rii-90,
712 1534 887 1599 capiturque
905 1532 1010 1585 Domini

161 1628 234 1688 sunt,
256 1627 285 1674 et
311 1622 348 1674 sit
366 1625 460 1674 sarreia
477 1626 501 1673 et
521 1635 630 1688 corpore
650 1625 675 1673 et
696 1621 808 1688 spiritu.
832 1621 898 1684 Qua
920 1624 1010 1672 cutem

160 1714 246 1776 napta
262 1712 311 1772 est,
328 1709 428 1776 sopitat
443 1722 503 1776 qna
530 1712 593 1760 sarit
616 1707 719 1773 creandi,
745 1708 875 1776 quomodo
904 1708 1012 1775 placeat

159 1799 218 1850 viro
228 1797 255 1864 (1
270 1797 330 1855 Cor,
347 1811 394 1861 vn,
412 1795 519 1865 :ra-an.

1064 651 1092 699 et
1106 645 1147 698 illi
1162 644 1304 699 inhaerere
1320 644 1400 699 nullo
1417 643 1503 698 modo
1518 644 1664 713 praevalet.

1101 735 1220 804 Propter
1236 733 1312 805 qnod
1338 732 1462 787 mirandi
1489 733 1651 788 Graecorum
1667 731 1822 803 principes,
1838 732 1914 803 quod

1064 821 1276 892 reprehendere
1302 820 1434 874 studeant
1464 819 1577 873 Domini
1608 820 1768 872 sacerdotes
1796 834 1812 872 a
1840 835 1916 872 cum·

1064 912 1148 980 plexu
1165 909 1317 965 mulierum
1336 910 1421 980 longe
1449 924 1479 962 se
1494 907 1640 974 facientes,
1667 913 1697 962 ut
1720 908 1800 961 nulla
1814 924 1915 962 ueces-

1064 1001 1146 1055 sitate
1165 1000 1348 1055 detineantur
1362 1016 1377 1052 a
1393 998 1512 1064 mitade,
1539 997 1586 1050 sed
1612 997 1750 1051 mnndum
1773 1013 1914 1066 respuen-

1064 1089 1213 1157 tes,liberi
1242 1088 1352 1158 possint
1373 1087 1482 1158 jugiter
1511 1086 1653 1140 inhaerere
1683 1086 1805 1139 Christo.
1822 1086 1916 1150 Quari-

1063 1180 1125 1231 tum
1139 1193 1206 1230 vero
1228 1175 1378 1247 coujugale
1404 1176 1550 1231 viaculum
1573 1174 1700 1228 coulerat
1715 1173 1914 1244 impedimenti

1065 1268 1219 1322 Dominum
1232 1266 1340 1337 jugiter
1354 1264 1532 1330 obsecrandi,
1546 1265 1647 1318 heatus
1659 1263 1764 1317 Paulus
1775 1263 1913 1328 insinuat,

1063 1371 1128 1410 erim
1144 1359 1354 1423 consequenter
1366 1353 1449 1407 dicit:
1466 1354 1549 1407 Porro
1573 1351 1773 1420 ndssatilitatem
1795 1357 1914 1405 ecetram

1063 1445 1132 1513 dice,
1148 1460 1200 1498 rien
1222 1448 1252 1497 ut
1267 1444 1391 1512 traaucem
1413 1441 1488 1496 cobis
1505 1441 1639 1510 injiciam,
1657 1440 1705 1494 sed
1730 1439 1768 1493 ari
1796 1439 1828 1494 id
1842 1441 1914 1508 quod

1064 1535 1201 1588 terrestrem
1216 1538 1264 1587 est.
1287 1531 1396 1600 ctqaod
1421 1531 1579 1596 fucultatem
1604 1530 1722 1598 prebeat
1742 1531 1801 1583 sine
1829 1531 1914 1597 impe-

1066 1621 1184 1675 dimento
1204 1623 1345 1674 Derrainam
1360 1618 1519 1673 obsecrandi
1533 1620 1552 1688 {l
1567 1621 1626 1673 Cor.
1656 1634 1701 1682 vn,
1719 1618 1773 1686 35).
1792 1616 1913 1687 Liquido

1065 1723 1190 1779 namque
1216 1708 1312 1762 diceus
1327 1708 1389 1773 ista,
1415 1707 1590 1760 demonstrat
1605 1705 1687 1760 rasori
1702 1705 1857 1759 servientes
1873 1705 1912 1759 la·

1065 1797 1200 1849 cultatem
1215 1811 1397 1867 nequaquam
1418 1793 1523 1848 habere
1532 1794 1643 1865 jugiter
1659 1793 1812 1850 Dominum
1833 1794 1913 1848 obse·

97 1920 103 1931 ,
196 1883 316 1936 Videant
331 1883 427 1954 itaque
451 1883 612 1937 Graecorum
638 1883 791 1954 principes,
807 1884 949 1938 Romanos
966 1898 1009 1936 re·
1065 1884 1173 1944 crandi,
1198 1900 1297 1939 verram
1326 1885 1360 1939 ad
1394 1887 1508 1954 tempas
1542 1882 1752 1938 tantammodo.
1794 1882 1915 1936 Videant

159 1971 300 2043 darguere
316 1972 438 2026 nitentes
460 1988 547 2042 super
562 1973 737 2026 continentia
751 1973 942 2039 sacerdotum,
959 1973 1010 2026 mi·
1065 1972 1153 2042 igitar
1171 1972 1217 2027 isti
1240 1973 1407 2043 nuptiarum
1430 1987 1571 2037 censores,
1588 1972 1685 2042 quales
1707 1970 1812 2024 habere
1826 1972 1914 2025 velint

159 2062 265 2115 nistros
280 2061 378 2115 altaris
398 2061 428 2114 iu
455 2077 510 2132 qua
537 2068 613 2115 sorte
643 2061 814 2114 constituere
835 2061 1008 2132 disponant;
1064 2064 1354 2129 sacerdotes3ntrum
1382 2078 1431 2115 eas
1459 2061 1510 2132 qui
1539 2061 1736 2115 sanctimoniae
1765 2067 1911 2114 servantes

160 2166 197 2203 an
217 2166 264 2204 cos
280 2149 368 2203 velint
393 2165 454 2204 osso
471 2149 532 2202 sine
548 2149 750 2218 sollicitudine,
768 2151 846 2220 quod
863 2151 922 2203 vult
934 2155 1008 2220 Apo·
1064 2151 1230 2222 puritatem,
1246 2150 1411 2205 lacnltateur
1431 2150 1538 2204 hahent
1552 2150 1612 2203 sine
1626 2149 1833 2219 impedimento
1857 2150 1912 2202 De·

161 2238 260 2304 stolus,
289 2254 326 2291 an
347 2245 421 2292 certe
454 2238 695 2293 sollicitudinibus
725 2238 867 2309 implicari
896 2238 1009 2308 usundi,
1065 2239 1175 2294 urinum
1199 2239 1375 2306 obsecrandi,
1392 2238 1483 2292 sancti
1497 2243 1658 2306 manentes,
1682 2238 1712 2291 in
1732 2237 1837 2291 sanctis
1863 2238 1913 2308 ju-

160 2327 236 2398 quod
252 2343 310 2381 nou
331 2331 409 2397 optat
424 2327 585 2397 Apostolus.
603 2327 631 2381 Si
651 2326 729 2381 euim
750 2327 811 2381 sine
827 2343 915 2381 uxore
931 2334 1007 2394 snut,
1063 2329 1138 2400 giler
1152 2328 1324 2397 habitantes,
1340 2327 1481 2381 mundum
1497 2332 1675 2396 spernentes,
1699 2325 1826 2381 coelestia
1846 2342 1911 2380 con·

160 2415 390 2469 asollicitudine
415 2415 515 2469 mnndi
546 2416 638 2481 liberi,
664 2432 763 2469 eorum
787 2415 1007 2471 sollicitudinem
1064 2417 1255 2488 implentes,
1272 2418 1379 2471 teleos
1407 2420 1482 2470 certa
1510 2413 1561 2486 qni
1584 2413 1785 2485 conjugalibus
1807 2413 1913 2468 addicti

151 2509 344 2574 gerantque.
361 2509 428 2557 sunt
449 2504 574 2571 Domini,
597 2510 759 2574 quaerentes
779 2504 858 2558 omni
878 2510 1008 2575 tempore
1062 2506 1305 2573 vinculis,necin
1334 2504 1438 2559 sanctis
1462 2504 1598 2558 contiuuo
1619 2504 1741 2557 valentes
1771 2502 1911 2567 habitare,

160 2594 219 2647 Deo
235 2593 432 2663 complacere3
448 2593 636 2662 apostolicam
655 2593 724 2647 illud
742 2593 931 2648 meditantes:
948 2594 1008 2649 Om-
1062 2611 1115 2650 nec
1127 2595 1266 2650 mundum
1281 2610 1424 2665 spernere,
1443 2592 1589 2647 ueremni
1610 2597 1740 2662 tempore
1757 2589 1912 2645 Dominum

159 2684 206 2735 nin
228 2695 401 2751 quaecamque
427 2682 532 2748 fucitis,
557 2683 586 2734 in
600 2683 706 2735 tremine
719 2683 827 2735 Domini
841 2697 944 2751 semper
958 2684 1008 2748 {n—
1063 2700 1115 2755 pro
1131 2683 1184 2737 sibi
1201 2683 1330 2753 subjecta
1344 2682 1427 2752 plebe
1448 2680 1607 2753 deprecari,
1632 2696 1778 2752 quamque
1792 2681 1831 2734 sit
1844 2680 1912 2734 isto-

158 2771 210 2823 cite
241 2769 407 2835 (Colossrn,
439 2769 490 2836 li).
518 2768 632 2823 Slvere
659 2784 724 2822 cum
749 2785 836 2823 tumre
860 2769 1007 2840 degerent,
1062 2772 1302 2826 ruminteltectus
1330 2771 1365 2825 ab
1386 2770 1543 2841 apostolico
1573 2785 1657 2824 sensu
1681 2769 1849 2840 longissime
1875 2785 1914 2823 re

160 2872 276 2911 necesse
300 2862 342 2910 est
359 2856 457 2910 mundi
472 2855 713 2911 sollicitudinibus
739 2873 786 2911 eos
812 2858 963 2928 implicari,
980 2862 1009 2912 et
1064 2867 1168 2915 motus.
1197 2860 1246 2915 llle
1260 2859 1467 2914 continentiam
1482 2858 1644 2929 persuadet,
1663 2858 1710 2912 isti
1731 2858 1912 2912 sacerdotum

156 2961 288 3017 quaerere
300 2945 361 3014 jam
385 2945 531 3016 quomodo
556 2947 687 3017 placeant
703 2946 795 3013 uxori,
811 2963 870 3001 riou
885 2947 960 3002 Deo:
980 2952 1008 3002 et
1027 2978 1048 3032 C
1064 2949 1282 3004 sanctimoniam
1298 2948 1438 3020 (sineque
1450 2963 1535 3002 nemo
1552 2947 1659 3002 videbit
1680 2948 1783 3016 Deum)
1799 2947 1912 3017 nuptia·

128 3104 130 3108 Δ
158 3028 325 3105 hujusmodi
341 3033 504 3105 quicunqne
520 3048 598 3103 sunt,
616 3034 698 3090 divisi
715 3039 797 3107 sunt,
808 3036 945 3106 quoniam
960 3036 1008 3090 in·
1063 3055 1128 3093 rum
1151 3037 1420 3092 condemnationem
1452 3036 1696 3107 interpretantur,
1726 3034 1807 3089 obliti
1835 3036 1912 3105 qnod

158 3127 201 3176 ter
229 3139 355 3177 arnorem
385 3122 490 3188 uxoris,
513 3139 698 3195 amoremque
723 3123 773 3179 Dei
800 3124 885 3178 medii
915 3125 1008 3179 consi·
1063 3129 1103 3181 ait
1116 3127 1286 3199 Apostolus:
1309 3127 1366 3180 lloc
1389 3125 1427 3179 nd
1442 3127 1599 3191 utilitatem,
1625 3124 1759 3194 inquiens
1782 3129 1912 3191 vestrum,

158 3216 246 3278 stunt,
273 3226 331 3264 non
358 3209 485 3263 valentes
513 3211 606 3265 dicere
636 3227 700 3264 cnm
729 3213 887 3284 Propheta:
918 3216 1008 3268 Portio
1062 3215 1133 3284 dico,
1156 3215 1364 3269 continentiam
1391 3213 1576 3285 persuadens.
1596 3213 1657 3267 Mox
1674 3217 1768 3265 autern
1790 3212 1913 3265 intirmi·

156 3314 226 3363 men,
265 3301 384 3366 Domine,
418 3299 490 3366 diei,
528 3299 662 3353 custodire
690 3302 772 3367 lenem
808 3307 882 3356 taam
923 3305 1006 3370 (Psoi.
1062 3305 1112 3358 tati
1129 3304 1289 3367 consulens,
1313 3302 1429 3373 inquit:
1455 3303 1513 3357 Non
1536 3307 1565 3355 ut
1590 3303 1715 3368 laqueam
1740 3300 1819 3354 uobis
1845 3301 1911 3368 inji-

158 3403 251 3453 cxvrn,
280 3391 333 3456 57).
362 3388 461 3458 Neque
490 3403 556 3442 cum
580 3388 664 3442 beato
697 3390 830 3458 Jeremia,
862 3390 911 3462 qui
945 3393 1006 3447 ait:
1062 3396 1142 3447 ciam.
1159 3392 1289 3447 Ostendit
1304 3391 1380 3446 euim
1403 3391 1471 3463 quid
1497 3389 1726 3444 desiderettsed
1751 3390 1913 3443 considerat

156 3477 225 3530 Pars
241 3492 299 3529 mco
325 3474 463 3543 Dominai,
477 3475 552 3530 diarii
573 3479 667 3530 anime
688 3494 756 3545 meo,
779 3485 923 3548 propterca
935 3496 1008 3550 pra·
1062 3482 1138 3552 qnod
1155 3481 1353 3551 uuusquisque
1375 3479 1524 3550 proprium
1549 3478 1652 3532 habeat
1680 3478 1788 3533 douram
1805 3494 1823 3532 a
1840 3479 1909 3546 Deo,

157 3564 276 3617 statutor
291 3579 351 3617 enm
375 3562 484 3632 (Thren.
512 3580 551 3630 tn,
574 3563 628 3633 tl).
658 3564 732 3619 Dicit
753 3567 923 3636 Apostolus:
948 3570 1008 3622 ltln·
1062 3569 1254 3638 nliusqniclem
1282 3571 1329 3632 sic,
1345 3569 1416 3622 alins
1439 3583 1501 3621 sero
1527 3569 1574 3621 sic.
1598 3567 1705 3620 ltursns
1727 3565 1761 3619 ad
1790 3565 1820 3619 id
1836 3565 1913 3636 qaod

157 3650 208 3702 tier
222 3651 350 3718 innupta,
366 3653 391 3702 et
404 3651 483 3716 oirpo
502 3652 602 3718 cogitet
628 3667 687 3719 qna
701 3659 764 3706 sarit
783 3654 903 3720 Domini,
928 3661 957 3709 at
971 3658 1009 3710 sit
1063 3657 1157 3729 potius
1172 3661 1213 3711 est
1230 3657 1393 3722 exhortans,
1409 3655 1557 3726 subjungit
1570 3670 1576 3712 :
1590 3655 1646 3711 Sed
1661 3654 1699 3708 ad
1722 3655 1753 3708 id
1767 3655 1841 3724 quod
1864 3655 1913 3708 lto·

156 3741 251 3791 sancte
275 3743 419 3806 etcorpore
433 3742 459 3790 et
484 3740 588 3806 spiritu
603 3737 624 3807 (l
640 3740 699 3794 Cor.
716 3754 763 3808 vn,
782 3741 835 3811 34).
859 3744 902 3795 An
919 3742 1009 3812 igitur
1062 3751 1166 3800 aestum
1189 3751 1249 3812 est;
1276 3744 1456 3808 subanditur,
1483 3760 1529 3798 vos
1555 3744 1689 3798 invitans.
1715 3744 1911 3808 lionestatem,

157 3823 237 3878 decet
263 3823 378 3878 Domini
402 3824 571 3885 sacerdotes,
596 3831 624 3880 et
641 3826 738 3880 altaris
759 3828 916 3896 ministros,
942 3846 1006 3884 mu·
1061 3835 1128 3888 talia
1142 3834 1249 3896 diceus,
1266 3833 1450 3887 continentiae
1471 3832 1613 3903 praeponit
1631 3831 1756 3901 nuptiis:
1775 3847 1835 3885 aon
1850 3831 1913 3901 qui-

156 3911 275 3967 lieribus
291 3911 421 3983 innuptis
437 3916 464 3966 et
479 3912 638 3984 virginibus
650 3930 710 3968 esse
725 3914 885 3982 inferiores,
908 3922 938 3971 ut
950 3918 1007 3973 illis
1062 3925 1127 3978 dem
1142 3924 1219 3996 quod
1229 3923 1344 3995 nuptias
1352 3924 1536 3989 condemnet,
1554 3922 1602 3977 sed
1617 3922 1763 3977 evidenter
1776 3922 1915 3992 praedicet

156 4000 349 4072 cogitantibus
364 4017 428 4071 quaa
444 4008 510 4056 sunt
538 4002 663 4069 Domini,
695 4004 914 4059 sanctimoniam
948 4012 1006 4061 taur
1061 4012 1138 4082 quod
1167 4013 1276 4084 nuptiae
1306 4012 1423 4082 quidem
1450 4013 1532 4067 boum
1558 4017 1634 4078 snut,
1667 4010 1716 4065 sed
1736 4011 1839 4064 melior
1871 4015 1913 4064 est

155 4104 277 4159 corpore
289 4104 374 4159 qnam
391 4089 491 4159 spiritu
508 4089 714 4157 conservando,
737 4090 784 4144 isti
800 4091 926 4162 cogitent
940 4110 1005 4165 qnoe
1060 4101 1237 4156 continentia
1260 4099 1383 4154 vidualis
1396 4120 1403 4167 ;
1417 4099 1613 4171 supereminet
1638 4104 1735 4153 autem
1760 4098 1911 4169 integritas

156 4183 223 4231 sant
238 4175 350 4243 mundi,
365 4176 544 4231 sanctitatem
558 4177 685 4248 corporis
698 4183 725 4231 ct
735 4179 852 4248 spiritus
866 4197 1004 4252 respuen-
1060 4189 1218 4261 virginatis.

156 4265 214 4319 do?
239 4263 392 4334 Utriusque
417 4279 542 4335 namque
568 4265 757 4320 sanctimonia
783 4271 1049 4342 privantur,quiD
1099 4279 1161 4331 Non
1191 4281 1257 4330 suut
1280 4276 1369 4348 igitur
1397 4277 1628 4348 reprehendendi
1654 4275 1696 4330 vel
1728 4274 1911 4331 Romauival

157 4351 361 4422 cogitationem
376 4351 481 4407 habent
492 4370 592 4408 eoram
608 4370 672 4426 quae
686 4363 753 4411 suut
768 4358 878 4425 mundi,
895 4360 1007 4430 placere
1064 4365 1167 4430 Latini,
1196 4365 1220 4419 si
1245 4367 1290 4420 vel
1316 4365 1474 4436 episcopos,
1499 4366 1541 4419 vel
1571 4364 1732 4419 sacerdotes
1750 4380 1767 4418 a
1786 4363 1912 4419 maritali

156 4440 239 4494 ¹¹¹01'l
263 4439 437 4510 gesllsssslffli
465 4444 614 4513 quoniam,
643 4444 716 4498 sicut
742 4445 810 4500 dicit
835 4449 1005 4517 Apostolus:
1062 4460 1125 4509 toro
1150 4454 1347 4523 suspendunt:
1379 4454 1515 4525 qnoniam
1538 4470 1591 4508 nec
1617 4453 1771 4524 Apostolus
1789 4453 1913 4508 habetur

158 4533 222 4596 (rae
236 4532 324 4597 acepta
338 4535 388 4595 est,
404 4533 506 4598 cogitat
520 4548 580 4602 qnae
596 4538 659 4587 sunt
674 4534 782 4602 mandi,
800 4537 931 4603 quomodo
945 4539 1008 4607 plu·
1062 4541 1166 4611 dignus
1181 4542 1415 4613 reprehensione,
1433 4542 1482 4613 qui
1507 4540 1704 4597 castimoniam
1720 4542 1911 4612 persuadens,

157 4620 216 4670 reat
230 4620 289 4670 uiro
303 4615 407 4687 (thid).
422 4619 470 4675 Ait
493 4620 621 4674 Salvator
636 4621 748 4676 duobus
763 4623 888 4678 dominis
910 4626 1005 4679 nemi·
1062 4631 1189 4702 conjugii
1201 4630 1293 4686 scedras
1303 4631 1435 4686 hortatur
1449 4647 1507 4685 nou
1521 4646 1618 4699 agere,
1635 4635 1776 4700 quatenus
1791 4629 1913 4684 [acuitas

157 4721 223 4760 uem
239 4721 323 4774 posse
348 4706 454 4762 servire
468 4709 576 4776 (narra.
594 4726 630 4777 vt,
648 4711 702 4781 nl).
720 4711 795 4782 Erga
808 4713 851 4766 vel
867 4714 1005 4785 episcopi,
1058 4719 1137 4789 jugis
1158 4724 1271 4774 maneat
1285 4719 1417 4773 lldelibns
1430 4719 1586 4773 Dominum
1598 4717 1782 4789 deprecandi.
1798 4717 1911 4773 Etenim

157 4794 202 4847 vel
231 4795 410 4866 praesbyteri,
437 4797 593 4866 cogitantes
621 4800 751 4855 debitum
777 4802 885 4856 solvere
915 4802 1005 4870 uxori,
1062 4806 1112 4877 qui
1137 4806 1276 4861 Dominici
1300 4807 1427 4880 eorporis
1455 4812 1483 4862 et
1511 4806 1660 4877 sanguinis
1677 4807 1755 4860 omni
1780 4810 1913 4876 tempore

157 4883 282 4954 cogitare
300 4891 447 4954 nequeunt
472 4886 618 4941 servitutis
643 4888 772 4944 debitum
802 4892 923 4945 Domino
953 4894 1007 4948 sol·
1061 4894 1167 4949 debent
1179 4896 1541 4966 sacramentacontingere,
1558 4894 1803 4966 quemadmodum
1819 4895 1915 4949 valent

155 4971 394 5026 vendentem
424 4973 519 5029 clerici
545 4975 681 5032 dicuntur
711 4979 780 5050 quia
808 4980 865 5033 sint
892 4982 1007 5037 Domini
1062 4983 1196 5053 conjugio
1225 4983 1395 5038 deservire?
1417 4983 1503 5039 David
1530 4999 1656 5054 namque
1683 4982 1717 5037 ad
1742 4982 1914 5037 Abimelecb

155 5076 215 5113 sors
231 5060 282 5130 (sic
301 5059 378 5112 enirn
393 5077 498 5116 nornen
524 5063 619 5133 ipsum
645 5081 746 5120 sonare
769 5066 1006 5139 deprehenditur)

156 5151 184 5201 et
199 5162 299 5201 eorum
315 5147 409 5217 portio
425 5165 483 5203 nou
497 5150 552 5204 alia
568 5152 615 5218 sit,
629 5168 715 5223 qnam
737 5155 896 5224 Dominus;
913 5174 1006 5212 sacer·

157 5233 236 5288 dotes
252 5234 334 5289 uxori
361 5237 527 5306 servientes,
544 5245 571 5293 et
587 5255 620 5293 ea
643 5257 707 5311 quaa
731 5247 798 5298 sunt
812 5245 913 5299 intrudi
930 5246 1008 5316 cogi·

157 5326 259 5387 lantes,
277 5329 383 5378 sortem
402 5325 530 5394 Domini,
556 5343 612 5398 qua
626 5328 788 5399 specialiter
810 5332 835 5386 ei
862 5333 1006 5389 cohaerere

157 5409 325 5479 debuerant,
344 5429 480 5484 respuere
494 5433 503 5477 ς
520 5431 573 5470 nec
586 5418 647 5487 jam
662 5433 762 5472 eoram
774 5423 915 5490 possessio
931 5423 1007 5478 solus

156 5501 199 5552 est
215 5499 372 5568 Dominus;
391 5502 528 5572 quoniam
554 5504 663 5560 mundo
685 5522 738 5577 per
751 5491 945 5566 meditationis
959 5527 1004 5565 as·

1062 5071 1240 5125 sacerdotem
1256 5072 1382 5137 veniens,
1407 5089 1464 5127 non
1488 5082 1570 5126 autea
1586 5071 1692 5126 meruit
1712 5086 1803 5140 panes
1817 5086 1914 5125 sacros

1061 5159 1240 5230 contingere,
1263 5175 1350 5231 qnam
1375 5177 1404 5213 se
1434 5176 1594 5231 puerosque
1621 5175 1687 5214 suos
1711 5174 1728 5213 a
1755 5159 1915 5214 mulierum

1061 5250 1138 5301 tactu
1167 5249 1249 5302 tertia
1281 5249 1341 5318 jam
1369 5248 1415 5303 die
1442 5248 1549 5304 diceret
1576 5238 1751 5320 purificatos.
1784 5247 1821 5302 Et
1848 5248 1916 5319 quis

1062 5335 1175 5406 ignorat
1191 5338 1320 5409 corporis
1335 5342 1363 5390 et
1379 5337 1528 5409 sanguinis
1546 5335 1649 5392 Christi
1666 5334 1838 5408 mysterium
1852 5336 1916 5391 lore

1062 5423 1147 5494 louge
1167 5425 1317 5480 sublimius
1340 5425 1473 5495 panibus,
1503 5425 1552 5496 qni
1578 5438 1631 5496 per
1659 5424 1773 5495 singula
1790 5423 1917 5480 Sabbata

1061 5515 1297 5585 proponebantur
1311 5530 1397 5584 super
1413 5530 1540 5568 mensam
1564 5514 1594 5567 in
1617 5513 1726 5586 templo
1740 5510 1754 5566 i
1770 5513 1804 5567 Et
1820 5513 1845 5567 si
1861 5513 1916 5569 mi·
