3930 6098
540 244 624 302 atto
642 245 829 306 nonnullus
846 247 874 303 S.
895 247 1029 306 Adanu.
1049 279 1083 290 —·
1103 249 1245 307 noriam
1262 248 1464 308 Htsroalca.
1820 255 1872 309 ΜΘ

427 424 663 493 Inframionem·
988 385 1138 456 upliciter
1177 387 1371 455 immolamus,
1410 404 1586 460 quesumus,
1624 388 1757 459 Domine,
1792 389 1873 446 bani·

1026 489 1100 544 gnus
1122 475 1255 545 accipias,
1280 483 1308 530 et
1326 483 1376 530 tua
1395 475 1499 548 pietate
1523 478 1661 533 concedas
1685 482 1717 532 ul
1737 482 1765 534 el
1790 478 1873 534 nobis

154 557 217 629 (A.)
238 559 315 613 lianc
326 558 415 630 igitur
429 560 616 628 oblationem,
636 577 725 633 quam
741 562 794 616 tibi
818 578 869 632 pro
889 579 971 618 com·
1026 563 1155 634 proficiat
1168 564 1254 635 bajus
1266 565 1380 635 pietatis
1394 566 1521 631 allectus,
1543 566 1639 621 stillis
1658 567 1792 637 impetret
1809 567 1874 622 hea-

116 647 327 702 memoratione
347 649 510 703 animarum
524 650 553 704 iu
576 666 647 722 pace
674 651 880 708 dormientium
903 669 971 724 sup·
1028 654 1181 709 titudinem
1201 654 1416 724 sempiternam.

500 879 897 986 GRIMALDI
953 886 1049 987 ΕΤ
1108 884 1498 991 TATTONIS

829 1055 876 1109 ΑΙ)
903 1055 1160 1123 REGINBERTUM,

635 1174 816 1254 Mapistram
831 1174 949 1237 Sakole
964 1178 1140 1238 enarrasten'r'
1151 1178 1247 1238 sancti
1263 1177 1360 1240 Galli.

883 1312 1118 1387 EPISTOLA

699 1468 783 1532 (Apud
799 1469 896 1529 Belua,
912 1470 1023 1534 Capitul.
1036 1473 1100 1521 tom.
1115 1471 1147 1533 ll,
1163 1471 1214 1521 col.
1232 1471 1311 1533 1³82).

154 1693 394 1751 Praestantissimo
419 1699 447 1748 et
467 1693 607 1749 ineffabili
623 1693 774 1749 dilectione
789 1694 965 1749 nominando
986 1695 1006 1748 B
1023 1699 1111 1749 talem
1130 1695 1291 1749 animarum
1304 1695 1423 1750 curavit.
1442 1696 1493 1750 Illa
1507 1710 1575 1764 ergo
1590 1695 1676 1749 rerba
1692 1711 1756 1766 quae
1772 1710 1872 1765 supra-

122 1783 302 1840 liacrrtanaro
330 1783 502 1855 preceptori
531 1784 687 1839 Gnruaanus
716 1784 842 1845 Tarroos
873 1799 971 1853 supre-
1026 1782 1216 1837 dictusPater
1238 1784 1394 1837 secundum
1414 1789 1516 1848 artem,
1541 1786 1614 1836 sicut
1638 1784 1771 1837 nonnulli
1790 1787 1872 1837 autu-

122 1873 160 1927 mi
176 1872 343 1928 auditorum
358 1877 519 1927 vestrorum
533 1871 664 1943 discipuli
682 1873 862 1943 sempiternae
879 1873 969 1926 felici·
1027 1877 1115 1938 mant,
1137 1871 1166 1924 in
1191 1874 1325 1924 contextu
1352 1872 1468 1940 Regula
1488 1871 1572 1942 bujrrs
1596 1887 1654 1925 non
1677 1870 1808 1937 inseruit,
1838 1871 1873 1925 de

122 1961 189 2016 tatis
202 1962 337 2016 salutem.
1026 1961 1088 2015 aliis
1103 1961 1246 2031 Regulisa
1267 1961 1411 2015 modernis
1436 1960 1570 2014 correctis
1594 1960 1738 2030 magistris
1761 1959 1874 2014 collexi-

157 2050 296 2105 liemoria
319 2048 482 2104 dilectionis
497 2053 599 2103 restrae
626 2049 730 2103 animis
753 2051 858 2105 nostris
872 2050 971 2104 sedulo
1027 2065 1101 2116 mars,
1119 2049 1309 2120 clincampo
1333 2049 1508 2121 paginulae
1530 2049 1647 2120 regione
1671 2064 1736 2102 cum
1760 2047 1873 2103 duobus

120 2138 267 2193 inherens
285 2139 468 2192 immemores
484 2137 656 2208 petitionum
671 2145 831 2194 vestrarum
848 2140 969 2210 promis-
1024 2138 1137 2207 punctis
1157 2139 1282 2192 inserere
1299 2139 1470 2192 curarimus.
1487 2137 1550 2192 ntia
1566 2137 1652 2192 etiam
1667 2152 1733 2207 quae
1748 2154 1764 2191 a
1782 2138 1873 2192 Baue-

121 2226 297 2298 aionumqua
312 2232 477 2281 nostrarum
493 2243 553 2280 esse
568 2242 625 2281 non
639 2228 791 2298 permittit.
809 2229 841 2282 El
859 2229 970 2283 utinam
1025 2228 1100 2282 dicto
1121 2226 1225 2281 dictata
1250 2233 1326 2292 sunt,
1349 2231 1376 2280 ct
1396 2226 1426 2280 in
1442 2225 1594 2280 neotericis
1611 2225 1729 2279 minime
1745 2225 1871 2292 inventa,

120 2318 178 2368 tam
212 2313 396 2384 proficienter
417 2329 502 2385 quam
518 2320 673 2385 spontanea
689 2315 768 2385 piam
792 2304 970 2372 voluntatem
1025 2316 1109 2370 obelo
1130 2321 1156 2369 ct
1174 2316 1287 2384 punctis
1302 2315 1414 2370 duobus
1428 2315 1669 2383 consignavimus.
1689 2317 1747 2369 Hoc
1761 2314 1873 2385 egimus

122 2409 248 2457 vestram
270 2402 391 2473 implere
412 2402 609 2457 valuissemus.
633 2404 703 2457 Ecce
725 2405 804 2459 vobis
830 2407 970 2476 Regulam
1024 2404 1219 2459 desiderantes
1232 2420 1281 2456 ros
1297 2409 1451 2474 utrumque
1470 2408 1498 2456 et
1516 2403 1671 2456 secundum
1689 2402 1872 2456 traditionem

120 2489 352 2546 beatiBanedicti
367 2490 476 2563 egregii
491 2491 623 2557 doctoris,
640 2507 727 2562 quam
741 2492 896 2548 benevolus
911 2493 971 2547 ani·
1023 2494 1065 2564 pii
1094 2493 1196 2559 Patris,
1221 2493 1307 2547 etiam
1333 2493 1502 2546 modernam
1527 2492 1642 2545 babere.
1665 2491 1769 2561 Eligite
1793 2490 1873 2544 vobis

121 2594 186 2633 mus
200 2584 295 2633 vester
313 2595 426 2634 summo
450 2595 564 2650 semper
586 2585 732 2649 optaverat
753 2581 904 2646 desiderio,
926 2581 970 2635 di·
1024 2582 1100 2655 quod
1116 2581 1298 2636 desiderabili
1311 2580 1569 2650 placueritanimo.
1581 2578 1677 2633 Valete
1694 2579 1723 2632 in
1739 2577 1871 2633 Domino.

121 2669 259 2731 reximus,
289 2669 420 2722 sensibus
442 2673 471 2722 et
491 2668 616 2738 syllabis,
636 2685 748 2724 necnon
763 2670 849 2724 etiam
865 2670 969 2725 litteris
1060 2671 1139 2725 Salve
1155 2671 1207 2723 llos
1220 2670 1369 2737 juvenum,
1385 2668 1477 2723 forma
1493 2669 1638 2738 speciosus
1653 2682 1777 2732 amaena,

120 2771 138 2808 a
160 2755 327 2826 supradicto
355 2758 448 2822 Patre,
473 2757 502 2810 ni
522 2757 660 2825 fallimur,
685 2757 825 2812 ordinatis
849 2759 969 2813 minima
1024 2742 1157 2812 ΟΜΝΗ]
1172 2739 1410 2793 ΐθῑίὓθῦᾱθνίθω
1431 2741 1576 2809 Vstflfflqlffl
1591 2739 1746 2792 ⁵⁸¹⁰bl0m·

121 2848 285 2910 carentem3
309 2859 374 2914 quae
398 2845 432 2900 de
464 2844 513 2899 illo
539 2847 711 2915 transcripta
738 2851 782 2900 est
805 2847 969 2915 exemplare
1023 2814 1092 2947 ἓξὲξ
1107 2809 1750 2949 ἒῖιίἓῗιξ]3ξὲἑᾚξὲεῒέῗιοᾜὲἑῖξῖῗιὲἓὲἓΜ’

122 2932 199 3002 (10οᾶ
214 2948 247 2987 ⁰¹
262 2933 325 3002 59⁸⁰
342 2934 536 3004 0¹⁸¹1¹P¹⁸t¹1ffl
559 2938 602 2988 ⁰⁸²
627 2934 734 2997 0⁰d100·
757 2950 844 3004 (luem
869 2936 968 2990 limus
1024 2953 1212 3023 Omnipotens
1232 2952 1355 3021 genitor,
1379 2955 1513 3004 cunctum
1538 2949 1587 3019 qrri
1606 2949 1734 3002 eontinet
1761 2946 1870 3016 orbem,
1909 2944 1913 2951 '

120 3021 204 3076 Pater
219 3021 308 3076 sacris
323 3021 456 3078 manibus
471 3023 530 3077 suis
543 3038 661 3078 exarare
676 3024 712 3078 ob
726 3024 883 3079 multorum
895 3023 969 3078 sani·
1021 3024 1059 3077 Te
1073 3027 1154 3093 regat
1167 3029 1195 3076 et
1209 3028 1302 3076 servat
1316 3036 1430 3091 semper
1442 3021 1551 3091 ubique
1566 3034 1682 3073 sanum,

786 3252 872 3298 ANNO
896 3253 1010 3297 DOMINI
1033 3250 1210 3296 occccxxll.

857 3390 1139 3562 MILO

473 3658 872 3770 nonnanes
919 3659 1175 3767 sanem
1220 3655 1518 3765 aunum.

628 3843 1360 4037 narrare-mmmm.

552 4097 638 4162 (Apud
656 4097 814 4157 Fabricium,
832 4096 992 4146 bibliotheca
1008 4095 1103 4145 mediae
1119 4100 1145 4145 at
1160 4094 1259 4145 intimas
1276 4092 1445 4156 Latinitatis.)

156 4291 234 4355 ΜΗΘ,
251 4291 402 4346 ilouachus
419 4290 447 4346 S.
462 4292 596 4357 amandi,
612 4291 670 4346 sive
680 4291 967 4362 Amandopolilanus,
988 4289 1009 4345 C
1055 4291 1131 4339 Festa
1143 4290 1356 4355 propinquabant
1371 4289 1455 4340 nostri
1467 4287 1615 4339 veneranda
1631 4284 1747 4336 Patroni.

122 4380 158 4434 ad
178 4379 302 4434 linaium
325 4381 461 4435 Elnouam
486 4381 516 4435 in
540 4381 648 4450 belgio,
673 4380 702 4433 in
728 4380 842 4434 dioecasi
862 4380 972 4433 Torna-
1027 4405 1110 4460 Liber
1127 4421 1148 4461 ¹·

120 4468 210 4535 censi,
227 4468 289 4523 ord.
308 4468 425 4534 bened,
442 4469 559 4543 scicntia
583 4469 744 4523 litterarum
768 4468 875 4522 clarum
895 4467 972 4522 circa

117 4557 432 4628 enumerarem
455 4557 595 4628 usquead
617 4558 679 4623 871,
704 4572 761 4627 quo
787 4557 862 4610 diem
888 4556 968 4611 obiit.

116 4644 245 4716 Scripsit
256 4645 349 4700 adhuc
362 4645 474 4716 juvenis
491 4647 581 4700 Vitam
607 4647 637 4702 S.
663 4645 794 4710 timendi,
811 4645 971 4715 Trajecten·
1061 4647 1212 4702 Sermonem
1229 4645 1261 4699 de
1276 4645 1454 4698 transtatione
1466 4645 1586 4712 corporis
1600 4643 1629 4698 S.
1647 4640 1779 4709 Amandi,
1802 4637 1873 4709 ejas·

112 4735 159 4789 sis
179 4733 316 4803 episcopi,
337 4734 464 4787 defuncti
478 4737 509 4788 Α.
527 4736 554 4790 C.
570 4735 631 4801 684,
650 4733 780 4787 versibus
798 4733 970 4788 hexametris
1025 4749 1075 4804 que
1088 4733 1259 4788 ordinatione
1271 4735 1296 4783 et
1309 4731 1477 4784 dedicatione
1488 4731 1581 4798 tempti
1595 4730 1623 4784 in
1640 4729 1716 4783 Actis
1731 4728 1870 4793 Sanctor,

112 4820 329 4893 (avitaquam
344 4821 471 4890 prosario
487 4837 619 4876 sermone
643 4821 865 4877 baudemundus
890 4837 969 4875 com·
1026 4828 1045 4876 t.
1070 4821 1081 4877 l
1105 4820 1196 4887 Febr,
1225 4835 1290 4889 pag.
1317 4821 1448 4885 ase-aet,
1474 4825 1501 4872 et
1525 4819 1647 4872 alterum
1672 4817 1705 4871 de
1727 4817 1873 4871 elevatione

106 4907 270 4982 posuerat)
299 4908 334 4962 ad
366 4909 540 4975 llaimiuum‚
568 4911 739 4965 monachum
774 4910 969 4976 vedastinum,
1024 4911 1143 4978 eorporis
1159 4908 1188 4962 S.
1206 4908 1339 4971 Amandi,
1353 4923 1381 4977 p.
1399 4909 1528 4973 eat-893,
1546 4911 1573 4959 et
1589 4906 1619 4959 in
1643 4904 1784 4975 Operibus
1803 4903 1871 4958 Phi·

104 4996 205 5055 libris
215 5001 350 5068 quatuor.
370 4997 466 5052 Edidit
483 4998 675 5053 llenscheniua
691 4999 720 5051 in
736 4998 811 5052 Actis
829 4998 969 5065 Sanctor·.,
1024 4998 1097 5068 lippi
1110 4997 1269 5067 llavdengi,
1285 4997 1374 5051 Paris.
1392 5000 1421 5050 et
1437 4997 1523 5051 Duaci
1538 4998 1600 5062 teat
1618 4993 1669 5048 iol.

100 5087 191 5142 tom.
209 5084 220 5141 l
238 5084 317 5152 reb,
332 5101 399 5156 pag.
415 5089 530 5142 ara-888
543 5103 607 5142 cram
629 5088 720 5151 notis;
738 5094 766 5139 et
789 5086 970 5142 liabillonius
1059 5087 1212 5139 Sermonem
1227 5085 1260 5138 de
1275 5086 1302 5140 S.
1320 5087 1470 5153 Principia,
1491 5085 1579 5138 fratre
1595 5083 1624 5136 Β.
1642 5081 1765 5153 Remigii
1791 5081 1871 5159 ilhe-

102 5189 187 5229 saec.
205 5189 231 5228 rr
249 5174 309 5228 Act.
330 5173 457 5230 Senator.
484 5175 588 5230 Bened.
616 5191 681 5246 pag.
708 5176 760 5231 719
784 5192 843 5247 seq.
866 5175 971 5245 Incipit
1024 5174 1140 5237 mensis,
1160 5177 1293 5244 episcopo
1309 5190 1355 5228 an.
1374 5175 1424 5228 506
1439 5173 1573 5228 defuncto
1588 5169 1797 5238 suessionensi,
1812 5170 1872 5224 edi·

101 5260 273 5332 praemissa
289 5260 380 5332 elegia
395 5277 403 5316 ε
1024 5266 1087 5316 tum
1101 5278 1118 5314 a
1133 5261 1217 5316 Surio
1232 5265 1264 5316 27
1282 5261 1458 5334 Septembris
1474 5261 1523 5333 (a).

1056 4528 1159 4578 Arbiter
1173 4529 1341 4592 omnipotens
1354 4528 1493 4577 homiuum
1506 4539 1647 4590 rerumque
1661 4528 1772 4574 creator.

153 5400 197 5481 (a)
213 5402 252 5456 De
269 5417 327 5526 guo
339 5401 387 5483 hic
399 5403 496 5474 agitur
509 5420 612 5472 sermo,
629 5420 678 5460 seu
693 5403 789 5475 potius
805 5404 969 5459 encomium
1024 5402 1163 5471 ejusdem.
1198 5403 1267 5459 Vide
1298 5402 1466 5475 Patrologiae
1496 5407 1567 5457 tom.
1599 5403 1689 5471 Lllill,
1723 5402 1778 5459 col.
1806 5404 1868 5459 ota.

106 5468 273 5543 legiturau
302 5489 420 5528 nomine
434 5475 545 5532 Sidonii
563 5475 736 5549 Apollinaris
750 5475 826 5531 inter
835 5476 970 5548 epistolas
1024 5475 1100 5529 Eam.
