3930 6098
158 239 211 302 ast
695 230 957 326 comessuram
976 231 1193 299 ebracensis
1213 234 1369 302 novrum
1857 226 1912 295 seo

161 380 291 436 leminea
309 375 446 446 antiquos,
470 384 537 444 puer
558 378 707 444 posueram
730 379 824 444 patres
848 377 890 431 tui
918 377 1007 445 (Pron.
1028 382 1048 433 Α
1065 391 1123 430 nou
1143 381 1278 430 verentur
1292 391 1456 443 susurrare,
1472 374 1531 430 imo
1546 371 1643 447 palam
1657 373 1814 447 predicare
1829 373 1913 429 falsi·

161 486 226 537 xxa,
243 470 296 535 28).
322 464 401 530 Quod
416 462 566 528 nimirum,
587 469 618 517 ut
631 463 785 535 Gregorius
803 467 930 537 exponit,
946 466 1009 521 he·
1061 469 1161 532 tatem,
1178 465 1417 536 flacclpendentes
1431 464 1503 520 illud
1523 464 1599 520 beati
1615 464 1722 532 Basilii,
1740 465 1791 536 qui
1806 464 1913 519 divinis

161 557 242 614 retiei
256 555 374 621 faciunt,
391 553 442 625 qui
455 569 472 607 a
486 559 591 607 sancte
604 552 737 607 Ecclesie
752 556 864 625 gremio
881 553 1009 610 extranei
1063 553 1233 626 saginantur
1247 555 1370 627 eloquiis
1384 571 1569 626 corrumpere
1588 555 1623 610 de
1642 554 1746 609 divinis
1770 554 1912 625 dogmati-

162 647 297 703 eristuut.
315 665 329 693 a
351 642 418 714 lpsi,
444 642 548 715 inquit,
570 642 710 696 terminos
733 645 919 711 transferunt,
941 643 1009 715 quia
1063 643 1127 710 bus,
1143 659 1238 715 neque
1258 644 1347 699 ullam
1366 643 1505 715 syllabam
1529 643 1699 714 patiuntur:
1724 643 1773 697 sed
1788 658 1841 714 pro
1856 642 1913 710 his,

58 737 60 741 “
162 732 379 790 constitutiones
407 733 524 786 Patrem
552 730 765 801 prevaricando
790 733 1008 795 transcendunt,
1063 731 1087 787 si
1115 732 1276 803 contigerit,
1305 733 1393 788 etiam
1419 748 1521 786 omnes
1543 731 1644 786 mortis
1672 731 1779 801 species
1803 731 1913 802 ample·

162 824 213 897 qui
233 823 318 877 etiam
330 836 436 892 greges
449 819 590 890 diripiunt
612 826 641 874 et
655 825 786 890 pascunt,
807 821 876 893 quia
891 821 1009 893 irnperi-
1063 826 1189 876 ciuntur.
1206 821 1242 876 Et
1257 821 1330 876 illud
1344 836 1460 892 quoque
1483 825 1700 875 contemnentes
1713 819 1844 890 Gregorii
1862 820 1914 873 Na·

161 919 338 984 tesquoque
360 908 500 981 perversis
519 908 554 963 ad
574 924 603 962 se
624 908 808 963 suasionibus
829 911 960 979 trahunt,
982 915 1011 964 et
1064 909 1208 964 zianzeui:
1236 909 1421 964 Fortitudinis
1444 913 1488 963 est
1510 923 1694 979 perseverare
1724 907 1754 962 iu
1780 908 1912 975 veritate,

162 1001 245 1057 dnuis
260 997 404 1071 pestiferis
428 998 464 1052 ad
479 996 711 1052 interficiendum
734 998 877 1054 aratriunt.
896 1018 910 1050 e
933 999 1010 1064 eros
1063 998 1130 1052 lieet
1153 997 1297 1069 quispiam
1317 997 1477 1052 debelletur
1501 997 1535 1051 ad
1550 1013 1585 1051 ea
1604 1012 1669 1067 que
1683 994 1758 1051 nihil
1776 997 1854 1050 suut.
1871 995 1915 1050 Ni-

162 1091 263 1148 heatus
279 1103 395 1159 quoque
416 1086 468 1141 iob
490 1085 619 1156 increpat
641 1086 758 1142 dicens:
783 1088 916 1158 Nanqeid
938 1090 1010 1142 Deus
1063 1085 1104 1140 hil
1119 1091 1215 1142 autem
1230 1090 1298 1140 sunt
1317 1084 1426 1140 falsitas
1450 1092 1478 1140 et
1494 1084 1686 1151 mendacium,
1703 1101 1768 1156 que
1784 1085 1914 1156 profecto

162 1180 268 1247 indiget
281 1183 369 1233 oestro
389 1177 538 1244 merdario,
555 1181 586 1230 ut
605 1191 657 1247 pro
676 1177 723 1232 iiio
745 1178 896 1246 loquamini
907 1177 1011 1248 {dolosi
1065 1190 1152 1247 super
1166 1175 1263 1230 omnia
1282 1175 1476 1244 corporalium
1487 1189 1594 1245 genera
1615 1173 1753 1228 mortium
1777 1173 1867 1227 vitam
1887 1178 1916 1228 et

163 1269 228 1336 (Job
249 1283 308 1335 rur,
330 1266 370 1335 7.)
396 1267 469 1320 [leus
491 1265 639 1320 mendacio
658 1282 716 1321 non
732 1272 808 1338 eget,
824 1266 1011 1338 quieveritis
1065 1267 1176 1330 cavent,
1203 1269 1232 1318 et
1252 1263 1372 1319 horrent
1397 1268 1429 1317 ut
1452 1263 1568 1332 debent,
1587 1263 1672 1318 corda
1694 1278 1809 1334 semper
1831 1278 1913 1317 vera·

163 1356 257 1412 fulciri
271 1372 332 1410 nou
351 1355 455 1426 querit
473 1354 581 1409 attritio
600 1354 739 1409 falsitatis.
766 1355 897 1410 lleretici
912 1360 1010 1409 autem
1065 1351 1152 1406 cium.
1169 1351 1290 1407 Maxime
1315 1351 1459 1406 tamenin
1483 1350 1614 1406 doctrina
1632 1350 1782 1420 religionis
1807 1352 1915 1406 evitant

164 1445 233 1518 quia
258 1461 290 1499 ea
312 1461 377 1515 que
399 1460 484 1515 prave
506 1444 540 1497 de
557 1443 615 1498 Deo
636 1443 813 1514 intelligunt,
836 1460 868 1498 er
894 1443 1011 1497 veritate
1066 1441 1185 1495 omnino
1199 1441 1390 1512 praecipitium
1406 1440 1540 1495 falsidicae
1555 1441 1718 1495 locutionis.

164 1535 238 1590 tueri
260 1549 319 1588 uon
343 1538 470 1604 possunt,
495 1531 576 1603 quasi
595 1531 630 1585 ad
653 1530 873 1602 approbandum
898 1532 1010 1586 radium
1102 1530 1159 1585 lloc
1174 1535 1217 1584 est
1239 1530 1355 1600 (gratias
1379 1529 1442 1594 tibi,
1470 1527 1599 1595 Domine,
1622 1529 1698 1582 alma
1720 1526 1856 1597 Trinitas)
1871 1526 1914 1581 in·

165 1622 292 1687 luminis,
318 1622 434 1675 umbras
449 1620 581 1675 falsitatis
597 1622 758 1691 requirunt.
784 1621 816 1675 lit
832 1636 884 1690 pro
900 1637 934 1674 eo
955 1620 1011 1675 do·
1065 1619 1207 1674 violabilis
1221 1619 1291 1674 lidos
1311 1623 1341 1674 et
1363 1618 1503 1673 confessio
1519 1633 1582 1671 mea
1605 1618 1641 1672 de
1662 1615 1844 1687 prescientia
1865 1616 1915 1670 sci·

97 1755 99 1759 .
164 1709 397 1781 ineloquentes,
418 1709 487 1763 dum
511 1707 642 1762 iutirmas
665 1715 776 1762 mentes
801 1709 836 1763 ab
863 1709 1010 1763 intellectu
1065 1709 1141 1776 licet,
1164 1725 1196 1763 ae
1218 1706 1469 1780 predestinatione
1491 1710 1538 1761 lua
1553 1722 1640 1778 quam
1666 1705 1833 1777 predicavit
1854 1706 1915 1776 ipsa

164 1799 241 1853 illius
254 1798 339 1854 stulta
354 1797 519 1852 seductione
535 1795 691 1866 decipiunt.
709 1796 778 1851 ltem
793 1813 800 1850 :
818 1798 875 1852 Aut
893 1798 1012 1867 placebit
1064 1799 1184 1867 Veritas,
1201 1801 1230 1852 et
1255 1797 1295 1851 sic
1309 1795 1440 1868 predicti
1457 1810 1572 1867 quoque
1587 1794 1678 1866 ipsius
1693 1794 1827 1866 discipuli
1850 1810 1915 1848 con-

163 1891 198 1957 ei,
219 1903 297 1956 quem
315 1887 403 1943 cetere
423 1887 495 1940 ertit
512 1887 621 1956 potest?
635 1887 692 1941 Aut
709 1885 860 1957 decipiatur
875 1891 906 1941 nt
924 1889 1010 1955 ieme,
1064 1892 1110 1943 tra
1132 1886 1300 1957 falsiloquos
1323 1885 1457 1953 fautores,
1480 1889 1508 1939 et
1530 1884 1599 1957 (nisi
1622 1882 1815 1954 corrigantur)
1841 1883 1915 1938 tilios

163 1979 262 2032 uestris
283 1976 502 2041 [rarrdelentiisf
523 1974 618 2045 (ibid,
645 1974 684 2045 9.)
706 1974 832 2030 Fraudes
851 1976 908 2030 fleo
925 1976 1013 2030 bere·
1064 1974 1198 2030 falsitatis
1222 1979 1251 2029 et
1265 1974 1445 2045 perditionis,
1470 1978 1499 2028 et
1517 1977 1617 2027 contra
1632 1972 1770 2043 pestifera
1794 1988 1914 2039 venena,

163 2064 214 2119 tici
237 2064 384 2128 exhibent,
417 2063 485 2134 qnia
506 2079 540 2116 ea
568 2067 713 2132 astruunt,
738 2079 803 2134 que
827 2079 1012 2136 nequaquam
1065 2067 1095 2118 et
1109 2063 1244 2118 heretice
1264 2063 1400 2134 dogmata
1414 2078 1475 2129 sua,
1491 2061 1552 2133 qui,
1578 2061 1602 2115 si
1623 2061 1715 2131 gratia
1730 2066 1781 2116 tus
1795 2062 1916 2131 respersi

165 2152 220 2223 ipsi
245 2167 298 2224 pro
313 2168 371 2222 quo
392 2151 552 2221 loquuntur
565 2150 688 2221 placent,
707 2167 830 2222 cumque
845 2153 912 2207 drrrn
930 2152 1012 2224 quasi
1065 2151 1220 2223 diligenter
1244 2151 1402 2214 attendunt,
1426 2149 1590 2221 appendent
1616 2154 1702 2222 atque
1724 2149 1915 2220 perpendant,

165 2241 317 2297 defendere
336 2240 478 2306 nituntur,
501 2239 650 2294 oflendunt
672 2241 741 2295 dum
762 2240 793 2294 in
812 2240 1012 2296 adversitatem
1066 2240 1190 2313 qualiter
1204 2240 1240 2294 ab
1255 2239 1373 2294 exordio
1392 2237 1587 2310 prolapsionis
1610 2236 1748 2309 angelice
1765 2237 1914 2309 (quemad-

166 2332 228 2403 ejus
256 2334 404 2397 corruunt,
432 2329 477 2384 cui
509 2328 645 2383 videntur
673 2344 706 2382 ex
733 2328 939 2399 predicatione
970 2330 1012 2384 fa·
1066 2330 1184 2384 modum
1211 2328 1344 2383 videlicet
1372 2328 1471 2382 l'etrns
1499 2326 1569 2382 dicit
1598 2327 1774 2397 apostolusi:
1808 2327 1916 2382 Eisdem

166 2419 280 2475 mirlari.
1066 2420 1169 2487 arrpelis
1181 2418 1356 2488 pectoralibus
1371 2432 1424 2471 noa
1438 2418 1600 2486 peperceris.
1626 2416 1734 2472 Sedeas
1753 2415 1916 2471 rudentibus

205 2507 283 2564 Unde
305 2510 334 2561 at
357 2522 410 2577 per
431 2505 609 2561 Psalmistam
632 2505 748 2574 dicitur,
766 2507 800 2562 ur
814 2506 940 2561 destruas
956 2508 1013 2561 ini·
1066 2513 1092 2563 et
1113 2507 1266 2562 carceribus
1293 2507 1406 2573 inserui,
1432 2507 1573 2575 penisque
1594 2503 1665 2559 aeris
1679 2504 1763 2574 liujus
1788 2504 1915 2572 traditos,

166 2598 266 2652 micum
286 2601 312 2650 et
332 2582 498 2661 defensorem
522 2595 607 2664 (Psoi.
635 2610 693 2662 vau,
717 2594 758 2666 3);
787 2594 881 2649 omnis
905 2594 1014 2666 quippe
1066 2597 1104 2652 ed
1119 2596 1237 2666 majores
1262 2598 1291 2649 ia
1317 2595 1389 2650 diem
1400 2595 1504 2664 judieii
1524 2596 1660 2649 cruciatus
1679 2596 1862 2649 rescripseris
1882 2593 1918 2665 (ll

167 2684 319 2740 hereticus
341 2682 533 2754 omnipotenti
550 2685 607 2737 lieo
623 2683 757 2738 inimicus
772 2689 800 2739 et
814 2683 946 2739 defensor
960 2689 1013 2751 est,
1067 2686 1139 2740 Petr.
1153 2683 1195 2754 u).
1214 2684 1246 2738 lit
1260 2683 1385 2755 qualiter
1400 2681 1486 2738 etiam
1506 2680 1678 2753 originalem
1694 2681 1836 2736 mundum
1849 2697 1917 2752 pro·

168 2771 237 2843 quia
253 2772 328 2827 unde
343 2773 420 2826 hunc
442 2771 525 2843 quasi
546 2770 700 2827 defendere
722 2772 836 2842 nititur,
853 2772 920 2827 inde
938 2772 1014 2828 veri·
1066 2776 1132 2843 pter
1147 2787 1272 2844 nequam
1289 2770 1441 2826 homiuum
1464 2771 1571 2825 scelera
1587 2770 1757 2841 perdideris.
1778 2771 1836 2825 Nec
1858 2785 1918 2825 uon

167 2860 219 2915 tati
233 2860 310 2917 illius
325 2861 500 2916 adversatur.
526 2859 599 2925 Quia
612 2865 710 2916 autera
727 2861 815 2916 latere
835 2863 925 2917 ileum
942 2862 1015 2917 nibil
1068 2861 1212 2933 quomodo
1237 2865 1266 2914 et
1282 2858 1404 2914 nefanda
1426 2857 1563 2925 facinora,
1584 2858 1715 2913 simulet
1737 2858 1851 2930 flagitia
1866 2859 1917 2914 So-

169 2954 272 3023 potest‚
288 2950 343 3004 hoc
364 2947 396 3003 in
419 2948 461 3003 eis
471 2948 589 3019 judicat,
608 2949 685 3021 quod
710 2949 788 3004 intus
802 2949 940 3018 sentiunt,
956 2964 1015 3004 uon
1034 2949 1223 3023 qdomorurn
1238 2947 1378 3021 punieris,
1395 2947 1510 3002 eosdem
1527 2949 1595 3020 igne
1610 2949 1717 3003 celesti
1736 2948 1916 3019 conflagran-

168 3039 245 3111 quod
272 3037 407 3093 famulari
434 3037 504 3093 foris
531 3037 677 3094 videntur.
698 3037 770 3103 Quia
799 3037 889 3109 igitur
915 3053 1016 3093 eorum
1069 3043 1112 3093 tes
1128 3037 1278 3104 deleveris,
1300 3042 1387 3109 atque
1406 3053 1549 3108 perennes
1565 3037 1596 3091 in
1621 3053 1720 3109 penas
1735 3036 1916 3106 demerseris,

167 3127 369 3185 fraudulentiis
391 3128 466 3183 Deus
489 3131 522 3182 ut
544 3128 632 3182 homo
648 3144 707 3182 noa
722 3127 839 3189 fallitur,
858 3132 934 3182 recte
949 3126 1016 3181 sub·
1071 3127 1208 3199 quodque
1225 3125 1405 3181 Pharaonem
1420 3130 1449 3180 at
1463 3125 1620 3181 exercitum
1636 3126 1697 3196 ejus
1711 3125 1742 3180 in
1762 3142 1843 3181 mare
1858 3142 1919 3198 pre

164 3216 320 3288 juugitur:
340 3217 405 3286 Ipse
423 3230 469 3271 uos
491 3220 596 3284 asperet,
614 3217 742 3286 quoniam
756 3217 786 3271 in
799 3215 956 3270 abscondito
969 3216 1016 3282 se·
1066 3216 1180 3288 jeceris,
1197 3220 1227 3271 et
1247 3232 1296 3271 eos
1312 3215 1420 3271 ibidem
1436 3220 1575 3288 tanquam
1590 3216 1688 3286 paleas
1707 3231 1843 3271 excussos
1856 3215 1919 3271 firn-

167 3306 234 3359 eiem
252 3304 311 3373 ejas
325 3305 460 3373 accipitis.
478 3303 578 3358 Statim
593 3306 624 3356 nt
647 3317 675 3357 se
697 3306 877 3364 commoverit.
895 3302 1018 3357 turbabit
1071 3306 1149 3362 ditus
1164 3304 1332 3360 aboleveris.

167 3408 224 3460 aas,
253 3398 280 3448 et
304 3397 391 3446 terror
413 3393 473 3461 ejas
496 3394 585 3446 irruet
610 3406 693 3461 svper
717 3405 763 3445 eos
787 3390 847 3461 (lob
875 3405 935 3456 rur,
963 3389 1015 3460 10).
1106 3393 1218 3462 siber,
1242 3392 1374 3466 inquam,
1394 3392 1575 3448 animositate
1590 3392 1719 3464 deposita
1739 3392 1862 3449 solerter
1878 3392 1919 3448 iu·

169 3478 319 3550 liocquod
342 3479 372 3532 iu
398 3478 567 3533 abscondito
589 3477 679 3550 accipi
703 3479 805 3533 asserit
826 3478 926 3533 faciem
954 3478 1016 3546 liei,
1071 3482 1203 3553 spiciunt,
1220 3486 1249 3536 et
1269 3486 1298 3537 te
1322 3481 1482 3554 opitulante
1506 3481 1651 3553 sapienter
1673 3481 1832 3548 advertant,
1855 3497 1919 3554 per·

143 3634 151 3647 k
170 3566 284 3621 duohus
301 3565 394 3621 modis
413 3567 489 3621 valet
505 3565 640 3638 intelligi.
657 3566 729 3622 Sunt
743 3582 869 3638 namque
884 3565 1017 3620 nonnulli
1070 3570 1154 3626 facile
1169 3584 1286 3642 prorsus
1307 3569 1481 3643 intelligent,
1505 3569 1584 3642 quod
1603 3570 1781 3642 supradictos
1803 3571 1920 3643 angelos

169 3655 220 3726 qui
233 3659 261 3709 et
275 3654 426 3710 veritatem
438 3655 467 3709 iu
481 3654 566 3709 corde
578 3654 717 3724 sentiunt,
728 3658 862 3710 ettamen
873 3654 1018 3726 queiulsa
1071 3659 1131 3731 qui,
1157 3664 1188 3713 ut
1211 3657 1308 3715 scribit
1328 3659 1413 3714 indas
1435 3658 1545 3729 iacobi,
1570 3674 1625 3714 aon
1646 3665 1824 3715 semoverunt
1842 3675 1920 3716 suren

170 3749 237 3798 snut
252 3745 287 3799 de
311 3744 369 3798 [teo
385 3743 461 3798 foras
476 3744 644 3814 loquuntur.
661 3744 700 3798 Ne
716 3744 794 3799 enirn
811 3742 887 3798 vinci
902 3743 1018 3798 videau·
1070 3748 1267 3818 principatum,
1290 3747 1338 3802 sed
1358 3749 1527 3818 reliquerant
1540 3762 1621 3804 saara
1636 3747 1816 3815 domicitinm,
1831 3750 1861 3803 in
1873 3749 1920 3818 in·

170 3838 226 3897 tur,
240 3837 270 3887 et
285 3837 464 3904 cognoscunt
478 3831 629 3888 veritatem
640 3831 771 3899 interius,
790 3839 930 3887 ettamen
945 3832 1018 3886 haue
1072 3836 1174 3891 dictem
1189 3839 1284 3905 mepni
1293 3836 1474 3892 dieioincalis
1483 3840 1592 3892 eternis
1601 3838 1651 3892 seb
1663 3838 1781 3905 calipiae
1790 3839 1921 3894 resanati

170 3921 295 3978 exterius
318 3921 500 3992 impugnant.
524 3921 602 3977 Unde
627 3920 701 3976 bene
716 3937 794 3976 nuuc
812 3921 935 3976 dicitur:
958 3923 1019 3991 lpse
1071 3925 1167 3997 (dud,
1192 3925 1231 3997 6),
1256 3925 1422 3981 nullatenus
1436 3925 1555 3981 omnino
1571 3925 1633 3981 siue
1648 3925 1825 3997 sempiterno
1845 3942 1920 3999 pre·

169 4027 218 4067 eos
233 4017 339 4079 arpuet,
356 4013 487 4080 qnoniam
503 4012 532 4064 in
552 4009 709 4065 abscondito
723 4011 823 4077 taciem
842 4009 900 4080 ejas
915 4011 1019 4080 accipi·
1073 4012 1271 4069 destinationis
1284 4018 1340 4068 tue
1356 4013 1487 4082 consilio,
1504 4020 1532 4068 et
1545 4014 1576 4069 in
1589 4014 1667 4070 hunc
1681 4015 1831 4086 caliginosi
1845 4015 1919 4071 aeris

171 4102 221 4167 tis3
250 4114 283 4153 ac
305 4098 329 4153 si
353 4103 451 4169 aperte
474 4097 636 4153 diceretur:
661 4099 749 4152 Tanto
772 4097 864 4168 magis
885 4098 920 4153 de
944 4097 1019 4153 falsi·
1072 4117 1215 4157 carcerem
1228 4101 1461 4173 praecipitaveris,
1482 4107 1510 4157 et
1524 4102 1561 4158 ad
1576 4103 1699 4174 majores
1718 4103 1809 4159 etiam
1823 4120 1921 4176 penas

170 4192 227 4243 tata
241 4186 316 4259 apud
331 4201 398 4241 eum
414 4186 481 4241 estis
496 4184 674 4257 reprehensi,
691 4190 799 4258 quanto
820 4192 849 4241 et
865 4186 940 4258 apud
954 4203 1018 4242 vos·
1074 4190 1177 4245 merito
1198 4205 1250 4262 per
1270 4189 1375 4245 secula
1393 4190 1572 4261 cruciandos,
1588 4197 1621 4246 ut
1634 4191 1763 4264 predicti
1778 4193 1866 4249 erebo
1879 4199 1920 4249 te·

172 4277 310 4347 metipsos
324 4274 402 4346 quod
416 4289 517 4329 verum
531 4277 575 4329 est
588 4273 702 4329 videtis.
1038 4283 1185 4339 natantur
1208 4278 1341 4350 apostoli,
1362 4279 1558 4335 reservaveris.
1582 4281 1617 4336 Et
1641 4282 1717 4353 quod
1742 4281 1793 4337 illa
1807 4298 1922 4355 quoque

207 4363 280 4429 Quid
303 4368 400 4418 autern
419 4362 456 4417 sit
476 4361 639 4431 hereticus,
662 4379 698 4419 ne
721 4363 841 4419 cuilibet
863 4363 942 4420 aliud
965 4381 1018 4437 pro
1072 4383 1138 4439 que
1158 4373 1368 4438 consequenter
1382 4369 1417 4423 de
1431 4368 1564 4440 reprobis
1578 4375 1694 4425 narrata
1714 4374 1781 4426 suut
1796 4370 1921 4427 homini·

172 4454 229 4508 alio
245 4454 353 4524 lingere
379 4451 490 4506 licitum
506 4451 551 4520 sit,
577 4451 696 4524 quidam
712 4454 841 4522 Petrum,
862 4458 890 4510 et
909 4453 1019 4510 Cassio·
1073 4456 1137 4526 bus,
1152 4472 1211 4511 uon
1233 4455 1295 4511 sine
1314 4457 1567 4527 predestinatione
1583 4458 1672 4530 (quod
1690 4458 1774 4523 absitl
1794 4466 1923 4531 patrave-

173 4542 261 4598 dorus
275 4541 354 4607 dicit,
370 4538 720 4611 pulcherrimedeiinivit:
739 4542 901 4608 llereticus,
914 4541 1019 4615 iuquit,
1073 4544 1123 4599 ris.
1138 4543 1276 4617 Alioquin
1291 4550 1320 4600 et
1344 4550 1410 4601 ante
1426 4546 1525 4601 omnia
1547 4548 1651 4602 secula
1676 4547 1824 4604 mutabilis
1842 4555 1873 4605 et
1894 4549 1923 4603 in

173 4632 197 4686 is
213 4630 320 4703 estqui
343 4629 448 4686 divine
463 4629 536 4701 legis
548 4630 593 4684 vel
608 4630 772 4703 ignorantia
785 4632 829 4685 vel
851 4635 1020 4702 contemptu
1074 4634 1189 4689 exordio
1204 4650 1320 4706 quoque
1344 4635 1513 4690 seculorum
1529 4636 1613 4706 juxta
1634 4636 1852 4693 fallacissimum
1871 4639 1922 4693 ho-

173 4723 312 4791 raptatus,
336 4725 387 4774 aut
413 4719 480 4774 novi
511 4720 641 4790 pertinax
669 4719 816 4775 insanitur
838 4719 943 4775 erroris
970 4726 1020 4775 atrt
1074 4739 1138 4777 rum
1160 4722 1275 4792 dogma,
1297 4739 1363 4778 mox
1385 4728 1511 4778 mutatus
1534 4724 1621 4798 (quod
1637 4741 1673 4780 ne
1689 4725 1724 4781 ad
1744 4732 1924 4782 momentum

174 4808 260 4865 alicui
275 4812 408 4878 sectator,
423 4808 570 4864 catholice
596 4809 710 4864 veritati
724 4810 816 4880 magis
837 4810 897 4864 vult
918 4808 1019 4863 adver·
1074 4810 1190 4883 quidem
1211 4827 1272 4865 esse
1286 4811 1389 4883 potest)
1414 4812 1603 4868 invenireris:
1631 4813 1681 4885 qni
1696 4813 1773 4870 solus
1789 4815 1925 4871 immuta·

174 4899 241 4966 seri,
263 4914 349 4969 quarn
371 4897 483 4968 subjici.
510 4899 568 4952 lloc
591 4903 687 4954 autem
710 4897 776 4953 ideo
795 4897 1021 4953 subinterseren·
1074 4899 1140 4955 hilis
1164 4898 1200 4953 ab
1215 4898 1354 4954 universis
1375 4900 1474 4970 procul
1495 4901 1643 4956 catholicis
1659 4918 1721 4958 esse
1740 4903 1878 4972 crederis,
1898 4907 1926 4958 et

174 4988 244 5043 duru
269 4986 376 5049 censui,
399 4986 467 5059 quia
489 4985 629 5057 plurimos
653 4985 721 5042 hinc
743 4991 771 5042 et
795 4987 855 5041 falli
871 4991 900 5041 et
922 4986 1021 5042 fallere
1073 4988 1137 5043 luce
1152 4986 1257 5042 clarius
1270 4991 1297 5042 te
1313 4989 1456 5043 revelante
1471 4988 1560 5044 sciris.

174 5075 312 5147 comperi,
333 5074 461 5130 volentes
482 5074 623 5143 videlicet,
648 5076 692 5130 vel
711 5075 809 5130 mitius
823 5073 954 5143 dixerim,
970 5092 1021 5130 su·
1111 5075 1276 5144 facetiam,
1298 5093 1404 5148 queso,
1423 5078 1544 5133 Domine
1561 5079 1645 5147 Deus,
1671 5083 1704 5135 ut
1724 5080 1815 5137 etiam
1840 5085 1926 5154 atque

174 5166 317 5237 spirantes
344 5165 411 5220 illos
437 5180 499 5219 esse
523 5162 682 5232 hereticos,
705 5164 755 5236 qui
777 5164 852 5220 hane
874 5164 1022 5220 catholice
1075 5163 1162 5219 etiam
1178 5179 1237 5218 non
1253 5164 1313 5235 jam
1337 5181 1480 5235 procaces,
1502 5166 1675 5238 pertinaces,
1692 5173 1779 5241 atque
1802 5171 1929 5241 pervica-

175 5253 242 5309 iidei
255 5253 291 5309 de
306 5252 560 5324 predestinatione
574 5252 764 5323 reproborum
781 5252 941 5307 necessario
956 5269 1021 5308 con·
1076 5269 1131 5319 ees,
1148 5269 1241 5324 neque
1257 5269 1412 5325 pugnaces,
1432 5254 1548 5310 fallaces
1562 5261 1649 5327 etque
1671 5258 1826 5314 mendaces
1850 5260 1930 5332 (quia

175 5347 220 5395 tra
232 5340 399 5396 resistentes
418 5347 446 5397 et
467 5341 656 5413 obloquentes
672 5342 794 5396 creduut
805 5346 834 5396 et
847 5342 1022 5398 confitentur
1075 5348 1152 5396 certe
1175 5340 1343 5412 hujusmodi
1357 5343 1491 5397 homiues
1506 5344 1542 5399 ad
1567 5344 1748 5416 intuendam,
1764 5348 1814 5403 eui
1841 5365 1929 5422 repu-

177 5425 327 5498 (dautete)
347 5429 508 5497 veritatem,
531 5429 640 5484 etillos
664 5429 837 5484 econtrario
855 5445 1021 5485 asseverari·
1076 5435 1175 5501 guent,
1205 5430 1354 5485 veritatem
1387 5447 1446 5486 nou
1484 5437 1603 5504 possunt
1636 5450 1697 5489 esse
1734 5438 1929 5509 perspicaces,

176 5519 219 5570 tes
232 5515 397 5585 catholicos,
422 5518 546 5590 quitum
561 5518 722 5589 perspicue
748 5517 858 5573 veritati
873 5517 1021 5573 inimicam
1076 5519 1290 5593 quantumlibet
1310 5518 1398 5574 etiam
1423 5522 1595 5577 naturaliter
1609 5538 1670 5578 esse
1688 5525 1833 5581 voluerint
1848 5543 1930 5599 saga·
