3930 6098
96 254 150 348 {345

318 383 408 437 Lectio
423 382 489 436 libri
501 382 729 439 Mocbobeorum.

134 471 166 525 ln
196 470 380 537 diebusillis,
409 470 453 524 vir
473 470 645 525 fortissimus
667 471 763 538 tudes,
793 470 946 527 collatione

96 556 183 625 facta,
207 557 360 613 duodecim
376 556 466 611 millia
482 557 633 611 drachmas
649 558 761 628 argenti
788 557 866 612 misit
881 552 945 612 Hid-

97 646 286 718 rosolymam,
302 646 397 700 offerri
412 662 446 700 ea
459 645 498 699 ibi
513 661 565 716 pro
581 647 703 716 peccatis
718 650 909 700 mortuorum.

170 737 316 804 Sequentia
328 736 417 789 suncti
426 735 567 802 Eoonqetti
577 735 723 789 secuudum
734 739 873 790 toouuem.

134 825 168 879 ln
185 825 234 879 illo
248 829 385 895 tempore,
403 823 475 877 dixit
497 823 577 877 lesus
593 823 726 894 dicipulis
741 824 824 878 suis:
854 823 945 878 Omne
962 845 966 853 ·

98 914 176 985 quod
193 913 241 967 dat
256 912 327 967 mihi
341 913 434 975 Pater,
446 911 481 965 ad
497 926 542 964 me
557 911 662 967 reniet.

337 991 339 994 ⁴
429 998 518 1068 Super
532 998 641 1053 Oblata.

135 1088 245 1143 Hostias
261 1087 323 1154 tibi,
339 1087 468 1156 Domine,
486 1088 591 1142 humili
614 1087 775 1158 placatione
790 1087 947 1144 deferimus

100 1180 133 1232 ut
157 1177 263 1231 anime
290 1175 465 1231 famulorum
494 1177 728 1248 famularumque
757 1184 873 1232 tuarum
895 1193 947 1249 per

97 1266 161 1320 hec
189 1264 358 1336 placationis
381 1264 475 1332 officia
494 1269 574 1320 taam
600 1265 821 1321 misericordiam
846 1282 947 1321 conse-

100 1360 239 1426 quantur.
257 1356 321 1409 Per.
699 1343 705 1352 '

456 1444 596 1511 Praesotio.

135 1534 168 1589 D.
185 1537 214 1587 et
228 1532 339 1603 justum
364 1536 416 1598 est,
433 1547 527 1601 usque,
553 1547 606 1602 per
632 1531 776 1586 Christum
793 1532 947 1588 Dominum

102 1625 245 1676 nostrum.
262 1620 349 1689 Cujus
364 1635 474 1673 sacram
490 1619 653 1690 passionem
669 1636 722 1691 pro
736 1619 949 1674 immortalibus

101 1714 130 1765 et
148 1711 222 1763 bene
241 1708 455 1779 quiescentibus
469 1708 621 1762 animabus
636 1709 697 1763 sine
718 1707 804 1762 dubio
821 1708 949 1762 celebra·

101 1815 177 1854 mars.
196 1800 249 1853 Pro
271 1796 316 1851 his
331 1796 485 1867 precipue,
505 1796 610 1867 quibus
634 1797 766 1851 secunde
796 1795 950 1850 nativitatis

101 1886 226 1956 gratiam
248 1883 417 1953 prestitisti.
447 1886 507 1947 Quo
533 1883 663 1952 exemplo
678 1883 744 1937 lesu
772 1881 876 1936 Christi
898 1881 951 1935 Do-

102 1973 175 2030 mini
190 1971 290 2037 nostri,
319 1975 468 2041 ooeperunt
483 1987 543 2024 esse
572 1971 606 2024 de
622 1970 832 2025 resurrectione
847 1969 948 2024 securi.

102 2061 215 2132 Quippe
231 2060 280 2131 qui
294 2059 460 2130 fecistique
472 2074 530 2112 non
541 2062 631 2121 eraut,
646 2063 729 2129 potes
744 2073 876 2129 separare
886 2074 951 2129 que

102 2149 227 2203 fuerant.
251 2149 283 2201 Et
300 2146 517 2202 resurrectionis
542 2147 643 2201 futurae
667 2146 750 2201 nobis
769 2147 952 2213 documenta,

104 2253 164 2291 non
180 2238 275 2292 solum
299 2252 352 2306 per
379 2234 575 2306 propheticam
597 2239 626 2288 et
644 2234 831 2307 apostolicam
847 2234 951 2288 doetri-

104 2341 182 2391 nam,
198 2326 247 2380 sed
263 2324 391 2394 ejusdem
409 2323 554 2393 Unigeniti
569 2323 612 2377 tui
637 2321 838 2392 Redemptoris
862 2322 953 2376 nostri

103 2414 314 2469 resurreetione
331 2413 445 2467 dedisti.
472 2412 507 2466 Ut
518 2412 595 2482 quod
612 2427 663 2483 per
677 2412 831 2483 prophetas
847 2415 889 2465 est
902 2426 952 2464 an·

104 2503 282 2568 nuntiatum,
298 2518 350 2573 per
359 2501 503 2573 apostolos
511 2500 660 2567 traditum,
672 2500 762 2571 ipsius
773 2499 954 2553 resurrectio-

105 2592 149 2646 nis
165 2591 298 2662 exemplo
314 2590 514 2646 sitfirmatum.
533 2591 596 2644 Per.

408 2680 493 2746 Intro
509 2680 650 2732 actionem.

140 2768 219 2822 llanc
239 2767 328 2837 igitur
343 2766 530 2833 oblationem,
547 2782 634 2837 quam
650 2764 702 2820 tibi
719 2781 771 2836 pro
785 2764 884 2836 requie
896 2764 955 2818 ani-

107 2855 407 2911 marumlamulorum
417 2855 651 2926 famularumque
662 2858 779 2909 tuarrrm
795 2851 952 2920 offerimus,

756 252 858 309 stultu
877 251 1199 311 sacusuautoutlu.

964 382 1151 455 alarumque
1180 387 1295 440 tuarum
1332 386 1559 442 misericordiam
1586 389 1711 444 concode
1739 405 1846 462 perpe-

1795 260 1847 315 atu

999 476 1089 540 tuam,
1108 478 1138 527 ut
1151 472 1193 527 eis
1207 474 1335 545 proficiat
1354 476 1383 529 iu
1396 482 1536 530 eternum
1564 478 1642 548 quod
1657 477 1688 533 in
1702 482 1730 533 te
1745 494 1844 550 spera-

1000 566 1140 616 veruntet
1154 561 1347 617 crediderunt.
1365 565 1417 617 Per
1434 565 1597 620 Dominum.

1071 668 1162 722 Lectio
1177 667 1242 721 tibet
1260 668 1440 737 Apocalypsis
1455 670 1489 725 B.
1510 673 1623 727 Joonm's
1637 674 1765 743 apostoli.

1031 755 1067 810 ln
1097 756 1198 811 diebus
1218 756 1285 822 illis,
1315 758 1410 811 audivi
1439 775 1536 813 vocem
1554 760 1588 814 de
1614 761 1844 818 coelodioentem

1002 843 1084 898 mihi.

1058 953 1206 1020 Sequentia
1219 955 1309 1007 saneti
1324 954 1468 1021 Eoorrqetit
1481 955 1626 1009 secuudum
1644 957 1790 1012 Joonuem.

1037 1041 1288 1113 luillotempore,
1305 1043 1377 1097 dixit
1405 1044 1484 1098 lesus
1500 1044 1648 1115 discipulis
1675 1046 1751 1102 suis:
1781 1046 1841 1102 Nisi

1002 1130 1243 1185 manducaveritis
1254 1147 1369 1186 carnem
1386 1132 1449 1186 Filii
1462 1132 1597 1186 bominis.

1321 1238 1408 1306 Super
1419 1237 1527 1291 Obtoto.

1038 1324 1286 1396 His,quaesumus,
1304 1326 1435 1393 Domine,
1456 1327 1583 1398 placatus
1611 1326 1730 1382 intende
1746 1342 1847 1382 mune·

1003 1414 1092 1481 ribus,
1111 1418 1139 1469 et
1157 1414 1235 1485 quod
1256 1414 1291 1469 od
1309 1415 1422 1469 laudem
1438 1416 1481 1470 tui
1506 1416 1634 1471 nominis
1656 1417 1849 1487 supplicantes

1003 1502 1161 1570 offerimus,
1175 1503 1211 1557 ad
1234 1503 1442 1573 indulgentiam
1476 1504 1608 1574 proficiat
1634 1505 1848 1562 defunctorum.

1004 1593 1058 1645 Per
1072 1592 1225 1646 [lominum
1239 1599 1380 1646 nostrum.

1274 1699 1336 1752 Post
1354 1700 1582 1752 communionem.

1040 1786 1198 1858 Supplices,
1214 1801 1388 1857 quesumus,
1403 1786 1533 1850 Domine,
1551 1802 1603 1857 pro
1629 1785 1780 1841 animabus
1804 1788 1849 1842 fa-

1005 1875 1152 1929 mulorum
1171 1874 1402 1945 famularumque
1419 1881 1532 1927 tuarum
1554 1890 1652 1943 preces
1665 1873 1848 1942 effundimus,

1006 1967 1155 2033 sperantes
1175 1966 1207 2016 ut
1235 1963 1375 2034 quidquid
1404 1963 1621 2016 conversatione
1646 1968 1852 2019 contraxerunt

1007 2053 1146 2119 bumana,
1163 2054 1190 2106 et
1205 2052 1363 2106 clementer
1381 2051 1541 2122 indulgeas,
1558 2058 1586 2106 et
1608 2050 1637 2105 in
1654 2057 1771 2107 tuorum
1786 2052 1852 2106 sede

1007 2140 1166 2196 laetantium
1177 2141 1334 2195 constituas
1348 2141 1574 2210 redemptorum.
1588 2141 1650 2194 Per.

1405 2248 1455 2302 CX.

1234 2351 1330 2392 urssn
1354 2351 1386 2390 ru
1411 2348 1633 2391 amassenus.

1045 2442 1225 2512 Deus,cojus
1254 2441 1436 2496 miseratione
1452 2440 1555 2494 anime
1583 2440 1711 2495 lidelium
1738 2440 1853 2511 requie-

1009 2534 1103 2597 scunt,
1118 2529 1234 2584 famulis
1252 2529 1310 2583 tuis
1327 2530 1359 2582 N.
1377 2534 1406 2582 ct
1423 2530 1456 2582 N.
1472 2532 1500 2581 et
1514 2528 1648 2582 omnibus
1663 2527 1708 2582 bic
1723 2528 1753 2582 in
1773 2528 1853 2583 Cbri·

1009 2625 1053 2674 sto
1094 2617 1320 2689 quiescentibus,
1352 2618 1386 2672 de
1415 2616 1558 2687 propitius
1586 2616 1697 2671 reniam
1725 2621 1855 2686 peccato·

1009 2725 1085 2770 rum,
1109 2712 1150 2773 ut,
1180 2723 1196 2760 a
1221 2707 1330 2761 eunctis
1368 2706 1494 2761 reatibus
1535 2704 1667 2768 absoluti,
1701 2704 1762 2759 sine
1797 2705 1854 2759 fine

1009 2797 1152 2851 letentur.

1329 2866 1416 2934 Super
1428 2863 1535 2919 Obtoto.

106 2961 282 3018 quaewmub
311 2945 442 3010 ⁰⁰¹¹¹i¹¹02
477 2944 757 3015 Pl⁰Pffi¹¹³i¹¹l⁰0l02
789 2941 994 3034 0l⁰⁰¹¹⁰²dec
1045 2953 1262 3009 Proanimabus
1278 2951 1454 3006 famulorum
1474 2957 1589 3006 tuorum
1607 2953 1639 3006 N.
1666 2957 1694 3006 et
1709 2953 1742 3006 N.
1762 2957 1791 3005 et
1809 2950 1856 3005 hic

104 3033 424 3105 ¹¹i¹1¹⁰s²¹¹i³llf⁰⁵st¹¹d
453 3033 577 3098 liniam·
595 3032 671 3104 qu⁰d
701 3029 810 3085 Pussssfis
833 3027 953 3083 Viventi·
1009 3043 1143 3098 omnium
1171 3042 1377 3097 catholicorum
1404 3040 1612 3095 dormientium
1638 3040 1775 3105 hostiam,
1813 3041 1855 3094 Do

104 3122 157 3179 bns
183 3137 347 3195 preparare
373 3121 506 3193 dignatus
532 3121 611 3175 esad
638 3120 803 3174 medelam:
834 3117 953 3187 diesque

104 3217 227 3267 nostros.

379 3301 442 3354 Post
454 3299 677 3356 communionem.

139 3387 300 3457 Invenient,
312 3402 490 3459 quesumus,
507 3387 638 3453 bomine,
651 3384 756 3439 anime
779 3383 953 3438 famulorum

104 3479 337 3548 famularumque
351 3481 479 3542 tuarum,
491 3476 679 3546 omniumque
696 3473 725 3527 iu
740 3473 851 3528 Christo
868 3472 952 3543 quie·

104 3568 258 3632 scentiam,
274 3566 347 3620 lucis
358 3569 475 3619 eterne
498 3563 685 3629 consortium,
703 3562 795 3633 quiin
810 3562 864 3616 bac
889 3561 953 3614 luce

104 3657 201 3729 positi,
217 3660 301 3711 tuum
314 3654 459 3709 consecuti
474 3657 541 3707 sunt
556 3655 776 3707 sacramentum.
792 3651 856 3705 Per.

483 3742 573 3799 evut.

378 3847 455 3887 trau
478 3845 553 3886 anm
578 3844 684 3885 urssa.

140 3919 282 3977 Fidelium
309 3920 384 3974 Deus
408 3920 539 3972 omnium
563 3916 696 3972 conditor
726 3919 754 3970 et
778 3914 951 3985 redemptor,

105 4009 256 4066 animabus
270 4008 446 4063 famulorum
460 4006 691 4077 famularumque
706 4013 830 4065 tuarum,
846 4003 955 4072 pemis-

104 4099 216 4154 sionem
242 4101 411 4151 cunctorum
432 4095 527 4149 tribue
548 4097 742 4165 peccatorum,
758 4096 790 4145 ut
803 4091 954 4161 indulgen-

104 4186 173 4243 tiam
190 4201 278 4258 quam
294 4200 410 4255 semper
424 4186 596 4254 optaverunt
613 4180 667 4251 piis
695 4178 954 4251 supplicationibus

104 4278 329 4348 consequantur.
346 4275 400 4328 Per
415 4272 579 4328 Dominum.

471 4361 590 4416 Secreto.

139 4450 262 4518 Hostias,
280 4464 456 4519 quesumus,
475 4447 605 4511 Domine,
619 4461 690 4516 quas
704 4444 758 4498 tibi
772 4459 824 4514 pro
839 4443 953 4497 anima-

106 4539 158 4594 bus
188 4538 363 4593 famulorum
388 4537 620 4606 famularumque
648 4539 764 4588 tuarum
795 4531 942 4586 offerimus

105 4628 281 4699 propitiatus
294 4627 423 4694 intende,
440 4630 471 4679 ul
487 4625 591 4695 quibus
601 4621 849 4677 lideiCbristiane
864 4636 954 4674 merr-

106 4720 168 4770 tum
190 4715 346 4780 contulisti,
371 4714 460 4768 dones
490 4717 518 4767 et
540 4712 703 4783 premium.
726 4712 782 4765 Per
802 4708 955 4764 Dominum

109 4807 252 4858 nostrum.

377 4893 439 4946 Post
458 4890 691 4945 communionem.

141 4980 311 5042 Animabus,
328 4993 501 5052 quesumus,
517 4976 646 5038 Domine,
670 4975 848 5029 famulorum
863 4971 960 5026 famu-

1006 3132 1096 3197 mino,
1120 3130 1231 3201 suscipe
1256 3129 1408 3199 benignus,
1431 3128 1567 3194 oblatam,
1596 3132 1627 3183 ut
1649 3129 1702 3182 boc
1717 3127 1855 3182 sacrificio

1007 3218 1156 3291 singulari,
1187 3218 1309 3273 vinculis
1336 3217 1487 3273 horrende
1516 3216 1617 3272 mortis
1646 3217 1739 3285 exuti,
1768 3216 1855 3270 vitam

1007 3313 1173 3365 mereantur
1187 3313 1334 3363 eternam.
1348 3308 1411 3361 Per.

1313 3396 1548 3462 fasrooettouem.

1043 3488 1119 3541 Hanc
1135 3489 1224 3556 1g1tur
1240 3483 1429 3550 oblationem,
1445 3498 1533 3554 quam
1547 3481 1598 3537 tibi
1616 3479 1773 3547 offerimus,
1799 3481 1858 3535 llo·

1008 3575 1095 3637 mine,
1109 3589 1161 3645 pro
1175 3577 1293 3626 tuorum
1317 3570 1417 3642 requie
1437 3570 1613 3625 famulorum
1636 3574 1665 3623 ct
1684 3568 1857 3623 famularum

1008 3665 1040 3720 N.
1056 3668 1085 3717 et
1113 3663 1145 3716 N.
1171 3666 1199 3715 et
1218 3659 1348 3714 omnium
1372 3659 1500 3714 fidelium
1529 3657 1736 3713 catholicorum
1761 3657 1856 3711 ortho-
1888 3689 1893 3699 ι

1007 3753 1157 3816 donorum,
1179 3750 1209 3803 in
1232 3748 1285 3802 bac
1304 3745 1422 3801 basilica
1442 3746 1470 3800 in
1501 3745 1611 3802 Christo
1636 3745 1856 3816 quiescentium,

1008 3844 1036 3894 et
1057 3840 1107 3910 qui
1130 3835 1297 3892 incircuitu
1319 3833 1542 3904 hujusecclesie
1564 3835 1762 3905 requieseunt,
1783 3849 1858 3903 qne-

1008 3944 1116 3993 sumus,
1131 3924 1263 3988 bomine,
1280 3924 1408 3995 placatus
1436 3920 1568 3993 accipias,
1585 3926 1617 3975 ut
1632 3937 1684 3991 per
1700 3921 1761 3975 hec
1777 3919 1857 3974 salu-

1008 4015 1044 4071 tis
1062 4014 1197 4068 humane
1221 4009 1347 4065 subsidia
1372 4010 1403 4065 in
1417 4014 1534 4065 tuorum
1550 4023 1670 4063 numero
1696 4008 1858 4079 redempto·

1008 4119 1085 4169 rum,
1101 4106 1175 4156 sorte
1185 4102 1326 4172 perpetua
1341 4101 1526 4176 censeantur.
1545 4097 1608 4151 Per.

1276 4208 1344 4261 Post
1359 4205 1589 4259 communionem.

1044 4317 1128 4382 Deos,
1146 4314 1276 4369 fidelium
1291 4313 1391 4366 lumen
1406 4309 1580 4374 animarum,
1598 4308 1695 4363 adesto
1710 4309 1854 4380 supplica-

1006 4404 1134 4459 tionibus
1150 4401 1260 4459 nostris.
1276 4405 1305 4453 et
1327 4399 1363 4453 da
1379 4395 1495 4452 famulis
1517 4397 1561 4450 vel
1576 4396 1739 4450 famulabus
1752 4396 1809 4451 tuis
1824 4398 1856 4452 N.

1008 4496 1037 4547 et
1051 4491 1084 4545 N.
1100 4489 1145 4543 vel
1160 4501 1285 4559 quorum
1308 4501 1430 4555 corpore
1452 4483 1497 4538 bic
1511 4482 1705 4553 requiescunt,
1724 4482 1864 4554 refrigerii

930 4571 953 4630 .'
1008 4579 1116 4643 sedem,
1133 4575 1237 4647 quietis
1250 4572 1470 4636 beatitudinem,
1490 4570 1607 4625 luminis
1622 4571 1796 4626 claritatem.
1810 4572 1865 4626 Per

1011 4666 1176 4722 Dominum.

1406 4745 1473 4800 Clll.

1014 4877 1089 4916 urssa
1108 4874 1158 4913 rno
1177 4871 1275 4910 sanum
1288 4869 1425 4919 vrvonou,
1446 4869 1498 4907 aaa
1516 4867 1544 4906 ru
1560 4866 1674 4907 saeuos
1687 4865 1866 4906 uonroouou.

1049 4966 1217 5020 Sanctorum
1242 4965 1359 5014 tuorum
1388 4956 1650 5024 intercessionibus,
1681 4972 1866 5027 quesumus,

108 5085 233 5143 rumque
259 5075 373 5125 tuarum
399 5068 490 5123 oratio
516 5065 647 5136 proficiat
669 5061 904 5134 supplicantium,
930 5063 963 5112 ut
1017 5054 1150 5119 bomine,
1166 5056 1259 5105 etuos
1274 5053 1403 5120 protege.
1419 5050 1448 5101 et
1462 5045 1577 5101 famulis
1590 5050 1616 5099 et
1628 5045 1790 5099 famulabus
1800 5044 1867 5118 tuis,

109 5164 200 5214 sect
227 5159 379 5230 apeccalis
400 5173 497 5220 eruas,
526 5159 555 5209 et
577 5157 634 5207 tue
650 5149 860 5221 redempsiouis
874 5147 962 5204 facias
1017 5157 1140 5213 quorum
1165 5136 1473 5192 commemorationem
1505 5133 1627 5201 agimus,
1665 5133 1708 5186 vel
1745 5146 1869 5203 quorum

109 5261 169 5301 esse
183 5245 350 5318 participes.
368 5246 431 5299 Per.
507 5328 528 5384 C

530 5329 571 5383 tx.

383 5434 461 5474 lus!
487 5433 562 5474 salt
586 5430 694 5472 NISSA.

146 5507 314 5573 animabus,
332 5522 508 5578 quaesumus,
526 5505 659 5569 Domine,
678 5503 852 5558 famulorum
869 5500 964 5554 famu-

1017 5229 1213 5298 eleemosynas
1229 5224 1399 5295 recepimus,
1418 5239 1467 5276 seu
1497 5221 1584 5275 etiam
1598 5219 1643 5273 bis
1658 5219 1709 5290 qui
1724 5219 1805 5273 nobis
1833 5218 1871 5272 fa·

1017 5317 1184 5373 miliaritate
1206 5314 1300 5386 juncti
1314 5315 1378 5367 sunt
1409 5307 1636 5363 misericordiam
1659 5313 1738 5361 luam
1762 5306 1872 5380 nbiqsre

1018 5404 1176 5478 pretende,
1204 5407 1244 5464 ut,
1260 5401 1296 5456 ab
1316 5396 1453 5454 omnibus
1467 5394 1736 5466 impugnationibus
1751 5394 1870 5462 defensi,

1019 5502 1069 5549 trra
1083 5493 1194 5563 opitula
1207 5491 1274 5544 ione
1294 5490 1446 5549 -alventur,
1463 5487 1491 5537 et
1507 5484 1618 5537 animas
1638 5481 1815 5537 famulorum
1829 5481 1871 5534 fa-
