3930 6098
515 269 761 329 necaremus
783 272 849 328 ena
868 270 964 328 ιιιιιι
986 271 1228 331 pannosiora.
1683 263 1751 334 voro

86 405 224 476 atqueita
238 404 451 476 praedestinatio
464 406 593 460 omnium
610 408 767 462 electorum
789 408 849 473 Dei,
870 408 1082 480 OEvangelio:
1105 429 1119 461 a
1143 411 1214 466 Cum
1237 409 1328 477 lortis,
1352 411 1456 482 inquit,
1479 417 1605 468 armatus
1629 416 1752 471 custodit

87 509 120 547 ns
137 499 246 547 aeterna
261 493 445 563 dispositione
459 500 534 548 esset
550 497 751 565 praeordinata,
771 501 803 550 ut
817 513 849 550 ει
905 497 1120 564 atriumsuum,
1144 499 1174 551 in
1201 504 1351 569 paccsunt
1377 516 1411 553 ea
1439 516 1503 570 quea
1533 502 1678 572 possidet;
1707 504 1751 558 sin
1843 565 1848 580 1

94 588 211 637 aeternae
233 580 427 636 damnationis
449 585 675 638 transterrentur
695 585 724 638 in
743 589 850 639 sortem
905 590 1000 640 autem
1017 585 1116 640 lortior
1128 586 1176 640 illo
1192 588 1394 658 superveniens
1408 588 1509 643 vicerit
1525 605 1603 657 enm,
1620 592 1752 647 universa

85 686 118 725 ιεε
131 670 231 724 salutis
246 673 275 724 et
296 669 494 724 liberationis:
513 677 544 724 ut
565 676 593 725 et
608 671 647 725 ibi
661 672 750 726 fuerit
764 673 850 727 etiam
904 687 983 726 arma
1007 674 1078 744 ejus,
1103 673 1133 728 in
1158 675 1263 745 quibus
1285 675 1455 745 conlidebat,
1480 678 1580 744 anlert,
1607 683 1634 732 et
1658 678 1752 750 spolia

96 759 151 813 ista
176 775 242 813 vere
266 758 413 813 communi
433 759 573 814 sententia
598 760 798 828 condemnata,
822 766 850 816 et
904 760 965 831 ejus
988 760 1134 817 distribuit
1158 765 1233 828 (Luc.
1259 779 1296 830 ιιι,
1317 766 1363 828 al,
1388 766 1444 833 22).
1472 786 1486 813 ι
1509 767 1542 819 Et
1568 767 1625 819 alio
1659 767 1748 822 loco:

89 863 137 902 ere
160 848 219 902 sola
242 847 292 902 Dei
314 848 407 918 gratia
436 848 571 918 liberata;
605 854 742 919 tantoque
770 850 851 905 tieret
907 849 1016 903 «Nunc
1035 849 1177 919 judicium
1203 855 1245 905 est
1272 852 1383 919 mundi,
1410 868 1486 907 nnnc
1508 853 1640 924 princeps
1664 855 1751 925 hujus

85 951 113 990 ιι
141 943 170 991 ει
197 936 324 991 devotior
352 935 495 999 liberanti,
528 943 637 1008 quanto
666 954 695 992 se
722 939 851 1008 agnoscit
904 936 1005 990 mundi
1030 938 1159 1008 ejicietur
1186 938 1272 992 iores.
1292 940 1324 993 Et
1347 955 1400 1009 ego
1429 939 1452 995 si
1477 941 1708 997 exaltatusinero
1734 959 1751 998 a

85 1039 177 1078 avere
190 1024 344 1079 obnoxiam
358 1024 445 1079 inisse
460 1028 573 1080 aterum
589 1025 777 1081 damnationi.
904 1030 991 1092 terra,
1008 1026 1106 1080 omnia
1120 1026 1232 1081 traham
1247 1027 1281 1081 ad
1297 1043 1342 1081 me
1353 1027 1442 1098 (ioca.
1459 1045 1506 1095 vn,
1523 1033 1566 1098 ιι,
1584 1030 1639 1103 32).
1658 1053 1672 1080 »

85 1127 118 1166 nc
146 1127 270 1183 namque
301 1113 458 1167 electorum
484 1114 701 1169 translationem
730 1131 746 1169 ε
774 1120 850 1170 sorte
941 1113 1019 1168 Unde
1033 1120 1173 1185 quantum
1189 1115 1246 1169 beo
1266 1115 1423 1170 auxiliante
1438 1116 1635 1189 intelligimus,
1653 1120 1750 1175 nulla-

101 1199 296 1256 damnationis
314 1200 344 1254 iu
359 1206 465 1255 sortem
489 1200 668 1256 liberationis
687 1201 851 1257 sublimiter
904 1204 988 1255 tenus
1005 1206 1119 1272 oportet
1143 1202 1217 1257 hanc
1236 1203 1389 1259 novitatem
1417 1205 1565 1259 divisionis
1589 1206 1697 1277 induci,
1720 1212 1753 1263 ut

85 1288 236 1343 entissime
249 1288 432 1344 commendat
446 1290 602 1360 Apostolus
617 1290 749 1345 fidelibus
764 1307 850 1362 agno·
904 1288 954 1342 illa
969 1288 1057 1344 totius
1072 1289 1194 1345 hnmani
1217 1291 1330 1363 generis
1356 1307 1449 1346 massa
1469 1291 1553 1364 (sicut
1574 1309 1674 1348 omnes
1700 1295 1752 1350 do·

85 1378 148 1442 lam,
164 1381 269 1430 etcum
293 1375 374 1430 omni
400 1376 560 1446 gratiarum
582 1377 694 1433 actione
717 1379 848 1433 recolen-
905 1379 997 1430 ctores
1011 1376 1144 1432 Ecclesiae
1161 1378 1300 1446 sentiunt,
1322 1383 1410 1433 lotam
1428 1380 1513 1450 primi
1536 1385 1565 1435 et
1586 1397 1638 1452 per
1663 1382 1752 1452 primi

95 1464 134 1519 ita
150 1464 246 1519 dicens
262 1481 269 1518 ε
287 1486 301 1513 o
326 1465 435 1519 Gratias
450 1471 567 1537 agentes
584 1468 685 1521 Decet
709 1467 784 1521 Patri
799 1466 849 1538 qui
904 1463 1029 1518 hominis
1043 1467 1317 1536 transgresstionem
1331 1468 1473 1537 punitam)
1490 1484 1566 1523 nunc
1582 1486 1597 1523 a
1617 1471 1700 1524 nobis
1719 1486 1751 1524 ex
1819 1512 1830 1528 t

85 1569 105 1606 vs
115 1568 166 1606 nos
182 1551 249 1606 lecit
263 1552 292 1632 in
308 1555 390 1623 parte
405 1553 487 1607 sortis
501 1558 664 1609 sanctorum
683 1552 713 1609 in
727 1553 847 1609 lumine.
904 1556 985 1622 parte
997 1550 1110 1607 dicatur
1124 1552 1258 1607 damnata
1274 1559 1303 1608 at
1317 1570 1350 1608 ex
1366 1561 1445 1624 parte
1460 1571 1520 1609 non
1540 1556 1676 1611 damnata
1695 1573 1703 1611 ι
1718 1573 1751 1612 ex

84 1640 172 1711 ripuit
189 1656 240 1694 nos
253 1641 287 1695 de
304 1645 443 1711 potestate
453 1642 650 1710 tenebrarum,
668 1646 695 1696 ct
704 1642 849 1698 transtulit
905 1643 985 1710 parte
999 1646 1106 1695 aeterno
1122 1641 1251 1696 interitui
1267 1642 1419 1710 destinata,
1435 1648 1462 1698 et
1477 1659 1509 1697 ει
1529 1649 1609 1713 ρειιε
1626 1661 1684 1699 ιιοιι
1699 1647 1752 1700 (ιε-

85 1743 170 1800 gnum
186 1728 250 1783 Filii
264 1728 426 1784 dilectionis
442 1746 501 1784 suae
517 1731 584 1801 (Col.
601 1748 620 1797 1,
646 1733 687 1799 12,
703 1732 749 1798 13)
765 1747 772 1786 ε
790 1753 804 1781 »
820 1737 849 1786 et
904 1726 1017 1783 stinata.
1034 1730 1092 1783 iloc
1107 1746 1230 1801 namque
1245 1730 1329 1786 modo
1346 1731 1376 1785 in
1390 1731 1487 1786 electis
1506 1732 1587 1787 illam
1609 1734 1752 1804 quodam-

100 1816 173 1872 iram
197 1821 312 1873 aeternae
336 1818 469 1872 vindictae
500 1819 759 1887 sedamnationis,
785 1837 849 1891 quae
904 1817 991 1871 modo
1006 1816 1140 1888 levigare,
1158 1823 1244 1890 atque
1268 1824 1423 1874 extenuare
1436 1819 1560 1890 primam
1586 1827 1615 1875 et
1636 1837 1753 1893 genera-

95 1904 139 1958 illi
154 1921 254 1960 massae
269 1906 419 1976 aqualiter
433 1906 602 1974 debebatur,
614 1907 712 1962 fideles
726 1924 779 1980 per
794 1910 849 1962 Do·
905 1905 961 1959 lem
978 1905 1205 1976 damnationem,
1222 1907 1294 1962 nihil
1306 1912 1348 1962 est
1362 1908 1441 1962 aliud
1455 1909 1656 1979 quamdivinae
1667 1910 1751 1965 boni·

97 1993 201 2049 Christi
223 1994 385 2064 passionem
406 1999 435 2050 et
458 2000 580 2050 mortam
603 1997 735 2052 evasisse.
759 1997 850 2062 Quam
905 1992 972 2047 tatis
987 2000 1015 2048 et
1030 1994 1233 2049 misericordia
1248 2010 1315 2066 erga
1336 2011 1384 2050 eos
1406 1996 1636 2066 magnitudinem
1657 1998 1751 2051 mino-

85 2096 105 2136 ιε
128 2097 186 2136 ιιοιι
218 2081 355 2135 ιειεειιει
379 2082 500 2136 ειεειεεε
532 2083 705 2150 dicerentur,
736 2085 792 2139 nisi
824 2085 850 2140 ci
905 2098 968 2139 rare
997 2087 1026 2137 et
1061 2087 1269 2152 coangustare:
1300 2084 1531 2156 necquidquam
1568 2085 1752 2156 omnipotens

85 2187 91 2224 ι
119 2171 258 2225 veraciter
270 2170 388 2225 obnoxii
417 2171 601 2240 exstitissent,
630 2173 670 2228 ita
691 2174 852 2245 gratulatur
905 2177 1005 2225 contra
1030 2170 1312 2242 praedestinationem
1341 2188 1432 2241 suam,
1468 2189 1525 2243 qua
1552 2177 1641 2227 totam
1671 2173 1751 2228 illam

85 2275 91 2312 ι
112 2259 295 2313 commendat
321 2258 441 2313 dicens:
470 2259 529 2314 «si
551 2260 638 2327 enim,
656 2277 720 2316 cum
740 2261 851 2316 inimici
904 2274 998 2313 massa
1015 2259 1094 2330 justa
1113 2259 1296 2314 damnatione
1318 2259 1412 2331 perire
1429 2261 1538 2329 statuit,
1560 2262 1664 2316 electos
1685 2276 1753 2316 suos

85 2361 141 2411 ms,
167 2346 344 2401 reconciliati
364 2363 464 2401 sarnus
488 2348 546 2403 Deo
567 2365 620 2418 per
638 2354 761 2404 mortem
787 2350 851 2404 Filii
905 2347 971 2401 inde
996 2347 1131 2402 salvando
1151 2348 1241 2403 fecit:
1267 2348 1336 2419 quia
1358 2348 1398 2403 sic
1422 2349 1494 2404 illud
1522 2350 1623 2405 statuit
1648 2350 1752 2405 merito

107 2436 197 2490 multo
226 2436 318 2507 magis
341 2452 418 2490 nnnc
446 2437 621 2492 reconciliati
650 2438 681 2491 in
710 2439 851 2510 sanguina
904 2436 1008 2505 calpae,
1025 2435 1362 2505 etseveritatejnstitiae,
1380 2442 1411 2491 ut
1433 2438 1530 2491 etboc
1554 2437 1608 2492 sibi
1632 2438 1753 2494 serviret

85 2539 95 2576 s
114 2524 186 2578 salvi
201 2523 308 2578 ειιιιιεε
324 2525 359 2579 ab
378 2524 421 2578 ira
436 2541 488 2595 ρει·
503 2525 595 2595 ipsum
613 2526 700 2596 (Rom.
717 2543 744 2594 v,
767 2527 820 2599 so).
835 2549 850 2578 ι)
904 2524 1033 2578 bonitate
1057 2523 1277 2591 misericordias,
1295 2529 1322 2578 el
1345 2547 1356 2573 ι
1378 2524 1507 2592 haberet,
1526 2526 1609 2596 juxta
1629 2529 1752 2598 Aposto-

85 2627 174 2667 rum:
195 2634 206 2662 ι
225 2612 366 2677 Quoniam
383 2629 440 2667 non
454 2614 549 2684 posuit
564 2630 616 2667 nos
632 2616 705 2669 Deos
721 2615 849 2685 inirem,
906 2613 966 2667 lum
981 2616 1152 2684 potestatem
1167 2611 1273 2682 figulus
1290 2612 1341 2666 luti
1367 2629 1399 2666 ex
1415 2613 1514 2668 eadem
1529 2630 1622 2668 massa
1636 2631 1651 2668 ε
1667 2613 1753 2669 simul

85 2716 101 2755 n
119 2700 336 2772 acquisitionem
358 2701 458 2756 salutis
479 2718 531 2773 per
548 2702 702 2757 llominum
719 2709 851 2760 nostrum
906 2707 935 2756 et
947 2705 1006 2756 tota
1018 2701 1179 2759 damnata«
1199 2701 1291 2773 faeere
1306 2701 1385 2756 aliud
1400 2718 1449 2756 vas
1463 2702 1492 2756 in
1513 2701 1654 2758 honorem
1673 2723 1684 2753 ι
1701 2718 1755 2774 ρει

85 2803 110 2856 n,
125 2788 176 2860 qui
196 2793 327 2843 mortuos
340 2794 382 2843 est
394 2805 446 2859 pro
462 2789 554 2856 nohis,
565 2797 598 2845 ut
614 2791 672 2844 sive
688 2791 850 2863 vigilamus,
906 2788 1131 2844 misericordiam
1146 2804 1238 2856 suam,
1256 2810 1270 2839 «
1287 2790 1404 2846 etaliud
1418 2790 1447 2843 in
1458 2791 1662 2846 contumeliam
1675 2814 1687 2842 ι
1701 2806 1754 2863 ρει

85 2877 268 2943 ιοιιιιιειιιιιε,
292 2877 377 2932 ειιιιιιι
399 2895 464 2932 cum
483 2878 536 2933 illo
556 2879 685 2935 vivamus
707 2879 731 2952 (ι
757 2882 849 2936 Thess.
903 2875 1044 2947 justitium
1061 2891 1142 2930 suam
1159 2877 1250 2942 (Rom.
1272 2877 1325 2947 1¹l3
1350 2880 1437 2948 atque
1459 2877 1499 2931 ita
1523 2878 1636 2946 fierent,
1652 2883 1684 2933 ut
1708 2879 1752 2935 di-

103 2966 183 3034 tol.»
212 2966 244 3020 lit
266 2965 418 3020 alioloco:
439 2966 503 3021 «Et
528 2967 674 3039 quomodo
703 2966 850 3036 conversi,
871 2971 986 3029 cetum
1010 2968 1062 3030 est,
1087 2983 1101 3011 o
1123 2963 1163 3018 Ex
1180 2979 1237 3017 una
1261 2968 1347 3035 atque
1371 2963 1470 3018 eadem
1494 2981 1586 3019 massa
1609 2967 1663 3020 alia
1685 2982 1753 3022 rasa

86 3068 103 3107 a
118 3053 279 3108 simulacris
294 3054 400 3109 servire
416 3055 473 3131 Deo
490 3055 553 3109 vivo
569 3060 598 3110 et
611 3071 687 3120 vero,
709 3061 738 3110 et
750 3071 850 3126 exspe-
906 3052 966 3119 irae,
977 3056 1007 3106 et
1017 3051 1073 3104 alia
1087 3066 1154 3105 vasa
1169 3051 1372 3107 misericordiae
1386 3067 1393 3106 ι
1407 3052 1456 3107 illa
1476 3053 1601 3124 perlecta
1624 3056 1655 3109 in
1676 3056 1751 3110 inte-

103 3140 206 3196 Filium
231 3142 293 3212 ejus
316 3143 351 3197 de
375 3142 453 3198 coetis
474 3144 582 3210 lesum,
607 3143 657 3214 qui
673 3143 779 3214 eripuit
800 3159 852 3199 nos
905 3141 1003 3206 ritum,
1020 3142 1074 3194 ista
1089 3139 1120 3194 in
1135 3140 1256 3210 gloriam
1268 3145 1431 3211 praeparata
1443 3141 1536 3212 (ibid.)
1553 3164 1567 3192 »
1592 3149 1625 3197 ut
1645 3144 1676 3198 in
1690 3144 1752 3215 eJ‘ns

85 3230 273 3300 ercamrai!
298 3231 420 3298 Theseu,
432 3234 457 3297 9,
485 3233 517 3286 to
534 3252 559 3286 ».
585 3231 646 3286 Hoc
665 3232 752 3287 etiam
774 3233 850 3288 Psal-
905 3228 1039 3284 laudibus
1054 3228 1141 3299 digne
1161 3234 1189 3283 ει
1211 3231 1348 3284 ιειεειιει
1370 3230 1534 3286 diceretur:
1556 3252 1566 3280 ι
1591 3230 1752 3288 Misericor-

85 3335 91 3372 ι
113 3334 163 3390 ρει
184 3321 338 3374 adventum
355 3319 470 3375 Domini
483 3319 636 3375 salvatoris
660 3321 852 3392 futurum„id
905 3316 983 3372 diam
998 3321 1027 3370 et
1038 3315 1180 3386 judicium
1191 3317 1312 3372 cantabo
1325 3317 1388 3385 tibi,
1405 3318 1526 3373 Domina
1541 3321 1625 3389 (Prot.
1639 3336 1663 3385 c,
1681 3321 1705 3389 ll
1717 3336 1724 3376 :
1735 3341 1750 3371 s

85 3407 213 3479 ntiquom
237 3409 315 3463 illam
339 3408 413 3463 iram
429 3407 481 3463 Dei
509 3408 677 3465 omnimodo
698 3409 729 3464 in
754 3409 852 3465 electis
905 3409 934 3459 at
956 3426 971 3454 o
993 3405 1134 3459 nniversae
1158 3405 1212 3459 viae
1234 3406 1348 3461 homini
1371 3406 1569 3463 misericordia
1593 3413 1622 3463 ει
1645 3409 1751 3465 ιειιιεε

85 3496 194 3562 andam
222 3501 309 3569 atque
333 3497 527 3565 avertendam,
552 3498 635 3569 quasi
656 3499 716 3568 Jam
743 3499 850 3554 iactum
905 3491 989 3565 (Paul.
1014 3509 1089 3561 xxiv,
1107 3494 1160 3563 ¹0l·
1175 3515 1188 3545 a
1206 3493 1297 3558 Quam
1325 3511 1388 3550 rem
1408 3495 1628 3567 diligentissime
1644 3498 1750 3554 athre-

96 3588 125 3640 at
138 3585 261 3639 exsultat
274 3585 390 3640 dicens:
407 3585 577 3641 ‹Remisisti
594 3585 777 3658 iniquitatem
789 3588 851 3658 pla·
904 3583 976 3637 viter
992 3582 1049 3637 alio
1063 3583 1126 3637 loco
1147 3583 1301 3652 Apostolus
1320 3585 1504 3641 commendat
1523 3585 1641 3641 dicens:
1657 3585 1750 3643 «Era-

86 3689 141 3740 uoe,
159 3674 299 3744 operuisti
323 3674 421 3729 omnia
439 3679 554 3745 peccata
571 3691 688 3741 eorum;
713 3673 852 3745 mitigasti
905 3687 969 3726 mus
983 3676 1086 3725 natura
1101 3670 1153 3725 lilii
1167 3671 1227 3738 irm,
1254 3671 1326 3726 sicut
1340 3673 1436 3727 caeteri
1454 3690 1461 3727 :
1482 3675 1557 3729 Deus
1576 3679 1684 3743 autem,
1698 3676 1749 3746 qui

85 3777 121 3816 tm
133 3761 206 3817 iram
221 3767 311 3832 tuam,
328 3764 453 3818 avertisti
468 3765 504 3819 ab
518 3765 561 3818 ira
576 3764 784 3835 indignationis
795 3769 851 3819 tuoe
905 3759 983 3814 dives
997 3764 1041 3813 est
1055 3759 1085 3813 in
1101 3759 1296 3813 misericordia
1310 3764 1428 3830 propter
1446 3760 1566 3817 nimiam
1580 3762 1749 3818 charitatem

85 3891 90 3903 .
117 3866 225 3920 ιιιιιι,
256 3853 281 3919 3,
312 3852 347 3918 ι).
365 3873 379 3901 »
408 3852 437 3907 si
460 3852 537 3906 enirn
562 3867 629 3906 vere
656 3868 714 3906 non
733 3852 852 3906 fuerunt
905 3862 996 3910 suam,
1017 3863 1074 3918 qna
1088 3847 1185 3902 dilexit
1206 3862 1268 3912 nos,
1286 3852 1314 3901 et
1330 3863 1395 3902 cum
1408 3864 1535 3905 essemus
1556 3850 1661 3905 mortui
1679 3864 1750 3921 pcc-

85 3952 106 3992 ιε
125 3939 217 4008 ειεειι,
240 3943 267 3992 ει
282 3939 476 4009 predestinati
497 3940 634 3995 advitam
660 3940 689 3994 in
713 3955 770 3994 una
786 3956 850 3995 cum
906 3935 985 4005 eatis,
999 3934 1208 3990 conviviticavit
1229 3951 1282 3989 nos
1297 3936 1408 3992 Christo
1432 3937 1513 4008 (lipia.
1530 3955 1559 4006 ιι,
1581 3942 1606 4006 3,
1622 3939 1649 4007 ι,
1664 3942 1701 4006 5).
1734 3956 1749 3993 a

85 4023 119 4079 ris
134 4041 227 4080 massa
238 4027 431 4082 damnationis
444 4034 473 4083 et
485 4028 667 4099 perditionis,
691 4028 769 4084 unde
784 4043 852 4099 ergo
906 4024 988 4080 Certe
998 4025 1051 4078 hoc
1064 4039 1096 4078 ει
1118 4039 1240 4094 ρειεοιιε
1264 4040 1315 4077 sua
1330 4028 1359 4078 et
1381 4030 1549 4079 ceterorum
1564 4026 1693 4081 fidelium
1707 4031 1751 4082 at·

87 4115 170 4169 electi
189 4119 218 4169 et
242 4114 367 4181 discreti,
385 4116 460 4170 unda
486 4117 637 4188 redempti,
656 4118 730 4172 unde
753 4116 853 4172 salvati
906 4129 962 4184 que
984 4113 1140 4167 electorum
1154 4112 1292 4184 loquitur,
1318 4117 1345 4167 ct
1361 4118 1456 4167 tamen
1480 4118 1509 4168 et
1529 4129 1559 4170 se
1583 4119 1612 4169 at
1633 4121 1752 4170 caeteros

85 4203 184 4258 serati?
204 4204 260 4258 Car
283 4205 345 4274 ipsa
366 4205 472 4258 Veritas
496 4206 530 4260 de
557 4205 599 4259 eis
622 4205 714 4261 dicit:
742 4205 854 4260 «Venit
908 4200 977 4255 vitio
993 4201 1134 4256 damnatae
1149 4215 1183 4254 ει
1200 4200 1290 4254 Adam
1306 4200 1500 4270 generationis
1519 4206 1639 4257 testatur
1654 4203 1751 4272 luisse,

102 4291 188 4345 Filius
199 4292 326 4347 hominis
339 4308 478 4362 quaerere,
490 4298 518 4346 et
537 4294 645 4348 salvum
667 4294 760 4348 lacera
775 4294 853 4364 quod
873 4277 894 4332 Ι)
909 4293 1062 4360 antequam
1076 4303 1128 4360 per
1149 4287 1253 4343 Christi
1277 4287 1400 4357 gratiam
1420 4288 1620 4357 liberarentur,
1635 4296 1754 4346 natura·

85 4384 133 4433 irat
146 4380 221 4451 (bac.
240 4396 294 4448 ιιι,
313 4381 391 4450 10).»
414 4381 483 4436 Cum
503 4381 563 4452 ipse
588 4382 740 4453 Apostolus
762 4381 854 4436 mani·
908 4376 974 4431 liter
993 4375 1067 4430 lilios
1082 4377 1143 4431 ιιιε.
1164 4376 1245 4441 Quod
1268 4376 1338 4447 qnid
1362 4387 1405 4431 εει
1429 4377 1517 4446 alind,
1543 4394 1631 4449 quam
1660 4395 1755 4449 evase

85 4467 159 4522 ‚sime
173 4469 226 4522 hoc
248 4469 335 4523 etiam
351 4469 380 4523 in
396 4470 513 4524 Actibus
538 4471 735 4540 apostolorum
759 4485 855 4525 coram
908 4464 969 4531 irae,
986 4484 1001 4517 ιι
1016 4479 1082 4519 vasa
1105 4464 1248 4531 lindiam,
1272 4481 1338 4519 vasa
1354 4465 1546 4520 (ieiunationis
1569 4467 1705 4525 aeternae?
1720 4469 1755 4524 Ei

85 4598 87 4614 ‚
104 4560 132 4610 et
144 4556 325 4628 principibus
340 4557 429 4612 libere
441 4557 543 4613 Christi
561 4559 731 4630 mysterium
748 4559 854 4629 praedi·
909 4553 963 4606 hoc
975 4567 1035 4606 non
1051 4551 1144 4619 aliter,
1162 4553 1210 4607 sed
1229 4573 1242 4600 v<
1257 4553 1331 4607 sicut
1358 4557 1386 4607 ει
1408 4554 1514 4622 crateri,
1534 4576 1545 4604 v
1562 4556 1626 4626 pari
1648 4557 1756 4612 scilicet

94 4647 244 4699 attestetur
267 4652 297 4700 et
315 4646 448 4712 declaret,
464 4647 592 4702 reterens
616 4647 740 4718 qualiter
759 4646 813 4701 sibi
840 4663 857 4702 a
908 4643 1000 4708 reatu,
1024 4639 1087 4712 pari
1106 4640 1279 4708 conditione,
1303 4641 1366 4712 pari
1392 4645 1543 4698 sententioe
1560 4644 1753 4713 damnatione,

84 4730 132 4787 ino
142 4733 250 4788 dietum
266 4734 303 4788 sit
317 4734 452 4806 inprime
468 4735 565 4791 statim
579 4735 728 4790 vocatione
742 4741 771 4789 et
792 4750 858 4790 con·
910 4745 976 4800 quae
990 4730 1088 4800 procul
1103 4728 1190 4784 dubio
1206 4729 1248 4783 eis
1259 4744 1325 4783 cum
1336 4731 1446 4785 crateris
1455 4733 1589 4787 omnibus
1603 4738 1663 4787 erat
1677 4749 1754 4788 com·

85 4834 216 4876 onesua,
241 4823 428 4895 Aitnamque
452 4824 686 4879 itasibicoelitus
705 4823 789 4879 abeo
813 4823 857 4878 di·
911 4817 1017 4872 munis.
1040 4818 1076 4871 Ex
1099 4832 1157 4888 qua
1186 4833 1214 4870 se
1243 4823 1272 4871 ει
1303 4817 1367 4872 illos
1391 4824 1488 4889 aperte
1517 4821 1598 4875 docet
1622 4819 1757 4875 liberatos

85 4910 197 4965 1:«Ad
219 4911 272 4966 hoc
288 4912 365 4966 enim
381 4911 502 4984 apparui
521 4911 585 4979 tihi,
602 4916 633 4965 ut
647 4910 858 4965 consumamto
913 4921 998 4977 aper
1012 4905 1125 4960 divitias
1143 4904 1347 4961 misericordiae
1372 4908 1421 4961 Dei
1439 4913 1468 4961 et
1485 4907 1604 4962 nimiam
1634 4909 1756 4965 charita·

85 5001 185 5063 strum,
201 5003 230 5053 et
244 5003 344 5054 testem
362 5015 462 5053 eorum
473 5014 535 5069 quae
545 4998 652 5065 vidisti,
669 5003 696 5053 et
711 4998 859 5070 inquibus
911 4998 970 5050 tem
984 4994 1046 5064 ejus
1059 4994 1082 5044 ι’
1092 5009 1149 5064 qna
1165 4993 1252 5049 etiam
1267 4995 1372 5050 talibus
1388 4996 1531 5063 subvenit,
1549 5000 1578 5051 et
1593 4997 1664 5052 tales
1689 4997 1758 5053 dili-

85 5084 156 5141 .rebo
185 5087 238 5142 tibi
255 5088 401 5159 :eripiens
412 5092 439 5141 te
454 5087 488 5142 de
500 5086 606 5157 populo
621 5091 649 5141 et
668 5087 812 5158 gentibus,
829 5087 860 5141 in
912 5099 980 5155 gare
995 5083 1129 5152 dignatus
1154 5086 1205 5147 est,
1225 5087 1256 5136 ut
1282 5089 1413 5138 mortuos
1436 5090 1553 5154 peccato
1579 5099 1638 5140 non
1664 5086 1758 5142 solum

85 5189 119 5228 us
135 5190 211 5230 nunc
228 5192 282 5247 ego
298 5176 432 5244 mittete,
450 5175 563 5247 aperire
578 5176 675 5230 oculos
695 5191 806 5242 eorum,
829 5179 861 5229 ut
913 5170 1078 5237 vivificaret,
1093 5170 1143 5225 sed
1158 5171 1245 5226 etiarn
1257 5188 1320 5226 earn
1330 5173 1540 5227 convivificaret
1555 5174 1677 5238 Christo,
1693 5189 1759 5229 cnm

86 5267 218 5318 ertantur
237 5281 253 5318 a
272 5265 398 5319 tenebris
424 5265 458 5318 ad
484 5264 587 5330 lucem,
613 5269 642 5318 et
665 5263 699 5318 de
721 5267 860 5334 potestate
914 5259 975 5331 ipso
995 5275 1044 5314 eos
1065 5275 1081 5313 a
1106 5260 1229 5314 mortuis
1257 5260 1478 5328 ressuscitando,
1507 5266 1535 5317 et
1559 5264 1594 5318 ad
1613 5263 1760 5318 dexteram

85 5366 125 5405 nae
140 5352 173 5406 ad
191 5353 292 5419 ileum,
304 5358 336 5407 ut
347 5352 491 5423 accipiant
504 5351 704 5406 remissionem
728 5355 860 5422 peccato·
914 5363 995 5402 suam
1010 5348 1041 5403 in
1052 5348 1215 5412 coelestibus
1229 5348 1441 5403 constituendo.

85 5479 90 5505 ,
106 5443 136 5494 et
154 5446 259 5495 sortem
274 5441 349 5495 inter
367 5445 492 5510 sanctos,
515 5456 568 5510 per
590 5440 679 5494 fidem
698 5455 760 5510 quae
775 5437 862 5493 estin
951 5438 1008 5492 Hoc
1024 5437 1111 5492 etiam
1127 5436 1183 5491 alio
1202 5437 1262 5491 loco
1283 5436 1456 5504 sublimiter,
1472 5442 1500 5492 et
1514 5438 1601 5492 nimis
1615 5440 1763 5510 granditer

88 5527 160 5594 (Act.
190 5544 263 5597 xxvi,
294 5532 337 5598 lli,
362 5533 403 5585 lt.
430 5529 485 5599 l8).
512 5528 575 5583 »Et
597 5526 807 5598 dominusipse
832 5526 862 5580 in
915 5524 1262 5582 commendotdicensde
1284 5524 1482 5596 ipsehomino
1504 5527 1690 5584 etSalvatore
1712 5546 1764 5585 no·
