3930 6098
488 296 713 356 nonotouwtt
733 297 802 354 PER
821 296 869 354 xu
888 295 1045 354 transtuli
1067 296 1231 354 cunctus.
1681 298 1733 354 6³4

83 440 158 498 olvit
171 441 323 506 Februnm,
341 437 529 494 undecimum
544 437 618 508 regit
633 436 694 508 ipsa
712 437 831 491 Novem·
848 441 872 493 A
889 437 1003 493 Umbris
1015 437 1075 509 ipsa
1093 437 1190 492 decem
1205 437 1268 509 tigit
1278 437 1362 492 simul
1376 441 1462 510 atque
1474 453 1612 492 novenos.

717 526 828 600 [bremt
885 527 994 583 Rursus
1009 532 1038 581 et
1053 526 1119 581 hinc
1134 526 1260 582 Geminis
1275 527 1333 581 sole
1350 530 1494 581 crescente
1509 525 1624 599 iugatis,

83 634 102 673 is
114 617 288 674 0ctimbrem
303 615 396 687 spatio
411 615 465 671 sibi
480 617 569 670 nectit
584 616 704 671 eodem:
884 617 1000 687 Septem
1016 621 1118 688 quarta
1133 615 1219 686 pedes
1234 614 1338 669 retinet
1354 631 1489 669 mensura
1501 615 1667 688 decemque.

83 706 234 778 leptimbre
250 706 300 759 libi
316 705 346 759 in
361 706 494 777 sphaeran
511 705 657 760 concurrit
669 705 793 777 Aprilis:
885 705 943 760 Hae
958 703 1044 759 etiarn
1059 703 1135 759 binis
1151 704 1253 759 umbra
1270 703 1397 774 fugiente
1416 704 1524 771 recisis,

82 799 146 850 tum
158 793 247 848 ldains
257 798 354 847 centro
370 798 532 864 prospectat
548 792 583 846 ab
597 793 677 864 ipso:
883 796 937 849 Ter
951 793 1048 866 quinis
1059 793 1192 864 quintam
1204 793 1326 864 pedibus
1342 809 1393 846 sna
1408 793 1482 847 linea
1497 793 1598 848 tendit.

83 882 241 948 Quintilem
257 881 394 936 scandens
409 881 497 936 trabit
511 881 604 936 orbita
619 897 758 936 mensem.
884 883 1020 937 Centrum
1033 886 1153 952 tumque
1168 882 1282 937 brevem
1294 882 1355 952 jam
1371 882 1431 936 sole
1451 886 1568 952 regente
1584 882 1696 938 duobus

83 987 159 1027 roras
175 971 229 1025 sibi
243 987 307 1042 quin
320 971 447 1040 jungunt
461 970 490 1023 in
503 969 597 1025 fronte
609 970 714 1038 videto,
885 971 1002 1040 Abscisi,
1018 974 1116 1025 ternos
1132 971 1221 1025 denus
1237 970 1291 1025 sibi
1307 973 1385 1024 sexta
1398 974 1530 1024 retentat.

84 1100 93 1128 ,
106 1065 135 1114 et
148 1059 178 1113 in
190 1059 297 1114 cunctis
312 1075 394 1129 oeque
410 1059 561 1113 observare
577 1064 734 1114 memento.
885 1059 1019 1116 Caedendi
1032 1059 1109 1114 bunc
1124 1075 1234 1114 morem
1251 1060 1364 1114 muneri
1383 1059 1510 1114 servabis
1524 1059 1641 1130 ubique.

92 1145 173 1200 omni
187 1145 281 1217 prima
297 1145 457 1200 undecimae
468 1145 653 1217 conjungitur
662 1146 758 1201 borae:

83 1234 182 1288 imbris
197 1234 337 1289 decimam
353 1234 442 1289 nectit
454 1251 596 1306 cursuque
613 1236 758 1303 secunda;

92 1338 159 1377 mox
175 1339 279 1377 nonam
295 1323 408 1395 punctis
423 1324 624 1395 complectitur
638 1324 749 1379 hisdem
762 1345 770 1392 ;

84 1430 92 1468 e
111 1414 218 1486 pariter
232 1415 395 1484 praecedens
405 1419 507 1486 quarta
522 1415 647 1470 cobaeret
663 1429 670 1485 ;

84 1518 120 1556 ,m
136 1503 321 1573 subsequitur
335 1519 455 1558 numero
475 1508 540 1573 post
555 1503 677 1575 septima
689 1504 776 1574 justo.

84 1606 130 1645 ras
144 1595 256 1646 tentum
272 1607 422 1646 mensuras
435 1597 514 1647 sexta
527 1597 660 1648 retentet.

84 1695 124 1734 ›us
138 1680 199 1742 bas.
215 1681 314 1746 lector,
330 1681 509 1753 conjungens
525 1681 671 1737 mensibus
686 1682 782 1748 boras,

84 1773 195 1839 iperent
207 1770 300 1840 spatio
312 1771 494 1840 umbrarum,
510 1771 647 1826 cedantve
662 1770 756 1825 videtu
768 1786 774 1824 :

85 1857 197 1911 manin
212 1857 313 1928 primis
327 1874 448 1913 noscens
463 1858 597 1926 retineto,
616 1858 693 1930 quod
709 1858 787 1914 orbis

84 1960 108 2000 ee
124 1951 217 2016 partes
232 1946 325 2001 varies
339 1947 464 2002 forment
478 1964 593 2019 quoque
608 1952 699 2003 metas
715 1965 722 2002 :
1140 1951 1173 1988 ⁰⁸
1193 1949 1290 1988 mim
1311 1949 1341 1987 ΕΤ
1359 1947 1482 1987 ⁰⁰T⁰³l¹·

84 2050 133 2090 uce
147 2035 239 2091 vicino
251 2041 397 2091 torrentur
409 2037 470 2092 sole
484 2037 537 2092 sub
552 2038 700 2106 Austrum,
886 2041 1022 2098 Cursibus
1040 2041 1190 2098 Octobrem
1207 2039 1322 2095 sibimet
1337 2038 1403 2111 quis
1416 2037 1534 2093 Martius
1546 2043 1651 2110 aequat,

84 2139 119 2196 ge
135 2125 198 2179 lnce
214 2125 318 2190 nitent,
335 2125 471 2180 minimas
486 2125 526 2180 sic
540 2125 659 2196 gignere
674 2131 796 2198 possunt
855 2130 857 2134 ⁴
886 2132 955 2186 Octo
971 2131 1058 2202 pedes
1071 2130 1164 2202 prima
1179 2135 1207 2184 et
1221 2128 1265 2184 bis
1279 2128 1370 2183 denos
1385 2129 1463 2184 linea
1476 2127 1550 2199 tigit,

84 2226 126 2267 rs:
144 2228 208 2284 quae
230 2213 325 2267 boreae
340 2213 503 2284 frigentque
516 2214 670 2286 jacentque
692 2216 745 2270 sub
769 2232 830 2282 axe,
887 2224 979 2279 Denos
998 2229 1027 2278 et
1042 2227 1149 2294 septem
1166 2221 1291 2292 complet
1307 2220 1463 2292 statuitque
1477 2219 1623 2285 secunda:

90 2302 182 2374 magis
202 2303 298 2372 longa,
321 2302 505 2373 tenebrisque
528 2309 701 2373 premuntur
723 2304 829 2375 opacis.
887 2308 980 2362 Tertia
996 2306 1151 2379 quindenis
1168 2305 1273 2361 Phoebo
1286 2305 1592 2369 ascendentetenelur,

84 2390 172 2445 nediis
183 2391 219 2445 ab
233 2398 357 2462 utroque
371 2391 514 2446 absistunt
528 2393 657 2463 partibus
670 2410 732 2458 axe,
886 2397 993 2461 Quarta
1007 2396 1105 2452 decern
1127 2395 1267 2450 excedens
1290 2392 1411 2465 pedibus
1425 2393 1500 2465 fugit
1514 2392 1612 2464 agnita
1634 2391 1732 2457 ternis,

89 2482 246 2551 utrumque
273 2479 360 2535 etiam
387 2480 481 2535 lucem
509 2481 698 2536 moderantur
721 2487 750 2535 et
771 2498 832 2536 um·
887 2486 948 2541 llox
963 2484 1050 2540 etiam
1064 2483 1167 2555 quinta
1185 2481 1306 2536 undenis
1322 2480 1444 2552 spatiata
1460 2481 1582 2536 recedit:

746 2570 829 2642 [bras.
886 2574 968 2629 Sexta
984 2589 1085 2628 novem
1100 2571 1223 2644 pedibus
1234 2570 1336 2642 pandit
1351 2585 1402 2624 sua
1416 2569 1529 2626 lumine
1541 2568 1653 2626 deiude.

1090 1192 1123 1229 DE
1143 1189 1297 1231 repausato
1318 1191 1350 1230 BT
1369 1191 1520 1230 Nolssllili.

884 1283 953 1348 Quae
970 1285 989 1338 F
991 1284 1114 1338 ebruum
1126 1288 1228 1337 natrrra
1243 1287 1323 1338 leuet
1337 1281 1482 1353 sociatque
1496 1281 1696 1348 Novembrem,

884 1374 939 1429 Ter
952 1373 1034 1429 denis
1051 1373 1171 1446 pedibus
1185 1388 1333 1443 supremas
1343 1372 1454 1442 colligit
1468 1370 1595 1438 umbras,

885 1464 1007 1534 Moxque
1023 1479 1123 1516 novem
1139 1466 1269 1516 coustant
1279 1461 1402 1532 pedibus
1414 1459 1552 1530 denisque
1563 1464 1730 1530 sequentes;

887 1551 974 1607 Linea
988 1557 1051 1608 tum
1066 1555 1176 1623 septem
1191 1555 1278 1622 atque
1294 1550 1393 1605 docem
1408 1548 1462 1603 sibi
1478 1548 1561 1603 tertia
1576 1548 1678 1603 tendit.

886 1642 992 1707 Quarta
1007 1641 1095 1712 pedes
1111 1640 1217 1712 puriter
1232 1644 1276 1694 ter
1291 1639 1395 1710 quinos
1410 1636 1519 1708 colligit
1533 1637 1647 1707 umbra,

851 1740 871 1794 Β
886 1730 956 1785 iiiuc
970 1729 1092 1800 pedibus
1105 1727 1193 1784 ternis
1208 1745 1240 1783 nc
1258 1727 1339 1783 denis
1358 1727 1460 1799 quinta
1472 1727 1602 1796 patescit,

885 1819 1133 1890 Scandentemque
1149 1822 1241 1872 rotam
1252 1815 1375 1871 undenis
1385 1831 1450 1870 mox
1466 1821 1545 1870 sexta
1557 1819 1676 1869 coercet.

85 2671 136 2729 ge,
151 2656 176 2711 si
187 2657 316 2728 subjecta
330 2659 471 2730 legentem
487 2659 603 2730 pagiua,
620 2660 720 2727 lector,

85 2748 143 2812 oet,
160 2745 212 2798 hac
225 2746 304 2800 illam
320 2749 439 2818 regione
456 2749 602 2820 probahis,
617 2748 729 2820 abipso

85 2832 114 2888 io
128 2835 272 2905 Hesperia
287 2835 397 2906 primos
416 2853 481 2908 qum
497 2838 590 2908 vergit
602 2837 635 2891 ad
652 2843 742 2902 ortus,

88 2920 175 2992 nique
190 2922 269 2987 urbe,
292 2930 321 2978 et
336 2924 468 2979 Rhodani
483 2924 617 2980 distincta
632 2925 758 2993 fluentis,

87 3010 109 3064 it
122 3010 228 3065 Oceani
243 3011 414 3067 interclusos
433 3013 502 3067 orbe
514 2999 674 3080 Britannos,

1127 2704 1160 2741 DE
1178 2703 1266 2741 aratur
1287 2703 1318 2740 ST
1337 2701 1494 2740 samnitum.

886 2800 954 2863 Quae
971 2795 1024 2852 tibi
1037 2795 1205 2866 September
1224 2795 1373 2848 florentem
1389 2791 1477 2847 nectit
1489 2791 1626 2861 Aprilem,

887 2886 932 2939 Bis
947 2883 1029 2940 denis
1049 2883 1181 2938 umbram
1196 2887 1225 2936 et
1239 2881 1314 2936 senis
1330 2881 1413 2935 docet
1428 2879 1521 2935 orbita
1535 2879 1670 2951 primam,

886 2976 918 3028 ln
933 2972 1052 3045 pedibus
1066 2972 1120 3026 snb
1136 2970 1289 3042 quindenis
1303 2969 1424 3040 tigitque
1439 2967 1609 3033 secundum,

85 3113 173 3170 mque
187 3104 215 3153 ,e
224 3100 301 3168 juste
317 3100 453 3155 horarum
470 3117 603 3156 mensum
621 3102 758 3169 monebit,
851 3061 1031 3160 CTernisnae
1044 3060 1124 3114 denis
1141 3074 1253 3158 cursum
1270 3073 1384 3129 quoque
1399 3055 1485 3111 tertia
1496 3055 1608 3154 tranat,

888 3149 1015 3205 Undenis
1029 3163 1159 3203 crescens
1174 3147 1295 3218 pedibus
1309 3151 1372 3201 tum
1388 3149 1490 3217 quarta
1504 3145 1621 3208 recedit,

886 3238 992 3303 Quinta
1005 3253 1106 3292 novem
1121 3236 1244 3307 pedibus
1267 3250 1382 3289 enrsnm
1398 3231 1561 3303 clauditque
1575 3236 1731 3302 patentem,

885 3326 1072 3400 Septenisque
1087 3341 1154 3380 snos
1171 3324 1317 3395 componit
1331 3325 1408 3376 sexta
1424 3325 1545 3376 meatus.
1637 3368 1642 3375 .

85 3202 155 3242 rrum
171 3192 267 3242 motus
282 3189 435 3258 primiano
450 3190 522 3246 forle
540 3191 676 3246 Kalendis

85 3291 95 3329 e
109 3280 138 3329 et
148 3277 184 3329 ud
197 3277 284 3330 tinem
298 3277 367 3332 velis
381 3278 536 3348 perducere
553 3279 678 3334 mensis:

85 3361 162 3417 »ridie
178 3364 346 3419 umbrarum
357 3366 444 3420 inerit
458 3383 523 3438 quae
539 3372 616 3422 meta
628 3368 759 3440 priorum

85 3455 170 3506 >utem
184 3453 284 3523 nequit
299 3453 329 3507 in
345 3455 437 3509 varios
452 3457 574 3510 transire
589 3471 741 3510 recursus:
1158 3457 1192 3494 Μ
1211 3456 1276 3494 ”¹⁰
1295 3455 1326 3493 ΕΤ
1345 3453 1473 3496 Ᾰυῦΰῧῑθ·

89 3538 117 3594 iu
131 3539 160 3593 in
173 3541 299 3596 medium
316 3543 421 3596 sensim
437 3542 487 3598 sed
509 3558 635 3599 crescere
649 3559 778 3599 mensem
885 3550 1047 3619 Augustum
1065 3551 1094 3600 et
1108 3545 1214 3600 idaiam
1224 3545 1322 3614 jungit
1337 3560 1402 3616 ques
1419 3543 1493 3598 linea
1507 3542 1647 3614 primum,

85 3627 146 3683 nire
162 3628 278 3683 umbras
294 3646 361 3685 vera
376 3630 487 3687 ratione
504 3632 652 3701 docemur,
887 3636 932 3692 Bis
950 3635 1030 3691 denis
1043 3634 1154 3690 umbrae
1170 3632 1292 3704 pedibus
1307 3636 1383 3687 meat
1397 3635 1483 3703 atque
1498 3631 1657 3703 quaternis,

87 3716 116 3772 io
127 3717 157 3772 iu
171 3717 298 3774 medium
313 3720 461 3791 signorum
474 3725 506 3775 nt
516 3722 639 3777 volvitur
651 3727 740 3777 ortus.
885 3726 957 3781 Cum
974 3723 1056 3778 denis
1071 3727 1168 3777 ternos
1183 3721 1320 3776 excrescit
1335 3736 1458 3792 moxque
1473 3721 1612 3787 secundm

391 3845 430 3854 -
887 3812 1013 3868 Undenis
1027 3812 1137 3866 clarrrm
1152 3809 1298 3864 concludit
1311 3809 1395 3863 tertia
1409 3824 1545 3864 cursum:

86 3925 151 3972 um
173 3912 246 3990 jam
271 3929 362 3974 nunc
387 3916 545 3976 texemus
569 3913 604 3976 in
622 3913 740 3976 ordine
759 3931 829 3977 me.
884 3903 989 3968 Quarta
1007 3904 1085 3971 patet
1099 3898 1221 3970 pedibus
1237 3897 1309 3952 coelo
1324 3897 1465 3967 tepefacta
1478 3896 1618 3953 novenis:

745 4024 828 4100 [¹333
885 3992 1001 4062 Septem
1016 3988 1118 4060 quinta
1136 3991 1216 4041 tenet
1232 3984 1358 4057 propriis
1372 3983 1454 4041 finita
1466 3984 1520 4040 snb
1535 3983 1664 4039 umbris:

121 4118 129 4132 ·
152 4118 159 4132 ·
254 4121 260 4134 .
716 4125 723 4137 .
885 4080 1028 4152 Sertaque
1041 4082 1101 4131 tum
1118 4074 1214 4146 quinis
1228 4074 1350 4129 ferventi
1360 4078 1452 4129 cessat
1465 4074 1495 4128 iu
1510 4073 1588 4128 orbe.

86 4137 132 4182 mr
150 4137 282 4199 ignaris
304 4127 473 4186 monstrat
492 4141 577 4205 qnae
593 4142 745 4206 corporis
761 4142 831 4188 um·
973 4175 976 4181 Δ

744 4231 827 4308 [bre.

1063 4207 1070 4216 '
1162 4205 1196 4243 DE
1216 4202 1299 4244 tomo
1319 4203 1351 4242 ΕΤ
1370 4201 1460 4241 tuero.

885 4307 1027 4361 Horarum
1042 4305 1095 4360 sibi
1112 4305 1267 4370 Quintilem
1283 4303 1347 4376 quis
1360 4302 1462 4358 lunius
1477 4307 1582 4374 aequat,

850 4391 872 4446 D
886 4395 932 4449 Bis
944 4395 1025 4450 denis
1040 4395 1134 4465 prima
1148 4393 1179 4448 in
1193 4391 1315 4463 pedibus
1330 4394 1409 4463 patet
1422 4395 1508 4462 atque
1523 4391 1646 4458 duobus,

87 4493 151 4548 qnae
165 4479 228 4534 lani
245 4480 337 4550 prima
348 4485 392 4534 est
405 4481 570 4552 pariterque
585 4480 757 4546 Decembris,
887 4481 1073 4553 Undenisqne
1087 4496 1186 4534 means
1201 4479 1361 4534 ostenditur
1377 4477 1444 4533 inde
1460 4475 1594 4544 secunda,
1709 4480 1712 4484 '

86 4566 108 4620 is
131 4567 253 4637 pedibus
272 4567 405 4641 binisque
425 4569 585 4642 exporrigit
614 4569 757 4638 umbram,
885 4570 980 4644 Tertia
996 4584 1121 4641 moxque
1138 4569 1224 4640 pedes
1237 4568 1334 4639 explet
1342 4581 1511 4638 comprensa
1524 4580 1661 4633 novenos,

87 4654 169 4727 isque
182 4673 306 4728 sequens
319 4658 443 4729 pedibus
463 4674 528 4713 mox
548 4659 651 4714 umbra
665 4658 760 4713 recisis
885 4658 992 4714 AEstivo
1011 4664 1122 4729 septem
1138 4672 1205 4711 mox
1219 4657 1313 4712 tendit
1325 4660 1429 4727 quarta
1440 4655 1546 4722 calore,

86 4759 107 4798 n
121 4744 166 4799 bis
182 4746 262 4800 denis
277 4762 394 4819 unoque
406 4751 523 4802 extensa
536 4749 664 4818 patescit.
885 4747 1049 4818 Quintoque
1063 4752 1125 4801 tum
1140 4745 1261 4817 pedibus
1273 4743 1438 4800 conscendit
1453 4742 1529 4798 linea
1543 4743 1648 4813 quinis,

86 4836 206 4905 tumque
220 4836 308 4905 pedes
321 4837 474 4893 concidens
486 4837 570 4892 tertia
583 4836 675 4903 binos,
886 4837 959 4894 Hine
969 4841 1067 4891 centro
1078 4840 1190 4890 torrens
1204 4840 1302 4890 ternos
1317 4833 1371 4888 sibi
1383 4837 1461 4888 sexta
1474 4836 1599 4888 retentat

209 4362 242 4400 DE
262 4361 394 4402 tenuante
415 4364 445 4402 Ex
464 4364 605 4402 naculum.
