3930 6098
601 265 705 321 LIBER
724 263 905 322 aravubsus
923 263 1076 322 GRAECOS.
1655 276 1707 326 ilii

85 398 179 463 adens,
191 414 243 453 nec
259 399 403 470 ingenitus
418 400 507 470 possit
521 400 575 454 dici
603 416 655 455 nce
671 401 795 472 genitus.
817 404 838 455 Α
852 400 952 468 sibilis,
970 417 1072 472 eorpus
1089 407 1191 457 nostrae
1220 404 1383 477 fragilitatis
1398 408 1556 479 assumpsit
1573 425 1579 462 :
1596 424 1655 463 non
1670 416 1705 463 ut

85 489 154 544 ·ista
169 490 223 544 tria
240 506 328 545 unum
345 489 412 548 sint.
428 496 456 545 et
474 492 526 546 lroc
554 509 642 547 unum
659 509 715 547 nun
731 492 802 548 divi·
860 489 1011 544 Invisibilis
1023 506 1083 545 esse
1098 497 1230 557 cessaret,
1248 494 1297 549 sed
1311 499 1343 548 ut
1357 495 1387 548 iu
1403 496 1466 566 ipso
1477 496 1591 551 Christo
1608 496 1708 552 inrisi-

85 577 121 633 αἱ
137 578 330 648 distinguatur
345 579 374 633 in
390 580 454 648 tria,
474 601 487 631 a
504 587 567 644 etc„
585 582 716 649 usqaoeart
731 583 804 635 bene
860 576 923 630 bilis
938 577 1091 633 incredulis
1106 587 1298 649 permaneret.
1322 583 1402 643 Nam.
1418 600 1485 639 cum
1515 584 1606 639 dicit:
1628 588 1707 641 Beati

860 667 931 720 orati
947 668 995 734 qui
1008 681 1079 721 aurae
1088 666 1181 735 uiderat
1197 682 1256 736 quae
1270 683 1316 723 uos
1325 669 1423 725 videtis
1433 672 1509 741 (Iar.
1521 688 1549 739 x,
1561 675 1621 741 23)ss
1639 690 1707 745 ergo

288 757 352 810 Car.
368 757 475 810 LXXIV.

85 884 125 936 us,
154 869 303 924 Africanus
331 870 482 941 episeopus
513 873 573 941 tat,
604 872 723 943 t'igilius
748 873 805 927 sive

87 956 214 1012 Trideut.
242 959 343 1029 episc..
373 959 393 1014 l.
417 959 447 1028 ri,
477 960 615 1028 Spiritum
631 966 761 1016 sanctum
790 977 807 1015 a

85 1044 186 1117 ilioque
201 1047 355 1116 procedere
381 1048 426 1101 his
450 1048 543 1102 verbis
573 1048 753 1104 demonstrat
777 1050 805 1104 in

88 1149 139 1188 uos
159 1134 272 1204 scripsit
287 1135 535 1208 Constantinopoli
552 1136 581 1190 in
608 1137 806 1193 defensionem

85 1220 147 1274 onis
162 1237 244 1291 papae
258 1228 357 1276 contra
373 1223 600 1294 Eutyclrianistas
616 1241 623 1278 ε
642 1244 655 1275 a
671 1225 808 1280 Similiter

85 1308 140 1363 lde
154 1308 293 1363 Trinitate
313 1311 503 1380 quaestionem
524 1313 650 1383 aliquam
680 1319 805 1379 moreat,

88 1402 155 1451 sunt
171 1397 302 1469 quadam
328 1399 444 1470 propria
471 1401 577 1468 Patris,-
602 1418 667 1470 quee
692 1418 745 1456 uec
772 1402 807 1457 ad

860 752 937 808 beati
953 755 1138 809 erentrudai
1161 771 1269 822 omues,
1293 758 1374 811 ethi
1402 758 1539 828 quicum
1564 761 1708 816 crucifixe·

860 846 941 908 aaut,
953 843 989 896 de
999 842 1105 913 quibus
1115 858 1166 913 per
1174 843 1258 896 barin
1273 844 1342 898 dicit
1356 861 1363 898 :
1376 847 1438 915 Ipsi
1447 863 1509 901 uero
1522 849 1708 905 considerare·

860 935 925 984 ruat
934 935 960 984 et
973 932 1313 1000 conspexeraatmcffsol.
1325 949 1381 1000 111,
1398 936 1452 1004 te).
1466 935 1549 991 Vides
1561 953 1629 1007 ergo
1639 938 1709 1010 qaia

861 1017 1012 1073 invisibilis
1028 1020 1109 1073 Pater
1123 1025 1295 1089 perseverat,
1307 1026 1337 1075 et
1350 1028 1447 1076 mente
1460 1023 1587 1078 cernitur
1598 1040 1672 1095 pura
1681 1030 1709 1080 et

855 1107 986 1181 credula.
1003 1108 1077 1177 Ergo
1103 1107 1255 1162 inuisibilis
1272 1111 1364 1175 Pater,
1381 1109 1533 1165 invisibilis
1549 1112 1645 1180 Filius,
1663 1114 1708 1167 in-

861 1196 981 1250 visibilis
996 1195 1119 1266 Spiritus
1146 1202 1270 1250 sanctus.
1290 1199 1322 1250 Et
1339 1203 1369 1252 ut
1390 1198 1425 1253 ad
1454 1198 1506 1255 hoc
1521 1204 1548 1253 te
1565 1215 1706 1270 revocem,

861 1284 937 1339 unde
958 1284 1064 1338 factum
1079 1290 1121 1338 cst
1133 1289 1165 1338 nt
1178 1285 1234 1339 hoe
1248 1286 1282 1339 de
1303 1286 1399 1357 fragili
1412 1287 1530 1342 homine
1545 1288 1709 1355 doceamus,

862 1373 917 1426 tria
931 1372 993 1426 hec
1014 1371 1181 1435 Invisibilia,
1209 1378 1237 1426 et
1251 1374 1383 1439 indivisa,
1401 1380 1429 1429 et
1443 1375 1474 1430 iu
1490 1392 1580 1432 unum
1596 1379 1711 1449 conglo-

92 1499 143 1538 ΜΟ
174 1486 208 1538 ad
237 1485 377 1555 spiritum
413 1493 543 1542 sanctum
572 1490 749 1558 pertineaut;
780 1496 809 1544 e,
863 1466 980 1526 merata,
1007 1466 1035 1515 et
1056 1461 1169 1515 virtutis
1198 1461 1325 1515 ellit-acia
1340 1463 1541 1532 redundantia,
1556 1463 1584 1518 id
1601 1470 1643 1518 est
1663 1481 1711 1520 ro-

85 1572 174 1626 oedm
194 1573 310 1643 promia
329 1574 401 1639 gibi,
419 1591 483 1645 quae
508 1592 558 1629 nec
572 1576 606 1629 ,d
620 1578 731 1631 pamm
756 1594 808 1632 „ec
863 1565 924 1604 cem
939 1548 1108 1621 genitricem
1123 1550 1211 1615 verbi,
1229 1566 1262 1604 es
1278 1551 1364 1606 verbo
1382 1568 1447 1606 vero
1464 1553 1548 1607 simul
1564 1569 1630 1607 cum
1644 1571 1712 1609 voce

88 1667 148 1715 mm
164 1663 478 1732 sanetump0,.,ineang
500 1670 527 1718 e,
544 1672 611 1720 sun,
639 1666 726 1720 egam
742 1668 808 1738 Spi-
828 1638 1035 1731 Bprocedente
1049 1638 1216 1703 ellicaciam,
1235 1655 1299 1710 quae
1328 1639 1413 1693 iaciat
1428 1640 1548 1694 alterum
1562 1640 1710 1694 consulem

85 1748 137 1801 πῃ
158 1750 299 1803 nonnul„
319 1749 448 1821 promi„
473 1768 536 1821 qum
552 1767 605 1808 nec
621 1753 657 1806 ,d
685 1756 808 1813 Patrem·
864 1727 936 1793 lierI,
963 1727 1085 1780 alterum
1101 1728 1258 1782 trucidari:
1275 1727 1321 1781 die
1346 1727 1427 1795 mihi,
1444 1727 1559 1796 Ariane,
1586 1727 1710 1783 istatria

94 1834 198 1888 pistum
213 1835 358 1904 pergam
375 1842 582 1904 monstramur,
606 1844 663 1893 ,res
682 1856 697 1894 a
713 1857 743 1894 ,θ
762 1841 810 1894 in,
865 1829 954 1867 unum
971 1818 1035 1868 sunt
1052 1830 1089 1867 aa
1100 1814 1178 1867 non?
1194 1814 1223 1869 Si
1233 1830 1324 1869 uuum
1335 1830 1395 1869 uon
1410 1822 1487 1878 sunt,
1503 1817 1599 1871 divide
1612 1832 1710 1872 rocem

90 1928 237 1993 „pamm
272 1923 463 1978 crimmum,
502 1927 655 1981 catholicos
694 1929 810 1984 mdes,
865 1902 987 1967 anarbo,
1003 1905 1031 1954 et
1046 1901 1233 1956 elllcaciama
1258 1918 1325 1955 voce
1340 1907 1369 1956 et
1387 1903 1483 1958 verbo.
1515 1904 1636 1968 Quodsi
1656 1905 1711 1960 hoe

85 2009 164 2065 ,dne
187 2011 644 2083 [msimnjnopjnataquaestione
673 2015 807 2084 turbem,
865 1990 894 2043 iu
925 1990 1021 2061 fragili
1048 1991 1166 2044 homine
1186 1991 1225 2044 ita
1239 2007 1329 2045 unum
1346 1995 1413 2045 sunt
1428 1992 1493 2059 tria,
1509 2009 1573 2060 vox,
1603 1998 1632 2048 et
1646 2008 1710 2047 rer-

92 2115 145 2169 per
159 2099 274 2169 singula
284 2101 409 2169 suseepti
418 2100 544 2154 bominis
556 2102 810 2174 dispensationem,

85 2189 190 2243 ‚³atrem
209 2204 260 2242 uec
280 2189 316 2241 ad
332 2188 481 2259 Spintum,
498 2191 547 2244 sed
562 2190 597 2245 ad
612 2193 704 2246 solum
720 2193 809 2263 perti·

85 2276 172 2331 illurn.
203 2277 321 2347 Proprie
350 2277 426 2330 enim
455 2278 541 2332 Illius
569 2296 626 2334 non
654 2283 748 2341 Pater,
775 2280 810 2335 de

93 2367 243 2418 natusest.
265 2366 374 2418 Rursus
387 2366 436 2420 illa
453 2383 518 2438 quae
533 2383 619 2438 snper
633 2385 699 2423 eum
714 2369 810 2423 arrdita

95 2454 146 2508 llic
164 2459 204 2507 est
218 2453 310 2508 ditias
327 2468 399 2508 meus
426 2454 550 2521 dilectus,
574 2472 625 2509 nee
645 2457 680 2511 ad
705 2458 809 2512 Filium

108 2541 248 2611 Spiritum
274 2547 415 2608 sanctum,
429 2543 480 2596 sed
502 2545 537 2597 ad
555 2545 668 2598 Patrem
681 2546 810 2616 pertinet

85 2630 155 2684 ltem
172 2630 310 2684 columbas
324 2631 433 2701 species
448 2647 513 2702 quae
528 2632 557 2684 in
581 2633 704 2687 iordane
720 2649 810 2704 appa-

87 2718 239 2789 ignearum
255 2719 420 2790 linguarum
440 2721 629 2790 multipertita
644 2722 810 2777 distributio

95 2806 129 2862 ad
145 2807 235 2861 sancti
249 2807 369 2877 Spiritus
390 2823 543 2877 personam
568 2810 710 2879 perticere
727 2826 809 2866 mon-

869 2079 948 2147 bum,
966 2084 994 2132 et
1008 2079 1143 2146 efficacia,
1162 2083 1192 2132 ut
1207 2084 1264 2133 tres
1287 2080 1405 2152 quidem
1431 2096 1562 2151 persona
1577 2082 1643 2148 sint,
1660 2082 1709 2136 sed

865 2182 922 2221 una
936 2167 1111 2222 subsistendi
1131 2167 1284 2237 potentia:
1312 2168 1343 2222 ia
1369 2168 1486 2223 homine
1514 2169 1711 2240 fragilissimo,

866 2261 896 2310 ut
912 2256 1048 2322 diximus,
1064 2256 1123 2310 haec
1138 2255 1175 2310 sit
1189 2261 1269 2310 tanta
1283 2256 1423 2326 potentia,
1445 2260 1552 2328 quanto
1573 2257 1709 2328 magistu

865 2344 1073 2415 omnipotentia
1103 2345 1153 2399 Dei
1168 2345 1208 2399 ita
1230 2349 1282 2409 est,
1308 2348 1339 2398 ut
1364 2344 1400 2398 sit
1430 2347 1514 2400 Pater
1529 2345 1712 2416 omnipotens

865 2432 979 2503 genitor
995 2433 1070 2498 Filii,
1085 2438 1114 2487 et
1133 2449 1166 2486 ex
1184 2436 1266 2488 Patre
1288 2438 1316 2486 et
1332 2433 1401 2488 Filio
1429 2433 1594 2503 procedens
1609 2435 1711 2502 virtus,

866 2521 914 2591 qui
931 2525 973 2575 est
989 2521 1111 2591 Spiritus
1126 2525 1250 2576 sanctus.
1270 2542 1280 2570 ι

1186 2627 1249 2681 Car.
1271 2626 1392 2681 LXXVII.

902 2721 1096 2787 Cassiodorus,
1110 2720 1139 2775 in
1156 2721 1334 2792 expositione
1349 2720 1455 2774 Psalmi
1469 2738 1494 2788 a,
1507 2722 1580 2792 quod
1589 2723 1711 2792 Spiritus

866 2814 974 2864 sanctas
990 2811 1100 2863 aPetre
1125 2811 1247 2878 Filioque
1267 2808 1396 2878 procedat
1415 2808 1454 2862 sie
1473 2809 1543 2863 dicit
1559 2827 1595 2863 :e
1617 2810 1713 2864 Redde

97 2894 152 2949 Sed
170 2895 307 2949 aeadbuc
326 2896 361 2949 de
379 2896 422 2949 bis
442 2897 667 2965 proprietatibus
685 2898 811 2967 dubites,
866 2898 935 2950 milri
952 2897 1075 2951 letitiam
1093 2897 1225 2950 salutaris
1241 2900 1290 2960 tui,
1314 2901 1339 2949 et
1359 2896 1470 2964 Spiritu
1483 2898 1634 2966 principali
1648 2912 1710 2952 roa-

85 2982 244 3039 anilestius.
269 2985 421 3054 Proprium
448 2984 538 3038 Patris
563 2992 605 3039 est
626 2987 768 3057 genuisse,
785 2991 813 3041 et
832 2986 948 3056 cfirmn
960 3000 1001 3038 me
1016 2986 1099 3054 (Psoi.
1128 3001 1154 3050 a,
1170 2985 1223 3053 rt).
1241 2985 1297 3039 Nee
1315 2984 1459 3038 incassum
1484 2991 1620 3055 putemus
1635 2987 1714 3057 quod

86 3072 362 3127 mI'iliiestnatum
389 3072 491 3139 luisss;
510 3073 660 3143 proprium
680 3091 747 3129 vero
768 3080 811 3130 est
866 3073 1037 3126 vlrsauctus
1057 3077 1085 3126 et
1114 3071 1209 3126 cordis
1237 3070 1451 3126 illuminatione
1480 3073 1605 3127 radiatus
1628 3074 1713 3128 tertio

105 3165 203 3215 sancto
233 3160 267 3215 de
289 3162 371 3214 Patre
396 3161 523 3233 Filioque
549 3162 714 3233 procedere.
756 3164 813 3218 Nee

106 3249 301 3319 reciprocatur
328 3249 358 3303 in
387 3250 471 3304 aliam
487 3266 653 3320 personam,
679 3251 756 3322 quod
772 3256 813 3305 est

85 3353 121 3392 ue
135 3353 266 3408 persona}
281 3337 443 3408 specialiter
454 3339 613 3408 proprium.
630 3339 658 3393 Si
679 3356 748 3410 ergo
768 3340 813 3394 hae

85 3442 173 3480 rsonae
198 3427 335 3480 babentes
367 3426 487 3496 singulae
516 3427 705 3498 proprietates
737 3443 811 3494 suas,

95 3513 305 3584 significantius
330 3514 552 3584 distinguantur,
571 3530 628 3569 uon
643 3514 748 3585 qrribus
766 3532 813 3569 se·

85 3618 113 3667 rr,
142 3617 219 3656 unus
247 3607 289 3655 est
319 3603 402 3669 Deus,
430 3603 576 3674 quomodo
621 3603 709 3657 Filius
737 3605 814 3658 salva

85 3706 116 3744 ae
140 3695 254 3744 natrrrae
279 3690 455 3761 proprietate
484 3708 543 3745 non
573 3696 617 3745 est
637 3707 712 3744 unus
733 3691 812 3746 Chri-

304 3870 368 3923 Car.
382 3870 477 3924 LXXV.

88 3982 815 4054 ns,Constantinopolitanns‚episcopus,inepistola

85 4070 170 4126 lenius
195 4072 331 4125 adversus
350 4070 498 4124 haereticos
521 4071 661 4124 destinata
676 4070 815 4140 Spiritum

85 4175 99 4213 n
122 4160 159 4214 ab
180 4159 303 4213 essentia
327 4159 438 4213 deitatis
462 4159 693 4228 inseparabiliter
715 4175 814 4228 proce·

85 4265 97 4300 s
116 4249 210 4309 verbis
226 4248 347 4302 edocet:
379 4266 392 4298 a
411 4247 564 4318 Fugiamns
580 4247 676 4318 itaque
698 4247 816 4301 consilia
838 4224 1015 4339 Ddssssefflll·

85 4335 155 4404 onis,
185 4338 293 4391 lluenta
320 4336 520 4390 hereticorum
549 4334 612 4389 dito
646 4335 815 4405 perniciosa,

85 4441 90 4478 t
103 4424 222 4478 inimica
237 4423 378 4494 contagia,
396 4424 455 4477 arii
486 4423 643 4488 vesaniam,
657 4423 708 4493 qni
724 4423 816 4476 Triui-

866 3161 1006 3232 Spiritum
1023 3159 1195 3225 nominavit,
1221 3159 1277 3214 nisi
1305 3159 1373 3231 qaia
1398 3160 1554 3215 individuae
1582 3161 1713 3216 Trinitati

867 3250 996 3315 devotus,
1017 3248 1135 3303 concedi
1152 3248 1206 3302 sibi
1219 3249 1254 3303 ab
1279 3264 1311 3302 ea
1325 3248 1438 3302 reniam
1467 3249 1631 3318 postularit.
1648 3249 1711 3321 Spl-

867 3338 939 3393 ritus
954 3338 1030 3392 enim
1045 3340 1184 3408 quantum
1200 3337 1237 3390 ad
1256 3335 1409 3391 essentiam
1422 3336 1590 3404 divinitatis,
1616 3342 1644 3392 et
1659 3338 1711 3391 Pa·

867 3429 911 3480 ter
933 3431 962 3480 et
977 3426 1063 3481 Filius
1078 3431 1106 3479 et
1119 3425 1242 3495 Spiritus
1272 3430 1387 3480 sanetus
1415 3431 1489 3480 recte
1515 3442 1590 3481 unus
1608 3425 1714 3481 dieitur

869 3515 1017 3582 Deus,sed
1041 3531 1093 3585 pro
1121 3514 1303 3569 distinetione
1332 3530 1532 3585 personarum,
1564 3515 1714 3586 proprium

868 3611 911 3658 est
926 3603 1002 3658 Patri
1026 3603 1104 3674 quod
1128 3602 1296 3657 naturaliter
1321 3603 1383 3657 sine
1411 3603 1494 3657 initio
1523 3609 1588 3658 ante
1611 3603 1715 3658 saecula

868 3693 970 3762 genuit
985 3690 1103 3755 iillum,
1120 3691 1270 3762 proprium
1286 3696 1330 3745 est
1356 3691 1426 3746 Filio
1453 3691 1529 3761 quod
1546 3691 1717 3746 naturaliter

869 3782 981 3834 aPatre
1008 3785 1160 3850 generatus
1182 3783 1233 3845 est;
1257 3779 1409 3850 propriam
1437 3784 1479 3835 est
1506 3779 1625 3850 Spiritui
1642 3779 1715 3834 'san-

869 3872 913 3922 cto
943 3867 1020 3939 quod
1045 3885 1062 3921 a
1091 3869 1173 3921 Patre
1188 3872 1216 3920 et
1231 3868 1302 3921 Filio
1326 3866 1463 3937 procedit,
1492 3867 1560 3939 qnia
1576 3867 1717 3922 iueffabiii

869 3961 1008 4015 charitate
1023 3964 1109 4031 atque
1126 3959 1326 4030 cooperatione
1342 3975 1442 4013 eorum
1466 3957 1716 4014 consubstantialis

870 4048 1018 4105 aeternitas
1036 4054 1064 4103 et
1089 4054 1214 4119 potestas
1229 4049 1326 4102 omnia
1338 4047 1404 4102 facit
1424 4064 1488 4119 quse
1503 4047 1563 4101 vult
1588 4047 1618 4102 iu
1645 4048 1716 4102 emto

870 4144 897 4192 et
917 4139 947 4191 in
967 4143 1051 4202 terra,
1071 4162 1081 4185 ι
1099 4143 1164 4197 etc..
1190 4152 1272 4205 usqrte
1295 4136 1333 4190 nd
1347 4136 1470 4190 breviter
1496 4136 1531 4190 de
1557 4135 1717 4191 aeternitate

1186 4314 1249 4367 Car.
1270 4312 1404 4367 LXXVIII.

909 4411 979 4463 item
995 4409 1072 4463 idem
1087 4409 1117 4462 in
1132 4409 1242 4479 psalmo
1258 4408 1435 4480 sexagesimo
1446 4409 1558 4480 primo:
1578 4410 1645 4464 «Ab
1659 4413 1719 4480 ipso

84 4512 303 4583 inseparabilem
329 4512 499 4567 substantiis
526 4512 650 4565 diuidit:
682 4511 817 4564 Eunonrii
872 4498 943 4550 enim
967 4496 1087 4550 milliare
1114 4511 1211 4561 meum,
1239 4495 1267 4549 id
1293 4500 1337 4549 θὸῑ
1365 4495 1530 4566 ”ssisseflilffl
1555 4498 1652 4564 filim,
1670 4498 1720 4569 (1¹¹5

85 4619 127 4663 pm·
158 4601 207 4672 qui
236 4605 366 4654 naturam
397 4599 717 4669 incomprehensibilem
745 4599 820 4652 infra
873 4602 886 4638 Γ
889 4590 949 4637 &Cle
964 4583 1144 4638 credentibus
1160 4583 1290 4637 salutaris
1304 4583 1409 4637 existit.
1424 4586 1465 4639 Ab
1482 4585 1544 4654 IpSO
1561 4586 1638 4640 ellim
1654 4602 1720 4641 cum

85 4688 483 4743 ,mhumanstangjncludw
513 4687 704 4741 Manichaejer
733 4687 821 4740 pace.
874 4672 1089 4738 dicitur,Fitius
1119 4672 1308 4741 algniticatur.
1327 4671 1483 4726 llmeenim
1502 4675 1630 4746 propria,
1648 4691 1722 4728 unus

85 4777 197 4843 gbjem,
225 4776 275 4847 qui
298 4783 459 4847 sequestras,
488 4776 524 4831 ab
554 4775 677 4829 essentia
704 4774 821 4830 perraris
875 4761 948 4814 Deus
976 4768 1073 4814 sancta
1101 4759 1224 4813 Trinitas
1247 4760 1334 4813 babet
1359 4760 1435 4831 quod
1453 4761 1535 4815 Pater
1564 4762 1719 4832 ingeuitus,

85 4871 267 4928 meandum,
299 4869 328 4917 ut
354 4863 551 4934 separabiliter
577 4863 789 4933 procedentem.
808 4884 817 4909 ι
876 4848 961 4902 Filius
976 4849 1100 4918 genitus,
1120 4848 1241 4919 Spiritus
1259 4853 1371 4902 sanctus
1384 4865 1401 4902 a
1415 4850 1496 4904 Patre
1512 4854 1541 4904 et
1563 4850 1635 4905 Filio
1653 4865 1720 4919 pro-

302 4978 366 5032 CM,
385 4979 493 5032 LXXV,⁸
876 4936 961 5002 cedit,
977 4956 989 4987 n
1006 4941 1071 5001 cic«,
1089 4951 1174 5004 arsque
1196 4935 1233 4989 ad
1261 4935 1387 4990 mirabili
1406 4936 1526 4990 veritate
1542 4935 1720 4990 monstrarit.

85 5077 148 5132 ellus
177 5077 208 5130 iu
231 5076 354 5147 epistola
379 5077 416 5132 ad
440 5076 574 5141 lienium,
600 5075 672 5144 qrtod
701 5076 821 5145 Spiritus
1207 5051 1271 5103 ⁰³¹³·
1288 5050 1396 5104 mxl-x·

98 5166 218 5219 aPatre
245 5165 376 5234 procedat
401 5169 426 5219 et
445 5167 513 5218 Filio
540 5163 579 5216 sic
602 5163 707 5216 docet:
730 5185 739 5210 r
758 5162 822 5216 Ideo

85 5269 109 5308 re
130 5253 234 5319 Filius,
259 5269 292 5307 ex
308 5255 391 5308 Patre
405 5256 432 5306 et
451 5253 521 5306 fillo
550 5251 679 5322 procedit
702 5251 824 5322 Spiritus

85 5358 103 5395 s.
119 5342 184 5407 Nee,
206 5348 238 5394 ut
253 5340 371 5412 quidam
386 5340 496 5403 dicunt,
511 5340 583 5395 duos
596 5339 682 5393 babet
697 5340 772 5392 [teris
784 5339 825 5392 Fi·

85 5429 192 5484 rristum
208 5434 236 5484 et
250 5430 389 5500 Spiritum
401 5434 540 5495 saucians,
558 5429 604 5482 sed
621 5428 706 5481 babet
722 5427 824 5481 I'iliunr

88 5519 165 5574 ilem.
184 5518 257 5572 sicut
271 5519 331 5589 ipse
346 5517 498 5573 inuisibilis
512 5523 569 5575 est:
586 5517 635 5586 qui
651 5521 680 5569 ut
696 5520 770 5568 esset
785 5514 826 5567 ri-

914 5164 1051 5218 nicolaus
1071 5164 1099 5216 in
1115 5164 1187 5218 libro
1203 5164 1298 5233 primo
1313 5164 1348 5217 de
1375 5164 1441 5218 Fide
1463 5169 1565 5218 sanctae
1580 5164 1725 5219 Triuitatis

880 5258 951 5324 (cap.
966 5253 994 5317 dt
1012 5253 1107 5318 :Quod
1126 5253 1248 5321 Spiritus
1273 5257 1382 5306 stractus
1406 5254 1552 5306 coarmuaa's
1577 5258 1616 5307 est
1633 5255 1725 5308 Patris

878 5347 903 5395 et
917 5342 982 5394 Filii
1003 5343 1145 5410 Sutrr'lus:
1164 5364 1174 5388 ι
1195 5341 1267 5409 Ergo
1293 5340 1346 5394 hoc
1362 5340 1468 5393 donum
1484 5339 1543 5407 bai,
1564 5340 1591 5395 id
1607 5346 1650 5394 est
1662 5341 1725 5412 Spi-

879 5428 952 5481 ritus
968 5432 1083 5482 sanctns
1108 5428 1157 5498 qui
1173 5428 1207 5481 dc
1224 5429 1305 5481 Patre
1321 5434 1348 5479 et
1372 5426 1442 5479 Filio
1461 5428 1612 5498 aequaliter
1636 5446 1729 5500 proce·

882 5514 934 5581 dit,
953 5514 1105 5569 irnllabilis
1120 5515 1252 5585 qrrrrdam
1268 5513 1663 5585 Patrisbitilonacarmuuuio
1676 5525 1726 5570 ret.
