3930 6098
559 266 604 320 tta
624 266 702 322 vita
721 265 749 322 S.
769 265 914 322 anthol.
931 296 962 306 -
976 266 1040 321 tta.
1064 269 1085 323 l.
1248 300 1252 308 ·
1653 273 1706 326 934

83 400 97 461 ζ,
115 396 245 452 doctrina
260 401 288 451 et
306 395 385 451 verbi
400 395 519 451 litamine
534 397 634 465 siccus,
815 402 846 454 ul
860 396 1060 470 Cognatasque
1076 414 1142 452 suos
1158 398 1289 469 linquens
1303 399 1454 469 pot-gatos
1469 400 1580 472 petivit.

83 485 171 541 :iamt
187 488 288 555 loquar
301 501 338 539 an
354 490 462 539 taceam
477 486 525 556 pia
540 492 619 556 gesta
635 486 770 541 Patroni?
859 487 907 540 Est
924 487 1002 540 locus
1016 486 1121 541 Oceani
1137 487 1245 541 distans
1261 503 1276 541 a
1291 489 1386 542 littore
1404 491 1511 557 magni,

83 590 105 629 ,ι
119 590 179 629 non
192 590 307 645 possum
323 573 508 645 compingere
527 575 653 629 carmine
670 575 769 646 digno,
860 575 967 644 Nempe
983 575 1192 646 quaterdenis,
1210 581 1242 629 ut
1256 576 1356 644 fertur,
1375 577 1503 632 millibus
1517 594 1615 650 reque3

83 662 174 718 ›idum
190 677 255 732 spes
270 663 318 716 illa
330 662 421 731 juvat,
439 661 542 716 fiducia
555 661 662 729 firmat,
858 664 954 718 Insula
970 679 1027 734 quo
1047 663 1157 734 praebet
1173 664 1353 719 venientibus
1367 665 1438 736 Ogia
1452 671 1578 736 portum,

84 757 166 806 nctus
182 750 316 805 mihimet
331 750 437 820 poterit
451 751 579 821 prebere
595 748 733 821 loquendi
859 751 920 816 Quo
935 750 1051 806 veniens
1065 767 1157 822 agnus
1173 751 1244 806 lanis
1260 753 1447 807 candentibus
1462 753 1555 821 albus,

83 840 110 894 ni
124 840 216 894 valuit
230 839 316 893 mutis
330 839 459 892 conferre
471 838 627 909 loquelam.
862 843 1006 911 Excipitur
1021 840 1105 894 niveo
1118 856 1206 912 grege
1217 840 1414 912 congaudente
1428 842 1571 914 benigne;

94 928 237 998 precibus,
255 943 320 981 cnm
336 943 400 998 spes
416 928 489 981 hanc
504 927 587 981 firma
602 930 729 996 rogaret,
860 929 1040 1000 Emicuitque
1053 929 1131 984 brevi
1149 929 1257 983 meritis
1274 930 1304 983 in
1320 933 1450 1000 tempore
1466 931 1597 985 summis.

84 1035 86 1070 ι
99 1016 130 1071 in
147 1017 280 1071 manibus
295 1016 431 1086 speciosis
446 1024 460 1049 ⁸
472 1016 568 1086 regius
581 1015 675 1070 infans
860 1020 894 1074 Et
909 1018 976 1088 quia
989 1018 1144 1088 scripturas
1156 1018 1265 1072 curavit
1279 1019 1387 1072 discere
1403 1034 1506 1086 sacras,

84 1120 125 1160 em
139 1105 247 1171 didicit,
265 1120 353 1175 quom
368 1118 519 1175 nunquam
533 1105 661 1173 corporis
676 1119 730 1157 usu
860 1105 929 1170 Quis
943 1104 1024 1158 labor
1039 1111 1079 1158 est
1092 1105 1197 1175 primo,
1213 1105 1261 1159 sed
1277 1110 1342 1175 post
1356 1106 1481 1175 pretiosa
1496 1106 1601 1161 laboris
1668 1098 1671 1104 ’

84 1193 124 1261 lit,
140 1193 342 1263 modicumque
357 1192 411 1245 fuit
424 1190 552 1262 proferre
568 1192 656 1245 latina
860 1194 992 1260 Praemia,
1009 1195 1159 1264 multipiici
1173 1195 1311 1249 virtutum
1325 1194 1407 1264 fruge
1420 1195 1572 1264 replenda;

84 1282 121 1337 ed
136 1282 284 1336 Hebraicae
298 1281 478 1351 deprompsit
492 1280 599 1335 famine
615 1281 722 1351 lingum
860 1283 987 1353 Quasque
1001 1282 1097 1336 cibant
1111 1283 1222 1337 animas
1237 1285 1350 1337 mortali
1361 1299 1446 1337 carne
1459 1288 1600 1354 gravatas,

86 1371 158 1437 alce,
172 1371 226 1424 viri
240 1370 389 1441 complens
404 1369 452 1440 pia
466 1374 531 1423 vota
545 1368 697 1439 peccantis.
860 1370 1053 1438 Sanctificant,
1070 1376 1181 1436 curant,
1197 1372 1317 1434 salvant,
1330 1377 1521 1444 vegetantque
1536 1374 1706 1443 perornant;

84 1459 157 1514 trite
173 1475 278 1529 queam
294 1457 392 1511 laudes
408 1474 441 1511 ac
456 1463 534 1527 gesta
548 1463 647 1510 notare
861 1460 922 1514 Non
939 1465 1035 1514 sancto
1051 1459 1192 1514 desiderio
1207 1460 1347 1529 protectio
1363 1460 1467 1515 Christi

84 1549 222 1618 magni,
239 1547 329 1600 divini
343 1547 457 1615 postulo
474 1544 593 1615 supplex
861 1548 972 1614 Defuit3
988 1549 1023 1603 ad
1038 1563 1183 1602 summum
1199 1549 1248 1603 sed
1265 1548 1337 1602 rexit
1352 1548 1466 1602 culnten
1480 1548 1625 1603 honorum

84 1652 93 1690 s
113 1635 261 1701 auxilium,
284 1634 361 1703 quod
383 1634 512 1688 continet
531 1632 638 1701 omnia,
659 1633 806 1704 complens
860 1638 938 1692 Talia
953 1642 1141 1708 querentem,
1157 1638 1311 1702 sitientem,
1328 1641 1356 1691 et
1371 1642 1514 1691 amantem
1533 1637 1707 1692 Amandum.

84 1724 172 1790 olum,
187 1724 318 1794 pelagus,
335 1729 445 1789 terros;
461 1738 518 1793 quo
533 1728 634 1776 cuncta
648 1727 804 1793 reguntur,
826 1697 845 1751 Β
895 1727 922 1779 8.
939 1726 1009 1779 ilinc
1033 1725 1141 1795 majora
1164 1740 1286 1796 sequens
1306 1740 1426 1794 operum
1442 1724 1590 1792 miracula,
1614 1725 1708 1780 dicam

84 1829 108 1867 ιο
127 1813 227 1884 lingua
245 1812 334 1877 valat;
351 1811 411 1865 sina
435 1827 493 1881 qua
515 1810 647 1865 faciendis
660 1817 739 1865 mula
752 1814 804 1866 est.
859 1812 959 1876 Qualia
973 1813 1114 1883 principio
1132 1812 1247 1866 Domini
1262 1813 1380 1866 devotus
1395 1818 1508 1867 ametor

84 1904 129 1953 rnt
143 1915 208 1971 quse
223 1915 321 1963 narro,
340 1899 422 1964 Deras,
440 1914 516 1952 nunc
532 1914 582 1951 oro
599 1898 727 1967 precanti
859 1901 961 1956 Praelia
976 1901 1144 1972 praetulerit,
1159 1906 1187 1955 et
1202 1906 1323 1971 quantos
1339 1900 1404 1955 inde
1418 1899 1582 1971 triumphos

87 1987 221 2043 mihimet
235 1988 271 2043 do
286 1989 393 2058 linguae
410 2002 515 2041 munus
531 1988 672 2041 honesta.
859 1990 992 2062 Corporis
1007 2005 1039 2045 sc
1054 1991 1159 2044 mentis
1174 1994 1308 2060 superato
1324 1989 1439 2043 sustulit
1454 1988 1545 2043 hoste.

860 2079 943 2133 Forte
959 2078 1020 2133 dics
1035 2079 1134 2132 ederat
1148 2077 1291 2147 quaedam,
1307 2093 1364 2148 qna
1378 2077 1502 2131 instabat
1516 2075 1626 2146 agenda

860 2166 951 2223 Causa
966 2166 1131 2221 monasterii
1142 2167 1202 2235 jam
1219 2166 1298 2235 dicti,
1312 2181 1426 2243 quaque
1442 2165 1602 2235 benignum

861 2255 961 2310 Eximii
972 2255 1084 2309 Fratres
1098 2269 1221 2325 puerum
1236 2254 1381 2323 complere
1394 2255 1520 2326 volentes

860 2343 1019 2414 injungunt
1035 2358 1133 2397 causas
1148 2342 1260 2413 operis;
1276 2341 1353 2412 qnod
1365 2346 1502 2412 protenus
1516 2341 1564 2395 ille

860 2431 986 2502 Impiger
999 2431 1175 2502 exsequitur,
1192 2431 1302 2484 cunctis
1316 2430 1422 2485 servire
1438 2436 1565 2500 paratus,

859 2520 996 2575 Subditus
1010 2519 1149 2589 obsequio
1165 2518 1290 2573 famulus
1305 2517 1463 2572 celeranter
1477 2517 1508 2570 in
1528 2516 1618 2571 omni.

859 2609 914 2664 Sed
930 2608 999 2664 dum
1013 2606 1088 2662 forte
1104 2607 1199 2661 minus
1214 2607 1275 2660 loca
1290 2612 1403 2660 sanctus
1418 2605 1532 2675 cognita
1548 2605 1659 2669 lustret,

860 2698 959 2753 Obviat
975 2698 1131 2751 immanem
1149 2695 1285 2750 horrendi
1300 2695 1429 2767 corporis
1446 2710 1569 2766 anguem

85 2824 200 2874 ‚tamen
215 2825 244 2873 e,
257 2821 381 2873 multum
399 2819 549 2874 fecundior
565 2819 631 2873 hinc
646 2825 697 2886 ost,
859 2786 983 2855 Saevum,
998 2784 1224 2856 squamigerum,
1240 2784 1346 2853 dirum,
1360 2788 1483 2851 emtum,
1497 2783 1706 2850 truculentum,

84 2909 139 2963 lem
156 2909 280 2963 fructum
295 2909 458 2962 venerando
473 2909 594 2979 propulit
609 2913 685 2962 ortu·
860 2875 952 2939 Quem
970 2890 1043 2945 puer
1059 2873 1210 2942 aspiciens,
1233 2873 1398 2943 pariterque
1417 2872 1536 2926 horrore
1556 2888 1708 2942 pavescens

85 2996 350 3067 pritecofisquem
363 2995 745 3062 Gauiffimimmandum'
825 2959 1587 3057 cTerretunstupet,admiratur,etanxiushaeret,
1670 3044 1675 3056 .

861 3051 1061 3118 Attonitusque
1083 3052 1191 3114 tremit,
1211 3062 1269 3118 quo
1293 3061 1423 3116 gressum
1439 3050 1570 3113 verteret,
1585 3054 1596 3080 ⁶
1610 3049 1703 3117 angit.

862 3136 965 3190 Coelica
979 3136 1027 3190 sed
1046 3135 1156 3190 [lumini
1172 3151 1238 3189 mox
1252 3134 1329 3189 hunc
1344 3139 1376 3188 ut
1390 3133 1481 3206 gratia
1496 3134 1587 3202 fulsit,

861 3223 974 3279 Corruit
987 3225 1018 3279 in
1033 3223 1147 3290 faciem,
1162 3227 1270 3278 terram
1285 3239 1399 3295 quoque
1412 3238 1532 3292 corpore
1548 3222 1661 3293 pressit,

860 3313 1034 3385 Suppliciter
1049 3318 1163 3381 stratos,
1179 3313 1228 3368 sed
1243 3317 1339 3367 mente
1352 3313 1387 3367 ad
1403 3313 1495 3367 sidera
1510 3317 1617 3366 vectus.

862 3402 932 3457 ilinc
947 3417 1063 3474 qnoque
1078 3401 1224 3468 vexillum,
1239 3407 1344 3455 nostrae
1359 3417 1416 3472 quo
1430 3416 1544 3455 summa
1556 3399 1655 3455 salutis

861 3491 1007 3558 Consistit,
1025 3490 1119 3545 valida
1133 3489 1269 3562 opposuit
1281 3489 1385 3545 virtute
1402 3490 1546 3561 chelydro.

859 3581 947 3636 lussit
961 3585 989 3634 et
1003 3579 1038 3634 ad
1055 3584 1136 3634 notas
1156 3579 1239 3633 illum
1255 3594 1382 3633 remeare
1397 3578 1530 3632 latebras.

861 3668 964 3723 Letifer
980 3672 1024 3723 ast
1038 3668 1146 3739 hydrus
1159 3667 1235 3738 signi
1252 3666 1356 3721 uirtute
1370 3667 1511 3737 repulsus,

860 3756 1005 3828 Effugiens
1021 3756 1116 3825 rediit,
1131 3762 1292 3826 notumque
1308 3755 1436 3824 relapsus
1450 3753 1484 3808 ad
1500 3758 1626 3820 antrum,

861 3845 987 3902 Ulterius
1001 3845 1154 3899 hominum
1170 3859 1312 3914 nusquam
1327 3843 1489 3913 comparuit
1504 3842 1567 3908 ulli,

860 3935 1041 4005 Ereptusqua
1055 3934 1133 3987 locus
1149 3938 1229 3986 lanto
1243 3934 1303 4002 jam
1317 3932 1409 3985 dictus
1424 3931 1460 3983 ab
1476 3930 1557 3984 hoste
1571 3932 1625 3983 est.

860 4024 948 4078 fama
963 4027 1006 4077 est
1020 4017 1193 4091 serpentesd
1209 4021 1314 4074 Marsos
1327 4017 1442 4072 turbare
1456 4024 1552 4072 stretos

861 4111 969 4181 Exigua
984 4111 1100 4166 sibimet
1113 4111 1219 4164 vallum
1235 4108 1337 4162 tellure
1351 4122 1462 4177 parare,

859 4200 941 4265 Quod
962 4206 1087 4270 nequeat
1106 4198 1227 4253 transire
1248 4197 1351 4251 cohors
1371 4210 1525 4248 numerosa
1538 4198 1705 4249 nocentum.

824 4275 847 4329 D
860 4287 914 4342 Sed
929 4288 1049 4342 meliore
1064 4269 1110 4340 via
1125 4287 1247 4340 multum
1264 4284 1447 4354 prestantius
1463 4283 1516 4338 iste

296 4378 409 4433 CAPUT
428 4378 462 4432 ΙΙ,
861 4375 998 4446 Reppulit
1012 4375 1118 4443 ignitos
1131 4375 1228 4430 divino
1243 4373 1350 4429 [aritine
1364 4373 1452 4427 rictus

860 4462 1017 4533 Serpentis,
1033 4469 1145 4517 sanctus
1160 4467 1319 4533 prostratus
1335 4462 1364 4516 in
1376 4477 1482 4532 aggere
1498 4466 1583 4516 terrae

860 4553 914 4607 Per
927 4551 1028 4605 vexilla
1041 4551 1142 4616 crucis,
1157 4551 1253 4622 digitis
1268 4566 1333 4621 qum
1347 4550 1441 4620 pinxit
1455 4550 1483 4604 in
1501 4549 1585 4616 arvis,

861 4641 919 4695 Hoc
933 4639 1060 4710 primum
1073 4639 1196 4710 patravit
1211 4654 1298 4708 opus;
1312 4638 1388 4708 quod
1405 4637 1459 4693 rite
1475 4643 1605 4693 notatum

86 4711 91 4765 '¹
106 4727 177 4782 9¹¹⁶?
191 4727 207 4764 θ
222 4713 302 4766 ὓῦῐῐῑῧ
318 4711 476 4784 Psiffifflifia
488 4712 562 4769 f⁰fi⁰
578 4714 692 4770 miflf’f'ss
861 4728 1041 4799 Linquimus,
1057 4727 1111 4781 hoc
1125 4727 1188 4780 aliis
1202 4731 1265 4797 post
1279 4731 1376 4781 narret
1389 4727 1493 4781 scheda
1508 4727 1622 4781 futuris.

93 4801 263 4863 d⁰if⁰⁰t³⁰³2
280 4801 394 4871 Sissnum
409 4803 488 4857 dedit
503 4803 703 4874 ifflleffflflflffl
861 4816 934 4887 Ergo
947 4815 1050 4870 humili
1063 4819 1129 4869 roto
1144 4819 1182 4880 le,
1197 4816 1294 4869 Pastor
1310 4814 1449 4880 Amaside,
1463 4830 1626 4886 precamur,

86 4889 135 4942 ³¹¹0
149 4889 246 4960 seqni;
263 4907 404 4945 Summam
420 4892 552 4947 subvexit
564 4893 600 4948 td
614 4909 708 4948 arcem
859 4905 1017 4975 Antiquam
1032 4909 1063 4959 ut
1079 4905 1166 4976 polias
1183 4919 1317 4974 anguem,
1332 4903 1382 4976 qui
1399 4919 1519 4974 corpora
1534 4907 1632 4957 nostra

91 4990 232 5046 8⁸⁰³³¹¹¹112
247 4993 375 5031 eff-*⁰⁸15
389 4983 471 5032 &²³2⁰
490 4978 602 5033 Beatus·
862 4993 923 5048 Non
939 5008 1041 5048 curans
1055 4994 1173 5059 laniare,
1190 4991 1294 5046 animis
1307 4992 1397 5062 magis
1413 4995 1492 5062 optat
1506 4990 1608 5045 acerba

86 5080 115 5117 ⁰⁰
130 5063 243 5118 femus
257 5081 323 5119 0⁰¹⁰
339 5066 441 5120 Chsiffl
456 5066 571 5121 ”dmi
582 5082 692 5137 ⁸m⁰f⁰2
861 5081 1000 5136 vulnifico
1015 5082 1118 5136 nostris
1132 5080 1283 5136 infundere
1296 5081 1381 5135 dente
1394 5095 1515 5146 venena,

87 5154 233 5224 fariam·
249 5154 320 5209 ⁸1⁰⁰*
335 5155 507 5210 Vffllssffihilss
522 5157 639 5223 ΑΒΓΜ,
862 5170 1084 5226 flammivomus
1096 5170 1227 5224 flammas
1242 5175 1270 5224 at
1284 5168 1396 5240 spirans
1410 5169 1513 5240 igneus
1527 5167 1618 5239 ignes.

84 2112 89 2165 l
112 2110 192 2184 prius
212 2127 276 2165 arce
296 2126 387 2181 genos
408 2109 496 2164 rutila
510 2110 681 2165 celebrabile
697 2117 805 2167 cretum

84 2216 113 2254 re
126 2200 210 2271 gestit
223 2216 315 2267 amor,
331 2199 496 2270 cursimque
512 2205 612 2255 notare
627 2199 740 2255 beatam

84 2304 127 2344 em
146 2288 230 2357 lusti,
244 2287 398 2359 primoque
415 2288 519 2342 referre
539 2289 646 2359 priora,

84 2395 103 2432 ts
118 2377 234 2431 infixam
252 2373 376 2431 radicem
392 2377 497 2447 pagina
513 2393 630 2431 servans

88 2465 211 2530 eximias,
228 2465 345 2520 demum
360 2465 497 2535 praecelsa
512 2481 642 2536 propago

86 2569 114 2608 m
129 2558 158 2608 et
173 2555 280 2607 celsum
295 2555 411 2608 tollatur
427 2555 462 2609 ad
477 2560 553 2608 astra
567 2570 716 2608 cacumen.

84 2657 101 2696 o
116 2641 243 2712 antiquis
257 2641 411 2713 Aquitania
426 2642 500 2696 dicta
515 2642 635 2708 colonis,

85 2745 143 2797 ens,
159 2735 187 2784 et
201 2731 369 2801 frugiferax,
385 2732 585 2801 populosaque
601 2731 696 2796 lellus,

85 3086 146 3138 attic
162 3084 276 3154 genitor
291 3085 394 3153 fuerat,
411 3085 460 3156 qui
472 3084 537 3155 jure
551 3085 674 3139 Serenus

85 3189 120 3240 rs,
137 3173 273 3244 quoniam
290 3173 397 3228 meruit
410 3189 550 3245 generare
566 3188 713 3227 serenum.

90 3266 119 3316 et
133 3261 255 3331 genitrix
268 3266 315 3315 est·
326 3262 408 3332 cujus
423 3261 555 3316 Amantia
572 3262 657 3315 dictu.

85 3349 176 3420 lpidus
189 3350 278 3404 miror
293 3350 390 3404 divino
408 3366 527 3405 munere
544 3355 665 3420 gestam,

85 3438 111 3492 bi
125 3437 298 3493 conveniunt
311 3439 436 3509 genitor,
452 3438 583 3509 genitrix,
600 3437 771 3510 genitusque

85 3543 128 3582 ius
142 3526 237 3597 dignis
251 3528 393 3581 donorum
410 3544 530 3581 munera
545 3528 645 3582 fantes.

85 3615 228 3671 iSerenns
243 3631 342 3684 ovans,
358 3617 481 3686 genitrix
494 3622 522 3671 et
537 3616 670 3671 Amantia
685 3616 805 3686 pollens,

85 3720 144 3758 mm
157 3709 198 3758 est
215 3709 353 3774 generent
367 3705 390 3758 si
404 3705 490 3759 talem
504 3705 569 3775 jure
583 3705 723 3775 puellum,

95 3792 144 3864 qui
161 3794 248 3847 sancti
268 3799 446 3848 memoretur
460 3794 565 3848 amoris
579 3794 737 3850 Amandus.

86 3883 165 3952 egio,
189 3898 253 3952 quos
269 3883 354 3936 talem
372 3883 558 3952 promeruisti

86 3971 183 4040 ,ferre
199 3971 304 4038 virum,
320 3971 445 4025 nutrice!
462 3969 539 4024 hunc
557 3969 581 4023 si
596 3969 735 4024 tenuisses

87 4063 123 4113 tas
138 4064 290 4131 quaterent
304 4063 330 4112 te
346 4075 422 4113 nunc
438 4059 503 4113 hinc
517 4059 583 4113 inde
597 4059 742 4129 proceliae.

88 4164 155 4202 rene
169 4154 252 4218 pater
265 4148 315 4202 tali
330 4164 383 4218 pro
399 4147 521 4217 pignore
536 4148 626 4214 salre3

86 4241 241 4301 scelerare,
260 4252 325 4307 que.
339 4237 415 4291 claro
432 4236 563 4307 germine
577 4235 674 4291 flores.

102 4509 226 4563 Amoudi
248 4512 399 4564 monastico
422 4512 452 4563 iu
470 4510 562 4564 insuia
582 4512 668 4578 Octo.
689 4512 805 4584 Serpens

91 4581 216 4648 lupotus.
238 4581 377 4635 Promissa
393 4583 485 4651 pratris
504 4587 665 4651 corttmnpto.

89 5308 244 5380 igebertus‚
268 5316 297 5365 ut
318 5328 404 5384 supra
424 5314 454 5368 el
473 5316 497 5367 l.
515 5313 663 5369 Februarii
680 5313 803 5370 dictum.
862 5311 970 5381 ferunt)
989 5312 1047 5367 vim
1066 5313 1158 5367 inesse
1178 5316 1276 5366 contra
1295 5312 1443 5380 serpentes
1465 5310 1625 5366 natttralem
1638 5307 1708 5364 olim

87 5381 173 5435 dms.
191 5384 321 5448 Tangere.
862 5383 1014 5438 creditum.
1039 5384 1113 5437 Plin.
1130 5384 1178 5438 lib.
1197 5398 1246 5449 vn,
1263 5398 1325 5453 cap.
1341 5385 1367 5437 2.
1385 5382 1436 5437 llic
1451 5396 1505 5452 pro
1521 5380 1709 5436 incantatori-

87 5453 105 5506 it
122 5454 292 5507 neutraliter
304 5453 431 5524 positum
447 5471 499 5525 pro
513 5457 636 5524 capitur.
862 5453 916 5508 bus
931 5455 1020 5526 accipi
1034 5471 1052 5508 a
1064 5455 1167 5509 llilone
1183 5454 1324 5508 ridentur.

87 5523 121 5576 sis
141 5523 229 5577 Italiac
251 5525 366 5595 populis
391 5525 472 5597 (quos
491 5541 508 5580 a
531 5527 625 5581 Circes
643 5526 702 5581 filio
731 5531 809 5582 ortos
