3930 6098
74 273 111 326 25
300 339 304 345 .
628 267 676 326 DE
697 269 1029 328 rumousuuarlorte
1049 268 1118 326 nul.
1139 299 1173 311 -
1191 269 1256 326 tle.
1278 269 1300 325 1.
1792 276 1826 329 26

74 409 122 458 tur
135 403 234 471 fallu,
251 401 320 474 quie
332 406 449 473 tempus
463 400 565 456 mortis
579 399 715 470 innotuit,
732 417 790 474 quo
808 402 852 458 vir
872 402 922 459 ille
939 401 964 459 Δ
980 401 1241 474 subtrahitur,quo
1266 417 1300 457 ex
1330 401 1427 458 diviua
1442 402 1572 474 potentia
1603 408 1670 459 aute
1696 409 1826 477 tempora

75 491 150 547 mori
177 490 369 546 merebatur:
397 504 450 544 uec
476 488 626 545 [lominica
650 492 757 545 statuta
791 491 926 545 convulsa
979 491 1138 562 praescitur.
1160 490 1214 547 Sed
1239 490 1391 546 sciendum
1419 492 1488 563 quia
1511 507 1611 547 creans
1639 497 1668 548 et
1689 493 1826 548 ordinans

75 585 152 647 suut,
164 579 246 651 quia,
257 582 289 635 ut
304 594 338 634 ex
352 578 486 649 largitate
500 578 552 633 Ilei
569 577 639 633 enni
665 578 730 633 vites
753 582 924 647 crescerent,
978 596 1031 636 noe
1039 581 1222 653 omnipotens
1234 581 1318 645 Deus,
1328 579 1411 650 jarrta
1423 581 1602 652 singolorum
1619 581 1826 653 meritadispo·

75 669 131 722 bec
145 682 264 739 quoque
279 670 344 722 ante
360 667 465 723 saecule
483 666 634 738 praelixam
659 665 727 734 loit;
752 677 839 738 atquc
864 683 926 739 spa·
980 668 1022 722 uit
1038 672 1067 723 et
1080 668 1257 722 terminum:
1288 672 1320 723 ut
1333 668 1377 723 vel
1404 670 1496 723 malus
1515 669 1564 724 ille
1588 669 1713 724 breviter
1739 669 1823 738 vivat,

75 757 148 810 uum
164 755 231 810 vitae
252 755 328 827 qnod
351 755 498 826 inopinate
524 755 594 809 toris
620 759 665 809 est
695 754 836 822 additum,
863 756 925 812 siue
978 773 1014 811 nc
1030 756 1127 811 multis
1142 756 1215 811 bene
1232 756 1383 826 egentibus
1393 761 1503 824 noceat,
1519 757 1563 812 rel
1577 758 1667 812 bonus
1690 757 1743 811 iste
1757 757 1825 812 diu-

73 847 233 914 eogmcuto
243 843 432 915 praescientiae
446 843 502 898 tuit
515 843 594 898 iulus
609 846 757 898 statutum.
768 844 843 898 Rene
855 859 924 914 ergo
977 845 1033 899 tios
1046 843 1076 898 in
1087 843 1140 899 bec
1153 844 1211 899 vita
1226 844 1370 912 subsistat,
1388 850 1420 899 ut
1435 844 1533 899 multis
1551 845 1620 899 boni
1635 844 1729 916 operis
1745 845 1825 918 adju·

71 933 177 987 dicitur
194 949 201 987 :
217 954 232 982 o
249 931 426 987 Constituisti
440 932 579 987 terminos
606 932 679 1002 ejus,
705 932 755 1003 qui
780 932 923 1003 praeteriri
977 939 1023 988 tor
1038 933 1157 994 existet:
1173 933 1217 987 vel
1233 949 1346 987 rursuru
1375 934 1467 988 melus
1491 932 1606 1003 longius
1625 933 1772 989 dilleratur
1793 933 1824 989 in

70 1036 131 1075 uon
146 1025 294 1092 poterunt.
313 1041 324 1070 s
341 1020 423 1085 Quod
436 1025 532 1075 tamen
543 1019 665 1091 intelligi
674 1021 760 1074 etiam
765 1020 847 1090 juxta
861 1020 924 1090 spi·
976 1021 1044 1087 vite,
1062 1024 1093 1075 ut
1107 1036 1193 1090 prava
1209 1020 1301 1075 adbuc
1314 1037 1402 1092 opera
1417 1024 1531 1092 augeat,
1554 1037 1588 1076 ex
1614 1037 1739 1092 quorum
1760 1027 1822 1076 teu·

70 1108 162 1163 ritum
179 1109 263 1173 velet,
276 1108 344 1179 quia
354 1123 565 1180 nonnunquam
576 1108 606 1163 in
618 1108 771 1163 virtutibus
782 1108 923 1178 proficere
975 1107 1084 1163 tatione
1098 1108 1213 1179 purgati
1225 1108 1319 1179 justus
1335 1110 1430 1165 verius
1445 1110 1552 1179 vivent,
1570 1110 1612 1164 vel
1626 1109 1719 1164 bouus
1739 1110 1824 1165 citius

69 1212 223 1263 conemur,
239 1201 267 1251 et
282 1197 414 1268 quaedem
424 1195 501 1251 done
517 1196 702 1268 percipimus,
717 1213 733 1250 a
749 1196 921 1267 quibusdam
974 1197 1169 1263 subtrahetur,
1186 1213 1233 1264 ne,
1250 1197 1274 1251 si
1289 1199 1335 1253 bic
1349 1197 1400 1253 diu
1412 1199 1525 1261 vixerit,
1541 1198 1603 1269 ejus
1622 1198 1819 1253 innocentiam

70 1300 139 1340 vcro
156 1284 266 1356 repulsi
281 1284 311 1339 in
325 1284 535 1355 imisjacemus.
552 1285 642 1340 Nemo
655 1285 733 1340 enim
744 1285 847 1356 estqui
857 1291 921 1340 ten·
974 1285 1085 1340 malitia
1096 1291 1272 1357 corrumpat.
1289 1286 1446 1342 Sciendum
1460 1293 1557 1342 tamen
1573 1287 1640 1358 qnia
1661 1287 1824 1358 benignitas

69 1378 133 1427 tum
147 1374 268 1428 virtutes
291 1373 487 1444 apprehendat
513 1381 655 1444 quantum
678 1373 830 1434 desiderat,
852 1373 921 1445 quia
974 1374 1025 1428 llei
1050 1379 1093 1429 cst
1120 1375 1318 1445 peccatoribus
1342 1375 1468 1445 spatium
1497 1375 1673 1446 paenitentiae
1706 1374 1822 1445 largiri;

69 1462 258 1533 omnipotens
274 1462 359 1531 Deus,
371 1461 511 1517 interiora
522 1462 696 1527 discernens,
713 1461 783 1533 ipsis
806 1461 919 1532 spirite-
973 1462 1023 1517 scd
1037 1463 1105 1534 quia
1123 1468 1238 1533 accepta
1254 1468 1384 1533 tempora
1405 1479 1463 1518 uon
1479 1463 1513 1519 ad
1537 1463 1662 1517 fructum
1685 1462 1825 1534 poeniteu·

70 1549 148 1605 libus
161 1550 339 1621 profectibus
367 1551 485 1606 modum
500 1551 603 1621 pouit:
636 1555 668 1604 ut
695 1566 729 1604 ex
751 1549 807 1605 hoc
831 1551 919 1605 homo
973 1550 1033 1618 tiae,
1050 1552 1086 1606 ad
1103 1566 1188 1608 usum
1201 1567 1268 1607 vero
1286 1552 1449 1623 iniquitatis
1462 1556 1588 1619 vertunt,
1602 1552 1679 1623 quod
1694 1568 1710 1606 a
1725 1551 1824 1607 divina

68 1638 150 1709 quod
166 1638 524 1709 apprehendereconatur,
540 1645 641 1693 ctnon
661 1639 746 1706 valet,
774 1638 805 1693 in
819 1639 919 1694 illisae
974 1639 1169 1695 misericordia
1202 1642 1306 1696 mereri
1335 1646 1478 1713 poteraut,
1508 1641 1654 1696 amittunt.
1689 1639 1823 1705 Quamvis

68 1726 319 1798 nouelevetqnae
347 1728 430 1782 valet.
456 1727 535 1782 Unde
564 1727 613 1781 ille
640 1742 757 1798 quoque
785 1727 919 1799 egregius
977 1728 1158 1800 omnipotens
1188 1730 1261 1783 bears
1288 1729 1361 1785 illud
1391 1735 1506 1801 tempus
1535 1728 1762 1799 uuiuscujusque
1786 1728 1821 1784 ed

67 1815 249 1886 praedicator,
265 1817 314 1886 qui
329 1821 429 1886 raptus
441 1814 607 1870 adtertlum
627 1816 729 1871 coeltam
750 1814 853 1885 iuerat,
872 1834 920 1888 pa·
976 1819 1099 1871 mortem
1114 1818 1243 1888 praesciat
1260 1833 1317 1889 quo
1332 1818 1394 1888 ejus
1407 1818 1464 1872 rita
1486 1818 1668 1884 terminatur,
1694 1832 1747 1871 uec
1766 1815 1822 1871 alio

69 1903 160 1957 radisi
172 1918 278 1958 amana
303 1908 516 1974 penetraverat,
538 1919 599 1958 esse
626 1909 691 1974 post
714 1903 919 1959 revelationem
974 1902 1146 1975 intempore
1161 1904 1313 1976 quisquam
1327 1904 1402 1959 mori
1417 1904 1521 1975 poluit,
1537 1904 1592 1959 uisi
1606 1905 1668 1975 ipso
1684 1919 1742 1975 quo
1759 1919 1820 1958 mo·

69 1992 246 2063 tranquillus
275 2000 361 2064 atque
384 1993 545 2048 intentatus
575 2009 634 2048 uon
663 1993 775 2048 valebat
796 1995 832 2063 (11
856 1994 917 2052 Gor.
974 1992 1055 2046 ritur.
1071 1993 1142 2047 Nam
1157 1993 1181 2047 si
1195 1993 1323 2049 Ezechiae
1338 1993 1406 2046 anni
1421 1993 1514 2048 additi
1534 1993 1569 2048 ad
1584 1992 1672 2046 vitam
1698 1989 1821 2062 quinde-

69 2096 118 2148 ιιι,
139 2085 177 2150 1).
196 2079 249 2135 Sed
266 2080 334 2152 quie
356 2080 540 2151 omnipotens
556 2081 631 2137 [leus
659 2080 798 2136 terminos
812 2082 919 2137 consti·
974 2081 1029 2134 cim
1046 2087 1251 2148 memorentur,
1268 2087 1381 2152 tempus
1396 2082 1515 2153 quidem
1536 2082 1600 2138 vitae
1615 2079 1703 2135 crevit
1717 2079 1754 2133 eb
1769 2079 1820 2134 illo

70 2169 126 2223 tuit
144 2169 268 2236 homiui,
284 2170 335 2240 qui
366 2169 509 2239 praeteriri
538 2186 596 2224 nou
624 2175 772 2239 poterunt,
799 2170 920 2226 elevavit
974 2169 1097 2223 termino
1112 2185 1169 2240 quo
1184 2170 1258 2224 mori
1269 2170 1330 2240 ipse
1345 2169 1520 2225 merebatur.
1536 2171 1606 2225 Nem
1620 2169 1716 2224 divina
1729 2166 1822 2238 dispo-

69 2257 148 2312 bunc
162 2257 199 2312 ed
213 2259 444 2328 cognoscendum
464 2258 609 2326 sublimia,
631 2263 659 2313 et
682 2258 793 2313 reduxit
813 2259 919 2315 iterum
973 2254 1039 2310 sitio
1054 2257 1115 2326 ejus
1130 2264 1244 2328 tempus
1256 2262 1325 2314 tunc
1339 2260 1473 2329 praesciit,
1489 2259 1566 2331 quod
1591 2258 1668 2312 huuc
1690 2259 1822 2326 postmo-

69 2345 237 2401 adinlirma
262 2346 422 2412 toleranda,
447 2351 480 2402 nt
506 2345 584 2402 modi
608 2347 652 2401 eoi
677 2363 825 2402 mensuras
840 2348 919 2419 aspi·
974 2345 1042 2399 dum
1059 2361 1093 2400 ex
1107 2347 1243 2416 presenti
1266 2348 1323 2402 vite
1347 2348 1496 2403 subtraxit.
1524 2348 1594 2402 Cum
1621 2360 1690 2416 crgo
1706 2345 1746 2399 ita
1773 2343 1820 2411 sit,

70 2434 151 2488 ciens
161 2436 229 2489 dum
246 2434 428 2489 securitatem
448 2434 694 2505 comprehendere
721 2440 875 2490 conaretur
888 2441 918 2491 ct
973 2432 1101 2503 quidest
1117 2436 1194 2505 quod
1215 2434 1330 2502 dicitur,
1343 2459 1356 2483 «ι
1372 2437 1439 2506 quia
1453 2436 1546 2507 iniqui
1559 2434 1663 2490 sublati
1676 2437 1742 2487 sunt
1756 2437 1822 2487 ante

67 2528 245 2593 nonposset,
264 2522 630 2594 neperelationemextre
653 2540 683 2578 se
707 2523 772 2590 iret,
795 2540 847 2595 per
862 2525 916 2580 bu·
972 2523 1202 2593 tempussuum'l
1222 2525 1311 2579 »Nisi
1338 2525 1416 2595 quod
1446 2522 1620 2594 omnesqui
1649 2526 1821 2592 presentem

68 2610 222 2666 militatem
237 2616 388 2682 cogeretur
402 2612 478 2667 intra
490 2627 558 2666 suos
581 2627 695 2683 semper
710 2612 849 2667 terminos
871 2628 916 2668 re·
972 2609 1059 2664 vitam
1073 2610 1209 2683 diligunt,
1224 2612 1358 2684 longiora
1376 2612 1430 2669 sibi
1444 2612 1574 2683 ejusdem
1588 2610 1822 2682 vitoespatiapro·

68 2699 140 2754 dire.
166 2700 277 2764 Quibus
298 2700 393 2755 verbis
413 2700 512 2754 beatus
537 2700 691 2771 Gregorius
706 2716 764 2754 uon
779 2701 871 2755 solum
886 2700 917 2755 in
972 2699 1101 2755 mittunt.
1117 2700 1171 2756 Sed
1188 2717 1255 2756 eum
1270 2718 1319 2757 eos
1334 2718 1412 2757 mors
1427 2700 1630 2773 superveniens
1644 2715 1661 2753 a
1685 2697 1821 2770 praesenti

67 2789 112 2842 bis
126 2803 194 2858 ques
207 2789 366 2842 secundum
381 2804 485 2858 corpus
504 2788 637 2843 homines
659 2788 817 2861 patiuntur,
845 2789 916 2843 divi·
972 2788 1029 2843 vita
1044 2789 1198 2858 subtrabit,
1215 2806 1317 2845 eorum
1334 2790 1399 2845 vitae
1418 2790 1519 2862 spatia,
1536 2805 1601 2860 quae
1617 2787 1673 2844 sibi
1687 2787 1820 2857 longiore

68 2892 136 2930 nam
151 2875 394 2946 dispensationem
416 2875 637 2933 moderatricem
661 2877 795 2945 ostendit,
813 2882 916 2932 'verum
972 2878 1055 2947 quasi
1076 2877 1105 2933 iu
1123 2878 1296 2950 cogitatione
1320 2879 1438 2934 tendere
1462 2883 1680 2945 consueverant,
1701 2875 1818 2930 interei-

67 2965 156 3019 etiam
166 2964 199 3018 in
213 2963 393 3034 spiritalibus
408 2964 583 3034 profectibus
598 2965 701 3020 divinae
723 2966 919 3037 dispositionis
937 2965 1024 3025 cuit.
1037 2967 1110 3021 ltem
1133 2967 1163 3021 in
1193 2967 1295 3023 eodem
1325 2967 1399 3022 libro
1428 2971 1498 3037 (cop.
1518 2969 1562 3032 37,
1586 2968 1644 3035 38),
1673 2980 1738 3018 cunr
1765 2969 1821 3018 tra-

69 3067 237 3106 mensuram
254 3068 316 3106 esse
332 3052 529 3109 demonstrat:
554 3059 586 3109 ut
609 3054 741 3109 universa
767 3071 833 3126 qum
859 3056 918 3110 sive
974 3057 1064 3108 claret
1090 3055 1260 3109 seutentiam
1286 3055 1362 3110 beati
1384 3054 1436 3110 lob
1458 3054 1603 3109 dicentis:
1634 3075 1645 3101 ι
1682 3053 1715 3106 ut
1734 3067 1820 3106 neruo

68 3139 230 3194 secuudum
243 3153 359 3209 corpus,
374 3139 434 3193 sive
454 3140 613 3196 secundom
633 3141 760 3196 animam
781 3146 917 3211 egenter,

68 3228 172 3281 divinae
195 3226 404 3281 moderationis
422 3229 579 3303 constituta
608 3245 791 3301 nequaquam
825 3233 918 3285 trans·

68 3314 149 3385 grem
168 3313 402 3386 comprobentur.
418 3314 489 3370 item
504 3316 534 3371 in
553 3317 655 3372 eodem
681 3318 753 3372 libro
774 3318 844 3389 (cop.
861 3315 917 3388 bt).

68 3402 182 3457 Praeiixi
196 3402 257 3456 dies
271 3403 393 3473 singulis
407 3405 442 3458 ab
456 3404 569 3459 interna
583 3405 634 3460 Dei
656 3405 845 3476 praescientia,
867 3419 918 3459 uec

68 3490 167 3561 augeri
180 3497 302 3561 possunt
315 3506 367 3545 uec
382 3492 487 3560 minui,
500 3493 556 3547 nisi
571 3494 719 3565 contingat
741 3499 774 3549 ut
788 3495 828 3548 ita
841 3509 917 3564 pree·

67 3581 208 3645 mantue,
226 3584 257 3633 nt
270 3586 321 3634 aut
332 3595 397 3635 cum
414 3581 532 3653 optimis
543 3583 678 3652 operibus
689 3583 834 3655 longiores
849 3583 917 3649 sint,

67 3673 115 3722 aut
130 3683 199 3721 cum
215 3666 345 3738 pessimis
359 3669 513 3725 breviores.
538 3670 615 3725 Sicut
633 3671 766 3727 Ezechiae
780 3687 918 3742 augmen·

67 3763 127 3810 tum
144 3755 260 3810 dieram
275 3757 381 3813 meruit
394 3757 574 3830 impensione
584 3760 776 3830 lacrymarum
792 3761 915 3831 (lVlleg.

66 3860 109 3911 rr,
127 3843 172 3913 6);
186 3847 216 3897 et
230 3843 303 3899 sicut
316 3845 352 3900 de
376 3847 516 3916 perversis
532 3848 668 3919 scriplum
684 3851 745 3903 est:
767 3869 781 3898 o
798 3846 917 3903 Indisci·

67 3930 185 3998 plinatis
198 3930 295 3986 obviat
309 3948 387 3987 mors
410 3936 499 4001 (Proo.
515 3951 589 4003 ιω,
608 3937 645 4005 1).
663 3936 743 3992 »Sed
767 3953 842 4007 saepe
856 3936 916 3990 ini-

974 3148 1101 3194 avertere
1120 3146 1213 3212 potest
1225 3141 1429 3212 cogitationem
1450 3144 1513 3212 ejus
1534 3141 1610 3209 (Job.
1630 3157 1708 3207 ratri,
1730 3141 1785 3209 13),
1805 3160 1816 3189 ι

973 3228 1035 3282 haec
1049 3228 1199 3299 subjungit
1216 3245 1222 3281 :
1240 3228 1329 3301 [Sient
1343 3229 1421 3283 enirn
1434 3227 1624 3283 immutabilis
1638 3232 1749 3280 naturae
1764 3230 1815 3289 est,
1855 3220 1862 3233 '

973 3315 1013 3370 ita
1026 3316 1214 3372 immutabilis
1233 3317 1396 3373 voluntatis.
1412 3315 1622 3388 Cogitationem
1634 3314 1741 3386 quippe
1756 3313 1818 3384 ejus

973 3404 1069 3459 nullus
1088 3406 1201 3473 avertit,
1221 3405 1290 3476 quia
1305 3421 1390 3461 nemo
1406 3405 1539 3460 resistere
1556 3402 1675 3458 occultis
1692 3402 1754 3473 ejus
1766 3401 1817 3471 ju-

973 3493 1055 3548 diciis
1069 3496 1214 3565 praevalet.
1233 3496 1304 3550 Nam
1321 3494 1373 3549 etsi
1401 3494 1519 3549 inerunt
1545 3491 1664 3564 quidam
1688 3490 1738 3562 qui
1765 3490 1814 3544 de·

972 3583 1186 3653 precationibus
1196 3584 1256 3638 suis
1270 3583 1332 3654 ejus
1355 3583 1557 3654 cogitationem
1580 3580 1715 3636 avertisse
1739 3579 1817 3633 ride·

971 3677 1081 3735 rentur,
1097 3671 1138 3726 ita
1156 3670 1211 3726 luit
1225 3672 1287 3742 ejus
1301 3672 1417 3727 iuterna
1431 3671 1577 3743 cogitatio,
1594 3676 1625 3725 ut
1647 3667 1816 3724 senteutiam

971 3758 1049 3813 illius
1064 3763 1192 3813 evertere
1206 3759 1385 3829 deprecando
1409 3760 1581 3828 potuissent,
1595 3763 1623 3812 et
1642 3757 1677 3813 ab
1696 3756 1758 3828 ipso
1775 3772 1818 3809 ac·

971 3852 1110 3916 ceperunt
1139 3847 1216 3918 quod
1242 3851 1359 3917 agerent
1386 3847 1461 3918 apud
1482 3848 1587 3917 ipsum.
1617 3845 1697 3901 Dicat
1724 3860 1816 3915 crgo:

973 3953 988 3987 a
1004 3936 1036 3989 Et
1049 3950 1135 3989 nemo
1152 3939 1278 3990 avertere
1295 3940 1391 4006 potest
1412 3935 1616 4006 cogitationem
1632 3935 1704 4004 ejus,
1717 3954 1732 3983 o
1749 3933 1818 4003 quia

67 4032 152 4086 queas,
168 4018 301 4089 quamvis
324 4020 356 4074 in
374 4023 484 4077 occulta
494 4024 544 4078 Dei
558 4025 739 4094 prescientia
749 4025 835 4095 longa
850 4025 916 4080 viter
970 4023 1059 4078 semel
1072 4023 1127 4078 lixa
1138 4023 1247 4094 judicia
1260 4025 1365 4079 mutari
1384 4039 1567 4094 nequaquam
1582 4025 1702 4094 possunt
1718 4036 1725 4076 ε
1739 4019 1817 4076 Unde

67 4105 128 4174 eins
159 4110 291 4175 tempora
316 4123 375 4162 non
399 4109 456 4164 sint
485 4111 700 4181 predestinata,
734 4112 794 4183 ipsc
819 4118 916 4167 tamen
970 4112 1189 4183 scriptumest:
1207 4106 1819 4185 «Praeceptumposuit,etnoupraeteribit

68 4191 135 4261 quia
162 4191 317 4248 carnaliter
340 4193 434 4249 vivere
453 4198 572 4267 appetit,
598 4198 700 4269 longos
731 4199 828 4254 animo
856 4199 916 4253 dies
935 4198 1054 4295 Β(Ρειιῑ.
1072 4204 1242 4269 mnv111,6);
1269 4224 1282 4249 a
1305 4206 1332 4256 et
1352 4217 1522 4255 rursum«
1553 4199 1662 4256 Coelnm
1688 4203 1716 4253 et
1743 4202 1820 4252 terra

68 4279 214 4350 proponit.
239 4282 273 4335 Et
297 4282 366 4351 quie
390 4283 424 4337 ed
444 4283 516 4339 illud
541 4290 655 4359 tempus
688 4288 838 4359 pervenire
859 4303 917 4342 non
972 4289 1355 4356 transibunt,verbaautem
1378 4305 1443 4343 mea
1467 4304 1526 4342 non
1549 4287 1712 4343 transibunt
1738 4285 1817 4355 (Luc.

68 4367 143 4422 salet
171 4368 251 4439 quod
285 4376 441 4442 exspectet,
469 4375 553 4445 quasi
579 4380 736 4446 antequam
765 4376 918 4431 dicsillius
971 4392 1028 4443 xxi,
1043 4376 1102 4448 33);
1122 4381 1175 4431 set
1192 4393 1305 4432 rursum
1324 4393 1331 4431 ε
1349 4397 1363 4429 e
1379 4377 1442 4431 Non
1453 4376 1531 4431 enirn
1545 4374 1733 4446 cogitationes
1746 4389 1819 4428 mem

67 4452 246 4526 impleantur
260 4458 345 4528 perit.
362 4459 394 4514 Et
406 4459 454 4514 bic
470 4462 540 4516 dum
562 4463 623 4518 dies
637 4465 774 4520 humanae
788 4465 852 4520 vitae
869 4466 918 4521 do·
972 4464 1045 4519 sicut
1057 4464 1245 4536 cogitationes
1259 4469 1369 4532 vestro,
1381 4481 1474 4536 neque
1486 4465 1539 4518 rie
1547 4470 1740 4529 meae,realroe
1752 4464 1817 4533 (leo.

68 4551 110 4600 cet
133 4562 170 4600 ex
199 4546 297 4603 divina
323 4550 576 4620 predestinatione
608 4554 753 4622 definitos,
776 4560 918 4613 monstrat
971 4569 1015 4622 ov,
1031 4552 1069 4624 8).
1087 4555 1186 4610 »Cum
1202 4569 1271 4624 ergo
1287 4553 1412 4609 exterius
1428 4552 1818 4618 mutarividetursenteutia,

67 4641 146 4689 actus
171 4635 308 4691 hiemante
332 4636 396 4694 vitre
414 4638 510 4696 divina
535 4640 748 4713 dispensatione
762 4645 915 4701 deservire.
970 4642 1091 4697 interius
1106 4643 1258 4697 consilium
1274 4659 1332 4697 non
1347 4647 1485 4705 mutmer,
1510 4640 1628 4713 quiade
1644 4656 1819 4713 unaqueque

68 4724 139 4778 lum
152 4724 183 4777 in
208 4724 281 4779 libro
306 4741 352 4785 xvi
379 4730 450 4797 (cop.
468 4730 522 4798 10),
553 4746 619 4786 cum
644 4736 777 4787 tractaret
799 4739 917 4788 senten·
971 4746 1001 4786 re
1020 4730 1239 4786 immutabiliter
1262 4730 1339 4786 intus
1360 4730 1556 4798 constituitur,
1578 4730 1718 4802 quidquid
1742 4730 1819 4784 iores

67 4811 136 4866 dem
151 4827 209 4883 qua
223 4812 259 4868 de
273 4813 382 4886 iniquis
397 4815 502 4871 dicitur
517 4834 524 4873 z
543 4840 557 4868 a
571 4819 625 4883 Qui
640 4820 745 4876 sublati
761 4825 828 4876 sont
850 4825 917 4876 aute
971 4818 1149 4875 mutabiliter
1163 4821 1268 4890 agitur.
1286 4819 1422 4891 Sequitur
1437 4835 1443 4874 :
1464 4841 1475 4868 a
1494 4820 1524 4874 Et
1542 4819 1639 4874 anima
1653 4819 1714 4889 ejus
1730 4817 1820 4889 quod-

66 4904 182 4971 tempus
213 4916 309 4967 suum,
348 4908 377 4958 et
415 4903 520 4960 liovius
558 4906 697 4962 subvertit
728 4907 918 4963 fundamenta
970 4923 1084 4979 cunque
1105 4908 1208 4975 voluit,
1233 4908 1310 4964 lecit.
1329 4926 1344 4960 a
1362 4909 1433 4964 Cum
1457 4907 1494 4961 sit
1514 4908 1624 4963 eunctis
1650 4906 1818 4977 corporibus

66 5004 169 5044 comm
185 4989 256 5056 (lob.
283 5006 351 5060 1111,
374 4994 427 5061 16),
447 5013 458 5042 ι
480 4993 542 5049 haec
565 4995 732 5051 subsecutus
760 5000 804 5052 est
821 5014 827 5052 :
846 4998 917 5053 Cum
971 4996 1105 5065 exterior,
1120 4996 1229 5051 cunctis
1244 4997 1389 5052 ruentibus
1404 4997 1524 5051 interior
1539 4997 1623 5062 Deus,
1644 5012 1678 5050 ea
1700 4995 1763 5063 ipse
1776 4990 1818 5044 vis

66 5081 183 5148 tempus
211 5077 308 5133 vitrea
332 5078 430 5135 divina
459 5083 640 5153 praescientia
668 5085 917 5156 nobissitprocul
971 5083 1111 5155 ejusque
1131 5085 1229 5139 omnia
1256 5089 1397 5156 penetret,
1429 5091 1531 5140 cuncta
1557 5082 1693 5154 disponit,
1722 5078 1818 5134 anima

67 5165 157 5221 dubio
170 5165 334 5237 prolixum,
358 5171 547 5240 quaerendum
566 5174 646 5228 valde
661 5178 704 5229 est
728 5190 785 5246 qua
808 5175 916 5230 ratione
970 5172 1048 5226 illius
1068 5173 1239 5244 appellator.
1265 5174 1352 5245 Cujus
1377 5173 1511 5229 videlicet
1535 5169 1672 5225 voluntati
1701 5184 1753 5224 nec
1769 5168 1819 5224 illa

66 5270 144 5309 nunc
173 5254 346 5325 dicitquod
372 5257 468 5329 iniqui
494 5275 528 5315 ex
555 5261 692 5331 presenti
720 5262 826 5318 saeculo
850 5267 916 5319 aute
971 5260 1114 5316 obsistunt
1128 5277 1193 5332 quae
1215 5267 1315 5317 contra
1330 5262 1507 5317 voluntatem
1533 5259 1610 5313 illius
1634 5257 1698 5313 lieri
1721 5257 1818 5314 viden·

65 5346 182 5412 tempus
201 5343 353 5413 proprium
382 5345 597 5404 subtrahantur.
620 5349 809 5422 Omnipotens
838 5351 916 5406 enim
970 5353 1029 5414 tur,
1056 5348 1124 5420 quia
1150 5351 1205 5405 hoc
1229 5365 1439 5420 nonnunquam
1466 5345 1607 5418 permittit
1633 5344 1697 5402 fleri
1730 5347 1818 5403 etiam

66 5430 152 5497 Deus,
166 5429 221 5484 etsi
241 5432 415 5505 plerumque
440 5440 533 5491 mutat
554 5437 738 5505 sententiam,
763 5439 916 5494 consilium
971 5439 1047 5509 quod
1062 5454 1120 5493 non
1131 5439 1271 5512 praecipit,
1284 5446 1317 5495 ut
1330 5454 1383 5510 per
1396 5439 1452 5492 boc
1465 5433 1536 5489 illud
1548 5435 1653 5493 certius
1663 5436 1818 5509 impleatur

65 5533 227 5590 uunquam.
252 5519 291 5574 Ec
315 5533 384 5590 ergo
412 5525 543 5594 tempore
570 5538 606 5578 ex
631 5523 685 5580 hac
712 5523 770 5580 vite
794 5525 916 5597 quisquc
970 5525 1304 5599 quodjubet.apostetre
1319 5527 1427 5598 qnippe
1442 5523 1538 5594 angeli
1561 5541 1696 5596 perverse
1717 5529 1817 5583 releu-
