3930 6098
103 249 155 303 863
671 244 842 300 GnlnALnl
861 244 1122 302 satalitensis
1140 246 1284 302 ueneris
1799 252 1839 303 set

206 391 236 449 a.
262 387 418 432 nournrca
441 388 473 428 ιν
496 388 572 430 rosr
594 388 835 430 reseruemus.
968 371 1037 429 Ain
1067 373 1200 430 cordibus
1225 373 1324 430 restris
1350 375 1512 443 seminare,
1541 381 1571 430 et
1596 375 1633 431 ad
1663 375 1837 433 maturitatem

137 464 341 521 Tentetionnm
365 461 496 518 omnium
521 461 634 517 avobis
659 462 798 518 Dominus
822 462 951 533 pericula
1007 478 1164 529 congruam
1178 463 1313 533 dignetur
1328 464 1494 535 perducere.
1508 468 1612 519 Amen.

104 558 267 614 removeat.
299 557 329 606 et
356 550 608 624 perturbationum
636 552 775 623 procellae
803 551 954 606 miseratus
1042 550 1104 615 Quo
1130 567 1183 606 nec
1207 568 1224 605 a
1252 552 1431 608 daemonibus
1459 557 1641 621 comestum,
1672 567 1728 606 nec
1753 552 1837 608 durin'a

104 643 245 700 excludet.
261 645 375 697 Amen..
1006 639 1099 693 cordis
1127 639 1293 707 arefactum,
1318 655 1372 694 uec
1395 639 1485 709 spinis
1512 639 1697 705 suffocatum,
1724 644 1837 695 cennas·
1867 708 1869 713 Ι

29 755 32 760 ’
139 729 300 786 Tentatoris
321 728 438 784 fraudes
456 733 542 799 etque
572 726 719 783 molimina
749 727 897 790 dissolvat,
926 733 954 784 et
1005 724 1082 779 rium
1098 726 1186 796 possit
1200 726 1320 780 reddere
1335 727 1469 781 fructum.
1486 730 1588 782 Amen.
1867 738 1869 799 j

101 837 153 875 vos
177 819 311 873 adversus
335 834 401 872 eum
423 823 523 872 cantos
548 823 633 889 atquc
657 816 837 872 invincibiles
857 817 951 874 iaciat.
1042 814 1188 878 Quatenus
1208 814 1238 869 in
1256 815 1358 870 ultime
1378 815 1556 882 discrimine,
1573 814 1693 887 quando
1709 815 1836 888 merltipec

103 912 205 964 Amen.
1007 902 1140 972 crimine,
1171 902 1212 957 uti
1238 903 1346 958 zizania
1374 903 1435 975 igni
1463 903 1670 973 comburenda,
1694 891 1833 972 tradentur,

137 993 287 1051 Continuae
313 993 391 1064 pacis
412 993 493 1048 vebis
517 1008 638 1047 munere
658 991 776 1060 tribuet,
802 997 830 1049 et
852 1010 903 1048 vos
922 992 954 1049 in
1006 991 1085 1046 vebis
1119 992 1281 1061 manipulas
1314 992 1431 1064 frugum
1464 999 1625 1048 vestrarum
1658 991 1834 1064 perunitus,

102 1088 219 1155 portum
237 1081 456 1153 tranquillitatis
470 1097 502 1136 ac
520 1081 679 1137 securitatis
694 1081 866 1153 propitiatus
884 1098 954 1138 cen·
1006 1079 1109 1134 horrea
1122 1081 1259 1136 coelorum
1275 1082 1451 1151 aperientur.
1467 1083 1569 1136 Amen.

104 1172 211 1226 stituat.
228 1174 330 1225 Amen.
1040 1168 1121 1233 Quod
1146 1185 1257 1224 summa
1282 1169 1404 1225 Trinitas
1440 1175 1573 1241 praestare
1605 1169 1760 1241 dignetur,
1785 1186 1832 1241 qne

139 1260 219 1324 Quod
235 1259 306 1330 ipse.
1005 1256 1182 1327 quibuslibet
1205 1257 1275 1312 loris
1297 1257 1532 1330 impendentibus
1559 1257 1763 1324 ministerium,
1786 1259 1833 1328 ipsa

222 1382 249 1421 Β.
273 1381 431 1421 nomm
452 1381 471 1419 γ
495 1380 570 1421 905,
592 1379 840 1420 mmmm
1005 1345 1065 1399 sela
1080 1344 1252 1400 intrinsecus
1272 1346 1339 1400 dare
1359 1351 1455 1418 potest
1468 1347 1693 1412 incrementum,
1708 1345 1738 1401 in
1752 1346 1831 1400 secale

141 1456 224 1520 Deus,
252 1455 301 1525 qni
322 1454 430 1508 bonurn
456 1469 554 1509 semen
578 1453 609 1508 in
632 1469 685 1508 sua
708 1452 831 1509 Ecclesia
856 1468 952 1508 serere
1005 1433 1185 1488 ⁸ae⁰⁰¹⁰l¹¹ffi
1202 1438 1302 1489 emen·
1564 1510 1566 1515 ,

104 1543 262 1610 consuevit,
283 1542 313 1597 in
332 1543 413 1598 vobis
426 1543 498 1597 illud
519 1557 689 1598 conservare
710 1548 797 1613 atque
812 1541 951 1614 multipli-
1237 1555 1265 1594 e.
1288 1556 1320 1596 rn
1344 1554 1624 1604 eorneoseesras.

104 1647 167 1686 Wfl
180 1646 329 1701 nunquam
344 1631 470 1686 desinat·
488 1633 587 1685 3⁰¹0ss-
970 1672 991 1726 Β
1043 1646 1151 1700 Lumen
1172 1645 1339 1701 indellciens
1361 1647 1446 1713 neers,
1473 1647 1523 1718 qni
1552 1645 1588 1700 ‘ed
1612 1645 1829 1701 illuminationem

139 1718 319 1774 Zizaniorum
341 1717 664 1790 superseminatorema
686 1717 766 1772 vobis
788 1719 888 1789 procul
903 1734 952 1773 re-
1007 1738 1135 1789 n0stmm
1159 1735 1259 1790 lumen
1281 1735 1316 1789 dg
1342 1751 1371 1789 50
1396 1734 1526 1805 genitum
1551 1734 1582 1789 jn
1609 1735 1688 1789 hunc
1715 1734 1830 1788 mundum

103 1807 200 1879 pellet,
217 1808 302 1862 ebeni
317 1808 396 1863 Verbi
416 1807 521 1879 pabulo
542 1823 591 1862 VOS
614 1807 811 1864 indesinenter
831 1806 950 1863 reficiet.
1006 1822 1131 1893 djpjggpg
1155 1822 1246 1878 poluit
1272 1822 1464 1891 inem-natum,
1493 1823 1554 1894 ipse
1583 1822 1698 1893 apgrirg
1722 1822 1830 1894 digpglpp

102 1899 206 1951 Amen·
1006 1912 1104 1967 oculos
1117 1910 1344 1981 praecordiorum
1357 1916 1526 1966 vestrorum.
1539 1914 1643 1966 Amen.

139 1982 368 2050 0¹1⁰‚011ffld508
388 1982 488 2053 ludicii
506 1983 847 2054 a(³V‘311‘2siirlf‘lli0bis
871 2000 951 2056 sepa·
1042 2000 1187 2064 Quatenus
1213 1999 1307 2070 ipsum
1335 2005 1497 2070 sequentes,
1526 2004 1555 2054 et
1582 1999 1656 2054 alios
1679 1998 1716 2054 ad
1741 1998 1827 2053 landen

103 2071 169 2137 reti,
185 2072 221 2126 ed
236 2071 382 2126 dexteram
395 2072 501 2141 judicis
523 2071 674 2139 sistamini,
691 2072 765 2128 etin
787 2073 952 2128 beatissimo
1007 2089 1058 2144 pei
1078 2088 1238 2142 accendatis
1258 2093 1287 2143 gt
1308 2087 1364 2160 ipsi
1388 2088 1423 2143 ad
1449 2088 1569 2142 dmum
1586 2087 1640 2142 pei
1663 2086 1828 2142 mmm

103 2160 194 2232 ipsine
208 2175 299 2231 regno
313 2160 504 2216 collocemini.
521 2166 620 2217 emen,
1007 2174 1086 2229 coelis
1101 2173 1283 2244 perveniatis.
1299 2177 1400 2229 Amen.

139 2248 221 2314 Quod
236 2249 298 2319 19⁵³
311 2253 458 2319 imme·
1042 2263 1074 2317 ln
1090 2278 1176 2333 quam
1197 2279 1250 2334 per
1264 2264 1357 2334 ipsum
1375 2269 1404 2317 et
1426 2263 1533 2317 ostium
1551 2267 1581 2318 et
1594 2261 1743 2317 ostiarium
1762 2261 1827 2315 intre

212 2370 239 2410 a.
263 2370 420 2411 noarurcs
441 2371 475 2411 vr
498 2370 573 2413 rose
595 2371 844 2413 reeorusnraa.
1007 2352 1095 2420 ducti,
1112 2352 1217 2406 divinis
1239 2351 1371 2406 laudibus
1387 2352 1418 2406 in
1436 2351 1539 2406 secula
1554 2351 1827 2422 saculornmperne·

142 2443 215 2498 neris
232 2444 282 2515 qui
306 2459 385 2498 mare
407 2444 466 2498 suis
487 2445 611 2514 pedibus
633 2445 700 2499 lecit
723 2461 785 2499 esse
805 2444 952 2512 calcabile,
1007 2439 1099 2495 neatis
1113 2439 1228 2494 intenti.
1245 2442 1345 2494 Amen.

105 2531 184 2585 vobis
203 2531 344 2603 quidquid
362 2537 405 2586 est
423 2532 552 2599 noxium,
568 2532 629 2603 ipse
653 2534 824 2589 substernet.
849 2537 950 2588 emen.
1042 2528 1121 2593 Quod
1137 2528 1199 2598 ejus
1223 2528 1391 2599 dignatione
1413 2528 1477 2583 lieri
1500 2528 1691 2599 postulemus,
1710 2526 1758 2600 qai
1775 2540 1826 2597 ques

140 2619 303 2674 Contrarias
324 2620 541 2675 immundorum
569 2619 722 2691 spirituum
751 2625 846 2677 motus
875 2638 951 2677 com·
1007 2622 1073 2671 ante
1096 2617 1234 2687 saeculum
1259 2615 1402 2686 praescivit
1430 2621 1459 2670 et
1484 2615 1712 2686 praedestinavit,
1739 2616 1826 2669 eteute

104 2712 211 2778 pascet,
226 2712 254 2762 et
268 2723 317 2762 vos
331 2707 362 2763 iu
376 2725 427 2763 sue
440 2725 509 2779 pace
521 2707 682 2764 confirmet.
700 2714 800 2766 Amen.
1006 2704 1094 2760 linem
1118 2705 1215 2759 saeculi
1236 2704 1346 2759 vocavit
1368 2709 1397 2759 et
1415 2703 1593 2776 justificavit,
1617 2704 1648 2758 in
1677 2702 1736 2758 line
1756 2696 1826 2755 secali

140 2795 237 2851 Crucis
259 2811 318 2849 suae
334 2794 400 2850 navi
421 2796 497 2850 inter
515 2797 618 2852 mundi
640 2797 743 2852 lluctus
758 2798 909 2869 gubernet,
924 2802 953 2854 et
1006 2793 1177 2864 glorificabit
1190 2793 1220 2847 in
1234 2793 1337 2847 soeeule
1351 2793 1531 2848 saeculorum.
1548 2794 1651 2847 Amen.

104 2882 135 2937 in
151 2883 230 2938 littus
244 2885 334 2939 beatae
348 2884 537 2956 perennitatis
552 2887 698 2957 perducat.
713 2889 815 2941 Amen.
1165 2915 1192 2955 g,
1216 2914 1373 2956 „011³ch
1398 2915 1406 2955 ι
1428 2913 1696 2963 ngnflfflsm,

139 2970 231 3036 ΟΜ·
561 3005 563 3010 ’
972 2946 993 3003 c
1044 3007 1198 3063 Benedicat
1219 3007 1299 3063 vebis
1317 3007 1501 3075 omnipotens
1520 3007 1605 3072 nens,
1629 3005 1679 3076 qui
1695 3004 1826 3076 quadrags-

204 3093 230 3132 Β·
253 3093 285 3133 ¹¹¹
310 3092 563 3134 ΡῦῊῊῦᾸΉθΝῑ
585 3093 714 3135 ΜΕΝ
739 3094 853 3135 ΗΜΕ-
1008 3096 1123 3150 narium
1143 3096 1343 3151 nnmerumin
1365 3095 1452 3166 lloysi
1474 3098 1503 3148 et
1528 3093 1608 3161 Elim,
1638 3109 1690 3148 nee
1718 3108 1772 3146 nou
1792 3088 1827 3144 te

140 3182 328 3254 Omnipotens
346 3185 429 3252 neres,
445 3184 496 3256 qui
511 3185 697 3253 Unigenitum
714 3202 797 3240 suum
814 3185 953 3241 hodierna
1006 3184 1125 3239 dieteris
1140 3184 1229 3238 nostri
1250 3183 1359 3255 jejunio
1382 3182 1569 3246 consecravit,
1584 3182 1775 3252 concedatque
1791 3191 1826 3230 re·

105 3271 152 3327 die
173 3271 203 3325 in
227 3277 374 3344 assumpte
387 3288 472 3327 carne
487 3273 518 3328 in
540 3275 648 3345 templo
664 3274 753 3329 voluit
774 3275 951 3346 praesentari,
1006 3270 1050 3325 bis
1070 3272 1109 3325 ita
1124 3270 1281 3341 transigere
1305 3269 1453 3340 praesentis
1474 3269 1536 3323 vitu
1553 3266 1827 3339 dispensationen,nt

104 3359 308 3414 benedictionis
323 3376 382 3415 suae
405 3377 455 3415 ros
472 3361 702 3424 muuerelultos,
718 3362 800 3418 bonis
816 3363 953 3434 operibns
1006 3365 1122 3430 accepto
1161 3377 1177 3413 e
1208 3358 1414 3429 patrefamilias
1443 3355 1687 3413 remunerationis
1715 3352 1825 3415 dennis,

104 3448 189 3503 faciet
204 3449 345 3504 exornari.
361 3455 462 3505 Amen.
1005 3448 1181 3519 perveniatis
1200 3448 1235 3502 ad
1251 3451 1433 3518 peccatorum
1453 3445 1584 3501 omnium
1600 3444 1797 3506 remissionem,
1807 3444 1827 3492 et

142 3535 175 3589 Et
189 3534 237 3605 qui
259 3550 335 3602 eam,
350 3540 383 3589 nt
397 3536 489 3607 legem
512 3535 694 3608 adimpleret,
716 3536 881 3592 ministrnm
902 3552 952 3591 vo·
1007 3535 1043 3591 ad
1065 3537 1219 3607 gloriosam
1237 3553 1303 3590 cum
1323 3535 1428 3591 sanetis
1444 3535 1578 3590 omnibus
1601 3533 1824 3590 resurrectionen.

106 3620 160 3674 luit
183 3621 257 3675 ellici
278 3622 358 3693 legis,
383 3629 493 3678 mentes
518 3630 627 3678 vestras
648 3625 773 3680 instruat
795 3625 867 3697 legis
893 3641 951 3680 snae
1006 3628 1108 3680 Amen.
1867 3611 1869 3641 ³

107 3708 484 3782 spiritalibusdocumentis.
501 3717 600 3769 Amen.
1042 3715 1151 3785 Detqne
1177 3713 1256 3768 vebis
1282 3711 1455 3783 spiritalium
1480 3711 1621 3765 virtutum
1650 3706 1825 3766 invictissima.

141 3796 202 3862 Quo
229 3798 255 3852 ei
275 3804 304 3854 et
323 3816 375 3870 pro
402 3800 570 3868 turturibus,
594 3801 731 3857 castitatis
755 3807 784 3857 et
806 3801 953 3857 charitatis
1007 3801 1067 3872 [ol.,
1092 3799 1260 3873 invictricia]
1285 3815 1375 3866 arma,
1391 3799 1496 3871 quibus
1516 3799 1650 3869 exemplo
1673 3792 1824 3854 namnids·

106 3903 228 3942 munera
249 3887 351 3944 offerre
376 3890 505 3956 valeatis;
522 3897 551 3946 et
569 3891 725 3962 propellis
741 3892 951 3948 columbarum.
1006 3890 1118 3945 vincere
1147 3889 1262 3944 veleatis
1290 3888 1402 3960 antiqui
1431 3887 1527 3958 bostis⁸
1548 3887 1733 3959 sagacissime
1756 3885 1825 3939 teub-
1866 3877 1869 3926 ἰ

106 3965 230 4048 Spiritus
245 3976 336 4032 saneti
348 3976 431 4032 donis
443 3979 615 4035 exuberetis.
632 3983 734 4035 emen.
1007 3985 1116 4033 menta.
1130 3981 1233 4033 Amen.

141 4064 223 4129 Quod
237 4065 309 4138 ipse.
1042 4066 1103 4132 Quo
1118 4082 1175 4121 non
1190 4067 1220 4120 in
1236 4067 1298 4120 solo
1313 4081 1397 4136 pane,
1415 4064 1464 4120 sed
1479 4064 1509 4119 in
1524 4063 1605 4118 omui
1626 4063 1715 4120 verbo
1728 4055 1825 4134 qnod&

351 4170 379 4210 n.
402 4170 434 4210 rs
457 4168 712 4211 serrueeeslea.
1007 4171 1057 4210 ore
1081 4155 1141 4226 elus
1163 4156 1301 4226 procedit,
1328 4153 1486 4225 spiritalem
1509 4158 1658 4208 sumentes
1677 4147 1822 4207 alimonis.

142 4259 206 4328 lpse
230 4276 280 4313 scos
302 4259 332 4313 in
351 4259 471 4314 Ecclesia
491 4276 542 4313 sna
564 4259 734 4315 fructificare
751 4260 836 4315 iaciat
850 4263 899 4331 qui
918 4261 953 4315 ed
973 4244 1060 4314 nper
1076 4244 1254 4315 lebwinum
1279 4239 1822 4338 ⁰b⁵0ltali⁰ssems²²021⁶¹⁰fflmqb⁰⁰e

106 4345 291 4402 excolendam
312 4348 424 4403 vineam
439 4363 532 4416 snam,
548 4363 641 4414 mane,
665 4348 736 4403 hora
752 4349 847 4415 tertia,
863 4354 952 4416 sexte,
1006 4348 1070 4387 ΗΠΒ
1085 4349 1205 4405 ⁰P0f1¹ffl
1223 4330 1602 4403 ⁰¹hlhiii⁰¹¹⁰¹1¹sl>0¹⁰il>⁰f⁰
1617 4337 1823 4385 mmmmm

105 4449 192 4500 noue,
208 4439 236 4489 et
251 4436 404 4491 undecima
418 4436 564 4507 operarios
577 4436 686 4492 inritat.
701 4440 803 4492 Amen.
1008 4422 1232 4476 malcefflibilffln
1245 4422 1345 4493 8¹⁰5ae
1359 4437 1505 4475 mmmm·
1521 4423 1624 4476 Amen·

140 4521 284 4586 Quatenus
312 4524 387 4579 inter
415 4525 525 4595 primos
554 4530 707 4596 operantes
735 4541 788 4580 nee
816 4525 953 4581 extremis
1042 4510 1208 4581 0⁰⁰dil¹⁸0·
1558 4510 1566 4517 ⁴

106 4608 274 4679 invidentes,
288 4614 448 4669 mercedem
469 4613 772 4670 labernmvestrorum
787 4614 848 4670 sine
870 4631 949 4670 mur·
1157 4633 1184 4672 a.
1207 4632 1364 4673 noarnrce
1389 4631 1412 4671 ιι
1435 4629 1707 4680 enenaeneslan.

107 4713 189 4754 mure
204 4705 232 4754 et
245 4700 439 4773 increpatione
456 4702 629 4774 percipiatis.
644 4708 747 4760 Amen.
1043 4706 1229 4776 Omnipotens
1251 4707 1333 4772 Deus,
1346 4704 1452 4775 jejunii
1467 4710 1697 4774 caeterarumque
1716 4702 1822 4754 eisteten

143 4789 178 4842 Ut
189 4804 254 4843 cum
269 4789 314 4843 his
322 4790 372 4861 qui
383 4791 520 4846 membris
539 4791 642 4846 Christi
653 4792 782 4847 minimis
802 4792 953 4848 subvenire
1007 4794 1157 4849 dedicator
1176 4799 1262 4866 atque
1287 4798 1407 4859 amator,
1424 4807 1475 4846 sne
1496 4807 1545 4846 vos
1564 4789 1762 4845 benedictione
1780 4795 1823 4837 sat·

108 4882 255 4943 curarent,
279 4877 308 4931 in
334 4879 488 4934 novissimo
505 4879 603 4951 magui
628 4880 729 4952 judicii
754 4880 801 4935 die
823 4880 954 4936 benedici
1008 4883 1122 4938 ctrlicet.
1136 4887 1238 4939 Amen.

110 4969 195 5035 etque
216 4965 246 5020 iu
269 4971 377 5022 aeterua
399 4967 584 5024 tabernacula
605 4968 752 5023 introduci
772 4968 950 5024 mereamini.
1042 4971 1185 5025 Ascendet
1213 4971 1243 5024 in
1273 4969 1353 5024 vobis
1382 4969 1439 5039 piae
1468 4967 1630 5023 devotionis
1655 4957 1829 5027 mentuunt

108 5056 209 5109 emen.
1008 5059 1133 5131 praebcat
1168 5059 1395 5130 supplicantibus
1423 5072 1507 5112 sunm
1545 5056 1689 5128 benignus
1714 5051 1830 5108 audiun

143 5143 223 5207 Quod
237 5144 298 5215 ipse
313 5150 450 5215 praestare
478 5145 624 5217 dignetur,
647 5147 729 5217 cujus
754 5151 879 5218 potestas
901 5162 955 5202 nec
1008 5151 1109 5203 Amen.

108 5232 200 5298 initio,
218 5248 270 5289 nec
283 5234 341 5289 fine
357 5239 572 5306 coangustatur,
589 5235 618 5289 in
642 5237 746 5291 saecula
770 5237 952 5292 saeculorum.
1044 5236 1192 5300 Quatenus
1214 5240 1323 5290 mentes
1344 5238 1456 5300 vestrae,
1481 5232 1599 5288 sinceris
1627 5236 1757 5304 purgatae
1781 5227 1836 5300 jeje·

110 5324 211 5378 Amen·
1008 5325 1074 5393 niis,
1092 5326 1233 5380 bonorum
1257 5323 1387 5379 omnium
1410 5323 1471 5394 [al.,
1488 5318 1619 5394 opernm]
1638 5321 1793 5376 exuberent
1806 5315 1840 5370 ‘u-

375 5427 401 5468 a.
421 5428 453 5468 ru
473 5427 687 5468 serenasset.
1009 5413 1174 5468 crementis.
1190 5416 1290 5467 Amen.

143 5499 231 5553 nater
246 5501 378 5556 omniurn
404 5502 546 5557 benorum
561 5503 700 5570 Christus,
724 5502 833 5558 bonrrm
856 5517 955 5558 semen
1046 5501 1127 5568 Quod
1142 5501 1215 5572 ipse.
