3930 6098
72 237 126 292 273

582 234 721 293 CONTRA
740 235 940 295 GEAECORUll
960 237 1139 296 OPPOSlTA.
1152 268 1180 280 -
1201 238 1264 295 l.lll.
1287 239 1334 295 lll.

68 366 155 422 isthic
181 368 224 422 vel
255 369 367 423 Graecos
390 366 435 423 vel
462 368 742 441 Constantinopolim
768 370 923 426 meminit:
944 370 1010 428 Ain
1033 371 1108 426 ochis
1133 374 1241 442 (uacca.
1266 389 1283 426 r
1311 375 1366 441 20).
1393 374 1424 428 Et
1448 375 1524 446 qnod
1548 375 1625 432 idem
1649 382 1677 432 et
1702 378 1765 433 Filii
1791 380 1829 435 sit

67 460 237 510 nectamen
260 472 470 528 usquequaque
490 458 628 527 praeterit,
656 460 794 528 quoniam
818 476 866 514 eos
894 460 924 515 in
979 460 1114 530 Spiritus,
1131 461 1236 515 Paulus
1252 463 1397 530 apostolus
1414 465 1493 518 testis
1514 469 1556 519 est
1573 482 1578 519 :
1596 468 1622 520 si
1644 469 1706 536 quis
1725 476 1826 534 aurem,

68 545 287 600 universalitate
302 546 469 600 concludit:
495 545 678 616 specialitatis
702 549 922 619 prerogativam
977 549 1081 619 inquit,
1096 551 1232 619 Spiritum
1247 550 1350 606 Christi
1376 567 1429 606 oon
1450 554 1539 619 trahet,
1563 555 1607 609 bic
1634 572 1688 610 non
1702 562 1742 612 cst
1768 558 1827 626 ejus

66 635 195 702 sustulit,
212 651 248 688 ne
272 634 425 699 inlleutur3
442 635 472 688 in
488 635 676 704 generalitate
696 637 779 707 pouit
802 654 861 704 eos,
891 642 923 693 ut
977 637 1065 709 (Rom.
1084 655 1143 706 rur,
1168 639 1205 708 9).
1224 659 1238 685 υ

67 722 279 776 humilientur:
294 729 436 794 quatenus
461 723 595 776 noverint
609 740 667 777 non
683 725 771 778 totius
793 726 921 796 corporis

69 811 198 865 Ecclesiae
215 827 244 864 se
274 811 335 865 iore
355 811 557 882 quantitatem,
578 811 625 864 sed
642 812 815 881 portionem,
832 819 861 868 et
876 830 920 868 ve·

68 907 209 955 narentur
220 909 342 955 matrem
358 920 375 954 a
390 901 459 957 solis
474 907 539 955 ortu
555 901 584 955 in
597 917 729 956 occasum
742 882 834 970 regali
856 921 918 959 ma-

66 990 234 1060 gniliceutia
254 990 419 1055 sublimem,
437 990 519 1060 cujus
536 1006 565 1044 se
592 991 736 1059 gaudeant
749 1008 809 1047 esse
832 993 918 1059 tilios,

67 1095 126 1133 nou
140 1080 301 1148 glorientur
315 1079 373 1133 iore
391 1085 496 1150 patres.
524 1078 597 1133 uicit
611 1079 688 1133 enim
712 1080 862 1136 Salvator:
879 1083 920 1136 Et

64 1169 176 1222 Putrem
201 1169 283 1222 rtatite
311 1184 406 1222 vocure
423 1168 498 1222 uobis
522 1183 604 1236 super
633 1173 757 1223 turum:
783 1184 853 1224 unus
879 1175 919 1226 cst

63 1259 136 1310 enirn
151 1259 232 1311 Pater
251 1261 338 1311 vester
357 1259 405 1325 qui
428 1259 457 1310 iu
476 1256 547 1311 cetis
569 1262 609 1311 est
634 1257 747 1327 (hetin.
775 1274 853 1327 nxrrr,
879 1259 916 1327 9).

64 1345 194 1400 Salvator
233 1345 320 1399 etiam
359 1346 445 1399 caelos
473 1361 642 1399 ascensurus
676 1346 735 1400 suis
774 1347 919 1416 promittit

62 1434 213 1504 discipulis
229 1450 236 1487 ι
252 1437 318 1489 Ecce
340 1450 387 1501 epo
408 1435 545 1488 uobiscum
557 1450 617 1489 sum
633 1450 717 1503 usque
739 1435 777 1488 od
794 1451 917 1490 corisum-

61 1525 210 1577 motionem
224 1523 317 1577 saculi
339 1522 453 1592 (Mettis.
470 1538 566 1588 rnvru,
580 1524 637 1591 20).
653 1522 793 1577 Audimus
814 1523 915 1578 Christi

58 1611 239 1680 promissum
252 1611 386 1665 omnibus
401 1610 593 1678 credentibus,
618 1611 759 1664 universae
785 1611 916 1667 videlicet

59 1700 207 1765 Ecclesiae,
219 1715 277 1753 non
290 1704 385 1753 autem
400 1699 562 1769 specialiter
584 1700 628 1753 vel
645 1699 749 1754 Graecis
769 1701 812 1753 vel
841 1701 915 1755 Cou-

57 1788 337 1859 stantinopolitanis.
365 1788 425 1853 Qua
449 1789 484 1842 da
500 1804 530 1841 ra
560 1803 732 1858 quacunque
751 1788 861 1858 lingua,
886 1789 916 1843 iu

58 1893 234 1949 quacunque
244 1882 331 1947 gente
344 1877 472 1932 Christus
488 1877 630 1948 loquatur,
642 1878 805 1932 Graecorum
827 1877 916 1948 impr·

58 1973 169 2021 ratores
184 1967 326 2036 accipiant
342 1971 516 2033 reverenter,
532 1982 566 2019 ne
582 1965 606 2020 si
619 1965 856 2037 contempserint,
868 1982 914 2020 vc·

58 2056 176 2109 ritatem
193 2061 379 2108 contemnere
391 2053 570 2123 judicentur,
588 2059 616 2108 et
637 2053 704 2108 inde
720 2054 789 2108 liant
817 2053 915 2107 salutis

58 2143 291 2212 extorres,uude
311 2142 462 2196 veritatem
490 2142 635 2195 Christum
660 2142 821 2212 spreverint
843 2143 914 2197 allo·

56 2237 196 2304 quentem
213 2248 220 2285 ε
238 2232 392 2285 nonenim
411 2230 533 2301 Spiritus
548 2235 670 2284 sauctus¹
685 2230 716 2284 in
740 2229 834 2301 igneis
857 2231 913 2285 liu·

59 2320 126 2391 guis
141 2320 388 2391 superapostolos
411 2318 586 2374 descendens
616 2320 779 2374 Graecorum
800 2323 912 2373 tantum

56 2411 191 2479 linguam
206 2409 330 2477 edocuit,
341 2424 440 2462 verum
456 2408 584 2462 omnium
598 2407 727 2479 gentium
747 2408 913 2480 linguarum

57 2498 210 2553 scientiam
226 2498 362 2563 contulit;
375 2501 405 2551 ut
417 2501 592 2551 monstraret
608 2496 761 2551 Ecclesiam
777 2497 912 2552 omuibus

58 2586 168 2658 linguis
184 2585 316 2639 omnium
342 2585 516 2656 populorum
540 2585 713 2654 locuturam,
739 2591 768 2640 et
789 2585 912 2655 Spiritus

58 2675 152 2730 sancti
186 2673 419 2729 distributionem
454 2673 563 2727 cunctis
587 2673 750 2728 nationibus
776 2674 912 2728 divinitus

57 2763 250 2836 largiendam.
268 2762 414 2833 Accipiunt
426 2762 517 2834 igitur
540 2762 660 2832 gloriosi
686 2763 830 2833 principes
847 2763 910 2834 Spi-

58 2854 148 2908 ritum
163 2858 295 2907 sanctum
316 2868 368 2923 per
385 2853 519 2906 Doctores
535 2851 675 2917 Ecclesiae,
706 2851 741 2906 de
756 2852 910 2922 semetipso

1011 727 1084 791 Quid
1103 727 1196 793 isthic,
1223 744 1238 781 o
1262 728 1425 782 Graecorum
1451 729 1606 801 principes,
1632 732 1753 803 dignum
1779 751 1825 790 re·

975 815 1166 886 prehensiona
1177 815 1334 887 judicatis?
1346 816 1420 871 Dicit
1435 817 1572 888 Spiritum
1595 836 1610 874 a
1631 822 1712 876 Patre
1740 822 1824 877 Filio-

975 920 1030 974 que
1052 905 1217 975 procedere.
1244 905 1351 960 Probat
1378 907 1431 961 hoc
1462 906 1608 978 Evangelii
1644 910 1821 966 testimonio.

975 992 1047 1047 llicit
1064 998 1091 1047 et
1105 994 1196 1049 Patris
1211 999 1240 1048 et
1259 990 1322 1048 Filii
1340 1011 1401 1048 csse
1425 994 1579 1064 Spiritum;
1605 996 1730 1051 allirmat
1763 1003 1824 1054 tem

973 1099 1008 1137 ex
1019 1082 1172 1153 Evangelio
1187 1099 1273 1153 quam
1289 1099 1324 1137 ex
1338 1085 1485 1154 Apostolo.
1503 1083 1532 1138 Si
1556 1100 1616 1139 nou
1637 1085 1721 1139 vultis
1750 1086 1822 1140 Lati-

973 1172 1027 1237 nis,
1049 1171 1203 1242 Evaugelio
1227 1172 1344 1226 credite.
1372 1172 1402 1226 Si
1427 1172 1519 1226 verbis
1544 1172 1698 1243 Augustini
1723 1191 1823 1229 aurem

974 1261 1100 1331 praebere
1116 1277 1173 1315 uon
1193 1260 1287 1327 vultis,
1305 1261 1430 1330 praebete
1455 1260 1576 1327 Christo,
1592 1263 1719 1332 praebete
1744 1265 1822 1333 Apo·

972 1349 1057 1402 stolo.
1073 1348 1156 1413 Quod
1176 1349 1199 1402 si
1215 1347 1401 1402 contemnitis
1420 1348 1566 1402 Christum
1585 1353 1613 1403 et
1643 1350 1820 1419 Apostolum,

971 1437 1065 1491 videte
1078 1453 1112 1490 na
1125 1435 1360 1490 contemnamini.
1384 1437 1492 1489 llorum
1517 1436 1594 1489 euim
1622 1437 1672 1508 qui
1695 1453 1753 1492 nun
1780 1454 1822 1493 se-

971 1524 1070 1596 quitur
1084 1522 1252 1587 doctrinam,
1282 1523 1446 1578 societatem
1472 1539 1539 1578 ase
1565 1525 1683 1595 quidem
1706 1527 1821 1596 repellit

973 1612 1075 1667 Christi
1098 1612 1318 1682 discipulorum;
1344 1627 1395 1665 nec
1425 1612 1480 1666 erit
1506 1613 1647 1684 particeps
1678 1614 1819 1685 Ecclesiae,

972 1701 1020 1772 qui
1049 1700 1209 1755 doctrinam
1248 1700 1362 1770 repellit
1397 1701 1629 1768 ecclesiasticam
1668 1718 1720 1757 noc
1753 1719 1819 1757 cum

971 1790 1082 1845 Christo
1109 1789 1270 1860 portionem
1297 1795 1339 1844 est
1368 1790 1517 1843 habiturus
1553 1789 1656 1844 Christi
1682 1791 1818 1861 magiste-

970 1880 1045 1933 rium
1061 1880 1110 1950 qui
1121 1896 1177 1934 non
1189 1880 1379 1951 amplectitur.

1005 1968 1168 2038 Gregorius,
1208 1969 1346 2023 nomana
1384 1967 1458 2022 sedis
1497 1966 1658 2039 episcopus,
1709 1968 1817 2024 Tiberii

969 2054 1148 2110 Constantini
1172 2056 1352 2126 temporibus
1372 2055 1584 2126 apocrisiarius,
1607 2062 1675 2111 tunc
1698 2058 1816 2128 quidem

969 2144 1118 2211 diaconus,
1143 2150 1318 2215 posteavero
1347 2143 1450 2214 praesul
1476 2144 1607 2210 eximius,
1633 2145 1816 2214 imperatori·
1873 2197 1877 2200 .

968 2232 1021 2287 bus
1042 2232 1156 2287 Tiberio
1184 2232 1387 2301 llauricioque,
1416 2246 1528 2285 uccuon
1553 2233 1653 2286 Phocea
1680 2232 1816 2286 charissi-

968 2338 1032 2376 mus
1052 2318 1146 2393 atqud
1164 2320 1427 2375 familiarissimus:
1455 2321 1504 2390 qui
1534 2336 1599 2373 com
1624 2320 1763 2375 diaconus
1788 2325 1817 2376 et

967 2410 1104 2464 itomauae
1130 2410 1204 2463 sedis
1238 2410 1348 2480 legatus
1391 2407 1639 2478 Constantinopoli
1683 2408 1811 2479 degeret,

968 2498 1125 2568 Eutychen,
1141 2497 1429 2566 Constantinopoleos
1448 2496 1626 2566 episcopum,
1651 2497 1686 2551 de
1706 2498 1815 2552 Resur-

967 2587 1091 2640 rectioue
1108 2587 1202 2640 carnis
1223 2585 1347 2656 pessime
1370 2584 1623 2656 dogmatizantem,
1657 2585 1814 2656 imperato-

966 2674 1006 2728 ris
1025 2674 1056 2728 in
1085 2674 1245 2745 praesentia,
1272 2672 1435 2727 divinorum
1457 2674 1628 2727 auctoritate
1661 2673 1812 2742 librorum,

966 2762 1114 2835 ipsiusque
1138 2764 1179 2817 rei
1211 2762 1329 2817 veritate
1351 2762 1491 2816 catholica
1517 2762 1609 2830 evicit,
1636 2764 1811 2831 confutavit;

966 2851 1001 2906 de
1016 2852 1137 2922 Spiritus
1152 2850 1241 2905 sancti
1258 2851 1439 2920 processione
1453 2851 1494 2904 sic
1516 2851 1644 2921 loquitur
1663 2851 1692 2905 in
1716 2853 1812 2907 homi-

59 2941 159 2996 muna
167 2941 267 3010 lingna
275 2940 453 3011 loquentem,
468 2945 608 3010 quatenos
624 2939 785 2995 humilitate
802 2941 909 2995 discant
930 2940 1003 3024 clia
1017 2940 1114 2994 habita
1130 2940 1163 2994 ad
1180 2940 1320 3009 [sepulum
1342 2939 1448 2992 octavis
1475 2939 1589 2993 Pasclrae
1604 2941 1710 3006 (tremit.
1725 2943 1759 2994 26
1779 2943 1808 2995 in

58 3029 136 3083 nude
157 3026 318 3099 proliciunt,
346 3044 382 3082 ne
404 3026 527 3081 tumoris
552 3026 701 3081 iullatione
724 3028 910 3099 despicientes

57 3117 187 3173 veritatis
200 3119 311 3185 lumen,
328 3117 432 3171 erroris
444 3116 578 3170 tenebras
590 3116 748 3171 incurrant.

405 3239 517 3295 CAPUT
537 3240 572 3293 ll.

148 3339 481 3424 AuctorituteAupostini
494 3356 614 3409 heretici
631 3356 817 3421 corisutuntur.

90 3468 270 3539 Augustinus
290 3467 443 3539 episcopus
466 3467 667 3537 Hipponensis,
696 3467 828 3538 egregius
852 3467 906 3522 do-

57 3563 127 3624 ctor,
161 3562 191 3612 et
220 3558 368 3611 catholicae
396 3556 463 3611 lidei
490 3562 689 3627 propugnator
717 3557 850 3625 eximius,
877 3557 907 3611 in

59 3647 131 3700 libro
150 3646 358 3713 Quaestionum,
384 3661 469 3716 quem
493 3645 528 3699 ad
550 3645 682 3700 Orosium
707 3645 906 3716 presbyterum

59 3734 166 3801 scribit,
205 3735 281 3788 inter
317 3739 421 3788 cetera
458 3733 492 3787 de
525 3732 634 3804 Spiritu
662 3738 759 3786 sancto
796 3733 835 3787 sic
868 3734 908 3787 ait

61 3827 162 3892 (quart.
173 3827 201 3890 2)
217 3839 225 3877 :
243 3842 257 3874 a
273 3823 411 3892 Spiritum
423 3827 552 3876 sanctum
568 3837 661 3891 neque
675 3820 846 3891 ingenitum,
859 3837 908 3875 ne·

62 3928 115 3982 que
129 3911 261 3982 genitum
284 3911 356 3965 tides
380 3915 457 3964 certa
485 3911 618 3965 declarat.
649 3909 721 3975 Quia
744 3910 767 3963 si
802 3910 907 3964 dixeri-

64 4016 123 4054 mus
138 4001 312 4070 ingenitum,
336 4000 407 4055 duos
429 4002 526 4068 patres
550 3998 695 4052 allirmare
723 3998 904 4053 videbimur:

66 4090 104 4142 sin
120 4094 217 4144 autem
230 4089 372 4159 genitum,
388 4088 460 4142 duos
475 4085 560 4140 Filios
575 4087 690 4141 credere
705 4086 905 4156 culpabimur:

10 4205 12 4209 ·
67 4177 109 4232 scd
120 4177 197 4248 quod
214 4176 285 4231 tides
298 4182 376 4229 certa
389 4179 478 4240 tenet,
493 4191 545 4229 nec
569 4174 726 4244 ingenitus,
751 4191 803 4229 nec
830 4175 907 4246 geni-

965 3028 1081 3097 Eouup).
1107 3045 1113 3081 :
1138 3049 1152 3076 a
1183 3029 1252 3081 Nam
1281 3033 1410 3082 sanctum
1436 3043 1552 3098 quoque
1580 3027 1731 3095 Spiritum,
1762 3029 1811 3100 qui

963 3132 1029 3170 cum
1042 3119 1078 3169 sit
1091 3115 1246 3185 coequalis
1267 3115 1343 3169 Patri
1369 3121 1397 3169 et
1416 3115 1495 3180 Filio,
1521 3131 1577 3168 non
1603 3121 1699 3169 tamen
1720 3116 1812 3171 incar-

964 3209 1111 3269 natusest,
1127 3221 1143 3258 a
1158 3206 1240 3259 Patre
1266 3204 1380 3274 quidem
1408 3204 1494 3258 Filius
1517 3203 1628 3257 mittere
1653 3220 1682 3257 se
1710 3204 1810 3274 perhi-

963 3293 1128 3360 bet,dicens
1145 3294 1234 3349 :Cum
1252 3294 1354 3346 uenerit
1378 3292 1532 3346 Puroclitos
1561 3307 1639 3360 quem
1668 3307 1715 3360 epo
1745 3293 1809 3346 mit·

963 3388 1019 3438 tam
1040 3383 1238 3437 uobisuPutre
1264 3381 1352 3450 (ioan.
1376 3397 1422 3446 xv,
1443 3383 1497 3447 aa).
1531 3402 1544 3429 »
1573 3380 1600 3434 Si
1627 3379 1705 3434 euim
1735 3379 1809 3434 mitti

961 3471 1142 3526 solummodo
1158 3469 1300 3524 incarnari
1314 3469 1431 3524 deberet
1446 3468 1579 3539 intelligi,
1606 3474 1719 3523 sauctus
1742 3484 1809 3539 pro-

962 3559 1005 3612 cul
1024 3557 1111 3611 dubio
1127 3557 1250 3627 Spiritus
1271 3557 1350 3610 nullo
1374 3556 1459 3610 modo
1482 3556 1624 3609 diceretur
1651 3555 1736 3619 mitti,
1759 3555 1811 3626 qui

962 3663 1144 3717 nequaquam
1171 3646 1335 3699 incarnatus
1356 3650 1414 3711 est;
1440 3645 1488 3698 sed
1520 3645 1581 3714 ejus
1611 3643 1710 3698 missio
1747 3644 1811 3715 ipsa

961 3735 1105 3806 processio
1121 3737 1173 3798 est,
1192 3733 1296 3804 quade
1320 3734 1402 3786 Patre
1425 3734 1553 3802 procedit
1571 3740 1599 3787 et
1623 3733 1706 3788 Filio.
1731 3733 1810 3788 Sicut

961 3823 1058 3893 itaque
1071 3821 1194 3891 Spiritus
1217 3819 1292 3874 mitti
1315 3820 1419 3874 dicitur
1445 3820 1512 3890 quia
1542 3821 1681 3890 procedit,
1716 3821 1756 3874 ita
1781 3831 1810 3877 et

962 3910 1049 3966 Filius
1062 3925 1121 3964 non
1148 3908 1306 3978 incongrue
1330 3908 1404 3961 mitti
1424 3907 1527 3960 dicitur
1549 3905 1618 3977 quia
1640 3913 1806 3977 generatur.

962 3999 1046 4056 lstius
1076 3997 1274 4053 auctoritatem
1303 3993 1435 4066 praesulis
1462 3994 1486 4048 si
1518 4000 1701 4049 contemnere
1729 3995 1809 4049 moli·

961 4088 1044 4153 mini,
1060 4087 1152 4141 videte
1168 4102 1225 4156 quo
1239 4083 1380 4154 superbie
1393 4098 1483 4137 cornu
1498 4099 1546 4136 vos
1566 4082 1684 4153 erigitis.
1702 4083 1808 4138 Vestris

961 4176 1106 4248 prioribus
1132 4181 1190 4230 tam
1209 4172 1367 4228 sanctitatis
1391 4188 1477 4242 quam
1502 4171 1649 4242 sapientie
1676 4187 1808 4226 reveren·

69 4271 116 4327 tus,
131 4266 182 4320 sed
199 4266 235 4321 ab
249 4265 397 4336 utriusque
408 4262 576 4334 procedens,
587 4262 669 4317 idest
685 4267 714 4318 et
731 4280 746 4316 a
758 4264 840 4318 Patre
851 4266 906 4318 eta
927 4267 947 4320 u
961 4267 1087 4320 tissimus
1100 4265 1206 4318 exstitit
1217 4261 1441 4333 magniticeutia,
1457 4260 1506 4332 qui
1527 4277 1592 4315 cum
1610 4260 1682 4315 foret
1696 4261 1808 4333 legatus

71 4351 141 4407 Filio.
157 4354 193 4407 Et
205 4358 235 4406 nt
249 4352 312 4406 haec
336 4350 509 4406 testimoniis
535 4351 702 4422 approbem,
731 4351 826 4422 ipsum
851 4353 907 4406 lio·

71 4441 169 4496 ninum
195 4446 327 4495 nostrum
350 4441 447 4495 iesum
472 4437 618 4495 Christum
654 4440 808 4510 discipulos
842 4457 908 4495 suos

72 4529 128 4583 audi
155 4530 330 4586 docentem:
362 4530 428 4586 Cum
452 4533 551 4595 autem,
575 4528 671 4598 iuquit
696 4532 798 4582 uenerit
824 4530 908 4583 Paru-

73 4619 138 4674 eru
161 4634 242 4688 quem
260 4633 308 4687 eqo
327 4619 403 4672 vobis
429 4620 537 4672 mittam
559 4633 577 4670 o
594 4618 675 4671 Patre
702 4617 837 4686 Spiritum
863 4633 907 4671 oe·

73 4709 164 4774 mous,
187 4710 266 4776 quio
292 4708 377 4763 Patre
400 4706 522 4776 procedit
543 4706 588 4760 itte
605 4707 786 4759 testimouium
810 4708 907 4775 perlai-

75 4794 133 4851 letti
156 4797 246 4850 deine
272 4797 419 4862 (losum,
445 4796 499 4865 td).
519 4795 550 4848 Et
579 4810 692 4848 rursum
725 4794 785 4864 ipse
815 4794 909 4848 Domi-

72 4899 117 4939 nus
152 4889 251 4939 noster
287 4883 367 4937 lesus
408 4883 535 4938 Christus
569 4888 635 4955 post
668 4885 909 4938 resurrectionem

71 4987 153 5041 snam,
169 4977 203 5028 ut
225 4973 420 5027 ostendereta
444 4989 473 5026 se
496 4973 650 5043 procedere
677 4972 816 5042 Spiritum
845 4989 908 5027 sau·

67 5068 150 5130 ctum,
175 5061 282 5116 sicuta
310 5061 403 5124 Patre.
429 5060 580 5115 insulllans
602 5061 632 5114 in
655 5061 810 5132 discipulos
839 5062 907 5117 ait:

72 5155 184 5223 trespite
196 5149 331 5221 Spiritum
343 5154 466 5205 sunctum
482 5149 570 5222 (ioan.
594 5165 639 5217 xx,
665 5149 721 5220 ii).
748 5152 825 5206 Unus
840 5166 909 5221 ergo

64 5240 183 5313 Spiritus
198 5244 241 5294 est
258 5239 350 5294 Patris
366 5243 395 5294 et
409 5239 483 5306 Filii,
501 5254 574 5293 unus
597 5238 746 5293 amborum
776 5239 908 5310 Spiritus.

63 5330 153 5400 lgitor
165 5328 243 5401 quod
258 5326 349 5383 Patris
359 5327 397 5381 sit
410 5326 543 5397 Spiritus,
556 5328 618 5397 ipse
635 5328 774 5382 Dominus
798 5333 827 5382 et
848 5327 909 5383 Sal-

961 4355 1085 4420 sedis,et
1110 4353 1275 4408 diaconatus
1298 4350 1391 4405 allicio
1416 4350 1548 4421 iungens,
1574 4354 1654 4403 tauta
1676 4350 1810 4404 contrivit

961 4443 1129 4497 auctoritate
1150 4444 1251 4494 vestrae
1281 4437 1542 4508 Constantinopolis
1564 4437 1693 4508 episcopi
1720 4454 1807 4509 prava

962 4533 1107 4602 dogmata,
1132 4544 1188 4598 quo
1208 4543 1265 4580 nou
1285 4528 1378 4581 solum
1407 4527 1502 4597 ipsum
1531 4525 1684 4592 evinceret,
1708 4542 1809 4581 verum

961 4618 1102 4689 dogmatis
1116 4617 1193 4670 illius
1208 4615 1280 4670 vires
1298 4630 1388 4686 usque
1406 4616 1478 4669 adeo
1503 4615 1699 4685 prostraverit,
1721 4620 1753 4669 ut
1772 4631 1808 4670 ue

962 4708 1102 4777 respirare
1130 4710 1228 4777 postea
1247 4704 1382 4758 virtutem
1410 4703 1579 4758 obtinuerit.
1608 4703 1688 4769 Quod
1712 4709 1808 4759 autem

961 4796 1030 4850 dicit
1056 4796 1089 4849 de
1123 4793 1213 4847 sancti
1246 4791 1369 4862 Spiritus
1397 4791 1587 4862 processione,
1614 4792 1731 4846 rationis
1761 4807 1809 4860 ap·

963 4884 1065 4955 probat
1080 4882 1193 4948 virtute,
1210 4879 1308 4933 dicens
1323 4895 1380 4933 uon
1399 4879 1477 4933 aliud
1502 4896 1564 4934 esse
1588 4880 1664 4935 mitti
1688 4878 1808 4949 paracli-

962 4980 1022 5029 tum
1038 4989 1054 5025 a
1070 4970 1149 5034 Filio,
1167 4985 1254 5041 quam
1268 4967 1435 5040 procedere;
1451 4968 1525 5022 sicut
1540 4969 1626 5023 Filius
1641 4983 1706 5022 cum
1734 4965 1809 5019 mitti

962 5062 1066 5119 dicitur
1081 5077 1097 5114 a
1115 5061 1208 5126 Patre,
1225 5058 1286 5128 ejus
1302 5056 1434 5112 nativitas
1444 5057 1616 5112 insinuatur.

1000 5148 1174 5221 Augustinus
1189 5147 1379 5218 episcopusin
1394 5146 1538 5218 Evangelii
1554 5146 1684 5200 Tractatu
1709 5158 1810 5197 secun·

964 5241 1032 5296 dum
1047 5240 1190 5293 ioannem
1203 5237 1260 5306 [Fr.
1272 5238 1357 5304 xcix),
1369 5235 1409 5291 sic
1424 5236 1464 5291 ait
1480 5251 1487 5289 ς
1508 5254 1520 5283 «
1537 5233 1589 5288 llic
1607 5230 1712 5303 aliquis
1726 5231 1811 5287 torsi·

963 5334 1011 5383 tan
1023 5331 1133 5399 quaerat
1143 5329 1240 5378 utrum
1251 5329 1280 5378 et
1290 5341 1305 5377 a
1317 5324 1388 5379 Filio
1399 5322 1534 5394 procedat
1544 5320 1666 5391 Spiritus
1676 5325 1789 5375 sanctus
1803 5338 1810 5376 :

1778 239 1857 303 au
1919 321 1922 328 Ι

62 5422 251 5473 mtornoster
265 5415 411 5486 discipulis
433 5417 490 5469 suis
513 5416 574 5470 ait:
603 5418 661 5472 Non
683 5419 755 5471 enim
775 5432 821 5471 uos
846 5419 910 5471 estis
965 5416 1053 5471 Filius
1067 5413 1145 5468 enirn
1160 5413 1248 5468 solius
1265 5413 1356 5468 Patris
1378 5420 1421 5466 est
1442 5410 1539 5478 Filius,
1563 5414 1592 5464 et
1615 5410 1701 5464 Pater
1724 5410 1812 5466 solius

60 5509 110 5580 qui
126 5505 284 5578 loquimini,
300 5503 348 5560 sed
360 5505 484 5576 Spiritus
502 5505 594 5560 Patris
615 5507 699 5559 vestri
719 5506 768 5575 qui
790 5506 912 5574 loquitur
965 5504 1028 5560 Filii
1041 5509 1083 5559 est
1100 5505 1201 5572 Pater;
1214 5501 1338 5575 Spiritus
1349 5505 1445 5556 autem
1460 5505 1574 5554 sanctus
1590 5515 1650 5556 nou
1664 5504 1708 5555 est
1725 5501 1817 5557 unius
