3930 6098
613 271 715 328 LIBER
734 275 917 334 ADVERSUS
934 278 1093 338 GRAECOS.

85 409 120 447 un
141 394 168 461 (l
177 396 246 449 Tim.
269 401 320 455 rut.
343 397 404 451 Non
419 404 636 466 permanentem
658 401 688 456 in
713 419 814 458 conco·
832 407 856 460 A
870 421 936 459 cnm
951 406 985 460 ad
1015 408 1164 477 praedictos
1182 411 1364 480 pervenerint
1378 413 1493 483 gradus,
1509 414 1595 484 coepit
1610 415 1651 470 eis
1666 433 1725 471 non

84 479 110 533 ia
129 480 286 550 generandi
306 482 385 551 dixit,
404 486 453 538 sed
468 492 586 556 propter
608 488 819 549 continentiam
876 494 961 549 licere
983 496 1060 567 quod
1080 496 1170 551 licuit.
1195 497 1274 552 Unde
1295 504 1325 554 ut
1342 499 1376 553 de
1397 502 1503 557 carnali
1522 502 1573 557 flat
1597 505 1724 575 spiritale

85 582 108 623 ι.
123 568 220 640 Neque
240 570 319 625 enirn
336 571 463 643 integros
480 590 538 627 non
559 576 677 630 admisit
691 578 741 648 qui
757 578 819 633 ait:
875 581 1054 654 conjugium,
1070 590 1182 655 oportet
1192 601 1239 639 eos
1250 602 1302 640 uec
1314 588 1458 644 dimittere
1469 606 1582 660 uxores,
1600 598 1628 646 et
1642 592 1724 665 quasi

1671 291 1723 341 iffi

85 659 135 709 tarn
157 672 248 711 omnes
272 658 392 714 homines
409 666 447 714 sic
472 678 537 719 csse,
570 667 651 717 sicuti
676 669 701 717 et
723 682 770 733 epo
797 668 823 733 (I
875 685 933 739 non
957 669 1084 727 habeant
1104 672 1144 727 sic
1163 674 1282 738 habere;
1307 691 1363 746 quo
1388 682 1417 730 et
1439 679 1514 732 salva
1539 680 1578 734 sit
1600 681 1724 737 charitas

85 742 110 814 ι).
127 745 161 799 lit
183 747 310 816 apertius
328 748 453 802 declarat
473 748 595 803 diceus:
617 752 669 816 Qui
686 758 777 807 nutem
791 757 820 808 in

85 838 145 898 unt,
166 836 220 887 Deo
235 837 345 904 placere
362 853 416 890 ιιοιι
435 843 563 906 possunt.
588 841 639 894 l'os
658 845 749 895 crutam
759 843 820 910 jum

85 923 158 974 isin
183 937 273 988 cerne,
298 922 346 976 sed
367 927 396 977 in
421 928 522 993 spiritu
551 927 637 994 (Rom.
664 928 732 998 viu.)
755 930 820 984 Huc

100 1006 212 1077 fratres,
234 1010 257 1062 si
284 1010 368 1080 plena
392 1012 542 1081 vigilantia
565 1014 672 1068 fuerint
696 1015 731 1069 ab
760 1030 819 1069 om·

85 1095 240 1163 observata,
270 1099 391 1152 cessabit
420 1101 550 1165 ambitio,
576 1103 713 1156 dissensio
749 1120 817 1158 con·

88 1187 109 1251 ι,
136 1185 259 1238 hareses
283 1192 311 1239 ct
335 1187 488 1241 schismata
510 1205 569 1243 nou
594 1197 751 1262 ernergcut,
775 1193 817 1247 lo·

85 1287 108 1326 n
123 1273 241 1342 accipiet
256 1274 385 1329 diabolus
402 1276 555 1343 saeviendi,
573 1278 698 1332 manebit
712 1282 817 1333 unani-

88 1359 226 1432 iniquitas
250 1369 385 1431 superata
408 1365 587 1419 calcabitur:
615 1368 736 1420 ebaritas
762 1369 817 1438 spi·

85 1462 183 1503 errore
207 1448 350 1520 flagrabit,
372 1467 426 1520 pax
452 1452 608 1521 praedicata
634 1455 718 1508 labiis
751 1472 814 1509 cum

85 1539 113 1590 ta
126 1538 324 1603 'concordabit;
345 1541 514 1611 paratique
530 1542 581 1595 Dei
605 1543 695 1597 nostri
719 1544 814 1598 Salva·

85 1618 149 1678 nam
165 1627 313 1696 proximus
329 1627 455 1698 passioni
470 1629 638 1683 servandam
655 1646 717 1684 esse
737 1646 814 1700 prae-

85 1715 94 1765 t
109 1711 322 1769 haereditariam
339 1715 422 1770 nobis
442 1716 507 1786 jure
525 1717 679 1789 dereliquit
692 1719 812 1773 dicens:

85 1815 172 1854 meum
192 1802 225 1855 do
251 1804 335 1862 vobis,
359 1820 454 1873 ponem
484 1822 570 1859 mecm
588 1808 712 1872 relinquo
741 1808 815 1861 vobis

85 1886 147 1958 nv).
170 1889 202 1942 Et
224 1889 332 1944 dictum
348 1893 476 1961 Apostoli
492 1909 499 1946 :
516 1896 550 1948 Ut
574 1899 715 1948 renunimes
729 1910 814 1948 renum

85 1992 109 2029 es
126 1992 335 2045 permaneamus
359 1984 388 2033 in
406 1980 526 2047 Clarium
543 1982 613 2035 ιιιιιιι
636 1999 685 2052 per·
708 1988 815 2037 coarten-

85 2064 167 2126 nobis,
191 2082 277 2131 neque
297 2083 348 2136 pu·
368 2072 475 2124 inanem
490 2071 607 2137 glorium
628 2071 811 2136 virecticcntes3

85 2153 197 2216 ciuibus,
219 2157 267 2208 sert
293 2158 347 2209 lieo
374 2162 465 2211 nostro
491 2159 629 2213 Sutoutort
653 2160 812 2228 placeamus

94 2239 134 2310 ιι).
152 2242 199 2294 llis
216 2244 365 2313 praecptis
387 2244 523 2298 omnibus
538 2245 561 2298 si
577 2246 701 2300 fideliter
714 2248 809 2301 volue-

85 2326 196 2394 bedire,
212 2332 353 2385 custodiet
375 2333 515 2386 [lominus
533 2349 653 2403 corpora
675 2338 813 2390 nostraet

92 2422 205 2470 nostras
220 2419 249 2472 in
271 2419 318 2473 dic
336 2437 393 2491 qna
407 2421 571 2475 redditurus
599 2428 641 2476 est
655 2422 812 2494 unicuique

85 2519 120 2558 rm
145 2521 232 2576 opera
252 2522 313 2560 sua.
341 2508 371 2563 Si
401 2508 465 2580 quis
486 2524 554 2563 sane
579 2509 693 2563 inllatus
716 2515 812 2566 mente

85 2605 128 2645 uas
147 2594 183 2646 ab
201 2593 255 2646 hac
274 2595 391 2647 canonis
406 2595 516 2649 ratione
540 2596 663 2650 voluerit
685 2599 809 2667 evagari,

101 2684 130 2732 et
153 2687 287 2736 anostra
304 2683 508 2737 communione
528 2684 681 2750 seclusum,
708 2697 734 2739 et
758 2702 810 2757 gc-

85 2781 180 2836 poenas
196 2769 372 2823 habiturum.
387 2772 526 2825 Praeterea
536 2772 731 2827 misericordia
743 2789 809 2827 curn

90 2870 150 2909 esse
170 2856 263 2911 debet.
285 2858 401 2912 Talibus
418 2859 494 2912 enim
516 2863 631 2928 oportet
648 2860 809 2914 labentibus

93 2944 252 3015 porrigere,
268 2961 333 3016 quae
349 2945 389 2999 sic
403 2953 565 3001 currentem
582 2963 638 3002 non
662 2950 809 3018 pertrahat

875 758 1097 828 connubiorum,
1113 766 1140 815 et
1155 767 1247 815 cesset
1262 763 1391 832 operatio
1405 765 1583 835 nuptiarum.
1601 788 1614 818 ι

1229 876 1294 930 Car.
1312 875 1365 929 GV.

909 988 979 1041 ltem
1005 989 1059 1042 Leo
1083 1005 1157 1060 papa
1176 989 1204 1043 in
1230 989 1350 1061 epistola
1371 1008 1422 1044 sna
1445 1008 1533 1063 quam
1556 995 1593 1049 ad
1612 996 1722 1050 Mauros

872 1074 1020 1145 episcopos
1046 1077 1160 1141 direxit,
1189 1077 1265 1131 iuter
1292 1084 1395 1133 caetera
1418 1080 1457 1133 sic
1482 1080 1550 1135 dicit
1576 1083 1616 1152 (in
1644 1084 1721 1148 edit,

872 1165 951 1231 epist.
972 1166 1005 1218 87
1024 1166 1062 1220 ud
1085 1170 1165 1234 episc.
1187 1167 1336 1232 Africanos
1356 1184 1408 1237 per
1423 1170 1630 1234 rlinuritonimn,
1655 1177 1721 1239 etc,

872 1268 933 1323 cap.
962 1250 1008 1320 tl:
1036 1253 1160 1307 «Totius
1186 1255 1303 1308 familire
1330 1264 1423 1310 status
1447 1257 1519 1312 ordo
1549 1259 1672 1325 nutabit,
1697 1262 1722 1313 si

871 1343 948 1412 qood
977 1342 1135 1413 requiritur
1161 1343 1189 1395 in
1214 1358 1333 1414 corpore
1358 1360 1415 1398 non
1441 1345 1606 1400 inveniatur
1631 1347 1661 1401 in
1676 1363 1720 1400 ca·

870 1429 940 1498 pita,
952 1447 965 1480 ι
977 1435 1041 1489 etc..
1052 1445 1137 1494 usquc
1147 1431 1184 1484 od
1194 1438 1458 1500 argentnmpnrum
1471 1442 1719 1489 essemeruerunt.

1220 1545 1282 1597 Cau.
1301 1544 1368 1599 CVl.

906 1659 936 1712 ln
970 1658 1126 1713 canonibus
1162 1663 1326 1713 sanctorum
1364 1661 1570 1730 apostolorum,
1609 1679 1670 1734 cap.
1705 1670 1720 1718 ι

870 1750 940 1818 (ιιι-η.
958 1751 983 1800 ι.
1009 1748 1045 1800 nt.
1070 1748 1097 1813 n,
1123 1746 1216 1815 differt
1235 1746 1270 1800 ub
1294 1746 1372 1816 edit.)
1390 1763 1396 1801 :
1415 1769 1428 1797 ι
1447 1749 1480 1802 Ut
1509 1751 1668 1804 sacerdotes
1693 1759 1720 1805 et

870 1836 993 1889 ministri
1015 1835 1111 1889 altaris
1132 1836 1316 1889 saecularibus
1340 1836 1415 1889 curis
1444 1837 1624 1892 abstineant:
1655 1840 1718 1909 epi-

869 1939 972 1993 scopus
996 1927 1092 1977 autem
1117 1923 1267 1994 presbyter
1293 1928 1342 1977 aut
1372 1924 1507 1978 diaconus
1536 1942 1718 1998 nequaquam

868 2011 1017 2064 saeculares
1031 2026 1113 2063 curas
1129 2017 1270 2076 assumam
1288 2011 1332 2064 sin
1347 2011 1431 2065 aliter
1445 2012 1603 2081 dejiciatur.
1621 2038 1633 2063 ι

1213 2127 1275 2180 Can.
1291 2126 1369 2181 CVll.

903 2241 973 2293 {tem
1001 2238 1031 2292 iu
1051 2240 1170 2306 eisdem,
1201 2240 1278 2305 Quod
1306 2245 1426 2295 minist-ri
1454 2244 1551 2297 ultores
1579 2245 1716 2301 oblatione

865 2327 999 2380 celebrato
1017 2327 1133 2381 debeant
1148 2333 1355 2392 communicare,
1368 2345 1430 2400 cap.
1445 2334 1542 2394 ilcan.
1559 2334 1586 2398 9,
1598 2348 1710 2388 envers.

865 2416 989 2481 Diorrpstt
1004 2416 1143 2482 Eminuit:
1166 2415 1222 2470 «Si
1245 2415 1308 2485 quis
1333 2416 1494 2487 episcopos,
1520 2423 1569 2472 aut
1592 2420 1714 2490 presby·

866 2505 920 2569 ter,
947 2506 997 2555 aut
1020 2501 1167 2568 diaconus,
1192 2504 1235 2557 vel
1258 2504 1377 2574 quilibet
1399 2520 1432 2557 cr
1456 2506 1623 2560 sacerdotali
1644 2512 1716 2561 cata·

864 2589 941 2660 logo,
959 2592 1030 2644 lacta
1047 2591 1192 2644 oblatione
1211 2607 1270 2645 non
1288 2593 1553 2655 communicaverit,
1579 2599 1629 2648 aut
1648 2610 1713 2649 can·

865 2694 925 2731 sam
948 2678 1034 2741 dicat,
1053 2683 1086 2732 ut
1107 2680 1129 2732 si
1149 2680 1326 2734 rationabilis
1350 2681 1447 2746 luerit,
1477 2682 1590 2736 veniam
1614 2698 1713 2737 consc-

865 2769 970 2836 quatur
986 2782 993 2820 ι
1009 2773 1058 2820 aut
1073 2767 1096 2820 si
1113 2783 1173 2820 non
1193 2767 1305 2826 dixerit,
1328 2768 1563 2823 communionem
1585 2770 1715 2840 privetur

864 2859 1001 2925 tanquam
1016 2855 1066 2925 qui
1089 2855 1195 2925 populo
1218 2871 1302 2909 causa
1323 2856 1447 2910 laesionis
1469 2858 1618 2923 exstiterit,
1642 2858 1712 2913 daus

841 2985 847 3001 .
863 2942 1055 3012 suspicionem
1072 2943 1107 2996 de
1120 2958 1154 2996 eo
1177 2943 1227 3012 qui
1253 2944 1431 3011 sacrificavit,
1452 2946 1530 3014 quod
1555 2949 1630 3000 recte
1649 2963 1708 3001 non

85 3046 135 3086 ιιιι.
159 3034 261 3087 batum
284 3034 380 3088 llomae
403 3033 433 3087 in
458 3035 578 3090 concilio
606 3037 806 3107 episcoporum
862 3028 1038 3083 obtulerit-2

85 3136 106 3173 a
116 3119 170 3174 snb
186 3120 231 3174 die
248 3137 294 3174 ιιιι
309 3122 375 3175 ldus
390 3123 540 3176 ianuarias
548 3127 611 3194 post
625 3125 806 3179 consolatum

85 3208 205 3278 Augusti
222 3214 250 3263 ct
262 3209 398 3264 Bautonis
413 3226 455 3262 vv.
473 3227 511 3264 cc.
528 3227 622 3266 conns.
641 3234 654 3257 r·

305 3322 369 3375 Cae.
389 3322 460 3376 Cssl.

85 3434 245 3489 scretolibus
275 3452 355 3506 papa
383 3437 506 3491 Leonis:
533 3440 610 3503 Quod
632 3440 805 3494 subdiaconis

85 3523 241 3577 conubium
256 3524 412 3593 denegetur,
430 3541 491 3597 cap.
508 3528 542 3582 34
557 3530 649 3597 (epist.
667 3530 710 3592 st,
726 3544 750 3583 c.
760 3527 802 3599 tl:

88 3626 154 3665 cum
179 3617 259 3666 extra
282 3614 451 3669 clericorum
480 3614 612 3669 ordinem
641 3615 803 3669 constitutis

84 3714 123 3753 rm
139 3701 278 3763 societati,
296 3706 325 3755 et
340 3703 533 3773 procreationi
547 3703 674 3758 liliorum
690 3704 804 3759 studere

85 3804 137 3842 ιιιιι
162 3789 328 3856 arbitrium;
353 3791 387 3845 ad
407 3790 599 3846 exhibendam
622 3797 720 3846 tamen
742 3808 804 3862 par·

85 3879 236 3933 ntineutire
247 3880 403 3949 puritatem
419 3896 476 3933 nou
492 3881 674 3935 subdiaconis
684 3881 803 3951 quidem

85 3979 128 4018 um
143 3967 257 4019 carnale
273 3968 453 4035 conceditur;
474 3974 505 4021 ut
526 3975 551 4021 ct
567 3974 615 4034 qui
634 3969 734 4023 brabant
748 3972 803 4023 sint

106 4069 160 4106 noir
182 4054 309 4110 nubentes
331 4057 357 4124 (l
384 4057 443 4111 (lor.
467 4074 511 4118 ru,
537 4060 598 4125 ιιι),
622 4057 720 4128 etqui
743 4073 801 4111 non

85 4148 272 4211 permaneant
293 4143 462 4214 singulares.
485 4145 566 4209 Quod
589 4146 610 4198 si
631 4145 659 4197 in
679 4146 733 4199 hoc
752 4163 801 4198 or-

101 4235 220 4298 quartus
238 4235 280 4284 est
303 4231 435 4301 acupile,
449 4232 570 4302 dignum
589 4237 631 4286 est
652 4233 799 4298 custodiri,

85 4318 167 4388 nugis
182 4317 211 4371 in
231 4318 324 4388 primo
340 4321 383 4373 vel
400 4322 523 4373 secundo
548 4319 666 4373 tertiove
686 4336 801 4374 servan·

87 4445 95 4473 ,
126 4420 162 4459 ne
184 4411 234 4459 aut
253 4406 379 4472 levitico,
403 4412 453 4461 ant
466 4408 652 4478 presbyterali
680 4409 799 4473 bonore,

85 4493 170 4564 :opali
183 4494 350 4548 excellentia
365 4496 517 4566 quisquam
531 4497 653 4551 idoneus
675 4496 799 4551 aestime·

90 4596 121 4635 se
141 4598 157 4634 a
176 4582 322 4653 voluptate
344 4584 442 4637 rixeris
461 4585 583 4638 necdum
604 4585 729 4639 frenasse
754 4585 800 4639 de-

303 4770 367 4823 Car.
382 4768 451 4823 CIV.

86 4895 141 4950 apa
169 4882 204 4934 ad
225 4881 371 4936 Rusticum
397 4883 564 4954 episcopum
587 4886 797 4940 Narbonensem

85 4983 102 5023 n
115 4969 278 5040 porrigens,
296 4977 323 5024 et
337 4972 372 5024 ad
386 4973 515 5042 eJ'usdem
531 4975 660 5026 consulta
677 4989 795 5044 respon·

85 5072 110 5110 cr
122 5064 227 5112 caetera
242 5058 320 5125 dicit,
332 5075 394 5130 cap.
412 5063 427 5114 3
439 5061 529 5130 (epist.
542 5064 587 5127 92,
599 5061 731 5132 inquisit.
745 5064 771 5116 3ι
790 5079 797 5116 :

85 5161 92 5197 ι
125 5145 175 5215 qui
202 5145 284 5199 altari
318 5147 492 5215 ministrant,
524 5156 552 5203 et
584 5166 719 5221 conjuges
747 5151 796 5204 ha·

85 5248 145 5286 ruru
170 5233 210 5287 eis
231 5233 307 5288 licito
328 5235 512 5291 misceantur.
537 5240 590 5290 Lex
613 5238 797 5293 coutinentia

85 5326 123 5376 est
151 5322 247 5376 altaris
274 5323 420 5385 ministris,
452 5340 517 5395 quae
543 5327 684 5397 episcopis
711 5333 796 5397 etque

85 5409 132 5462 ris.
149 5410 201 5474 Qui
218 5427 284 5465 cum
304 5417 398 5466 essent
417 5413 479 5466 laici
493 5414 550 5466 sive
571 5416 697 5476 lectores,
721 5417 796 5470 licite

85 5496 221 5557 educere,
239 5504 266 5550 et
288 5500 359 5553 tilios
380 5516 529 5570 procreare
550 5507 726 5572 protuerunt:
748 5504 794 5557 sed

1198 3118 1261 3172 Cae.
1277 3117 1370 3172 cvrll.

897 3233 968 3285 ltem
983 3231 1014 3285 in
1036 3231 1154 3299 eisdem,
1169 3233 1222 3297 Qui
1240 3234 1330 3286 clerici
1349 3233 1463 3287 debeam
1488 3235 1650 3303 comunibus
1664 3253 1707 3290 co·

860 3322 963 3389 putori.
982 3335 1043 3390 cap.
1061 3323 1092 3373 ιι
1116 3320 1188 3390 (corr.
1207 3322 1250 3387 ιιι,
1267 3336 1301 3374 cc
1319 3320 1509 3389 eademnam.)
1523 3337 1529 3374 :
1544 3340 1558 3371 ι
1575 3321 1706 3392 Innuptis

858 3413 954 3462 autem
970 3408 1037 3479 quia
1052 3408 1087 3461 ad
1106 3408 1213 3461 clerum
1229 3408 1355 3477 provecti
1370 3415 1446 3473 sunt,
1463 3408 1657 3479 praecipimus,
1677 3416 1708 3462 ut

860 3494 883 3549 si
898 3495 1042 3549 voluerint
1062 3510 1163 3549 risores
1183 3495 1335 3564 accipiant,
1360 3495 1409 3550 sed
1433 3496 1554 3550 lectores
1566 3501 1708 3552 cantores-

859 3599 915 3649 que
929 3583 1141 3638 tautummodo.
1156 3602 1169 3633 ιι

1210 3673 1273 3724 Car.
1291 3671 1354 3725 Cili.

894 3787 925 3839 lu
946 3784 1067 3839 concilio
1089 3784 1316 3855 Carthaginensi,
1336 3800 1396 3855 cap.
1419 3788 1450 3839 16
1472 3787 1555 3855 (conc.
1574 3787 1703 3855 Gortbcp.

858 3889 898 3940 ru,
914 3890 938 3927 c.
957 3877 999 3939 ιι,
1016 3877 1153 3942 reprimo
1169 3872 1246 3941 cdii.)
1263 3888 1270 3926 :
1289 3894 1299 3921 ι
1315 3873 1349 3927 ιιι
1362 3887 1426 3925 curu
1441 3874 1576 3927 omnibus
1587 3874 1704 3928 omniuo

857 3961 967 4015 clericis
989 3966 1114 4015 exteruae
1137 3961 1253 4015 femina
1277 3976 1336 4013 uon
1361 3960 1536 4024 cohabitent,
1565 3961 1613 4016 sed
1636 3962 1703 4015 solae

857 4055 973 4115 matres,
990 4049 1071 4115 avia,
1088 4053 1260 4115 materteroe,
1276 4049 1382 4117 amitae,
1395 4064 1507 4102 sorores
1521 4054 1549 4102 et
1563 4049 1630 4104 titire
1645 4050 1701 4105 ira·

856 4142 933 4192 trum
953 4142 1002 4190 ant
1021 4153 1162 4197 sororum,
1184 4141 1211 4189 et
1224 4152 1403 4207 quaecunque
1425 4152 1460 4190 ex
1475 4135 1585 4190 familia
1606 4152 1701 4191 neces-

856 4227 938 4280 sitate
957 4225 1122 4290 domestica,
1141 4224 1228 4278 etiam
1241 4229 1393 4295 antequam
1412 4223 1626 4289 ordinarentur,
1641 4225 1701 4295 jam

855 4315 976 4368 cumeis
994 4313 1170 4380 habitabant,
1191 4314 1235 4367 vel
1252 4313 1275 4366 si
1294 4313 1346 4367 filii
1366 4328 1467 4366 eornm
1483 4313 1544 4382 jam
1561 4313 1699 4367 ordinatis

854 4403 1023 4473 parentibus
1039 4418 1141 4457 uxores
1157 4401 1328 4474 acceperint,
1345 4407 1394 4456 aut
1410 4401 1499 4455 servis
1522 4416 1580 4455 nou
1596 4401 1702 4457 baben·

854 4489 930 4542 tibus
943 4489 973 4543 in
989 4490 1073 4544 domo
1093 4505 1164 4559 quas
1187 4489 1302 4555 ducant,
1323 4491 1440 4544 aliunde
1461 4490 1566 4543 ducere
1580 4490 1701 4544 necessi-

855 4581 898 4630 tas
911 4577 1006 4631 iuerit.
1026 4600 1036 4621 »

1204 4683 1267 4737 Car.
1286 4684 1338 4737 dx.

890 4799 960 4851 item
976 4797 1006 4850 in
1021 4797 1132 4861 eodem,
1149 4812 1211 4867 cap.
1232 4797 1267 4850 ll
1290 4796 1381 4865 (iord,
1399 4812 1461 4867 cap.
1476 4799 1521 4864 25)
1538 4812 1545 4849 z
1560 4816 1571 4845 ι
1591 4798 1624 4851 ιιι
1645 4797 1700 4850 cle·

854 4884 904 4939 rici
926 4885 969 4939 vel
986 4884 1176 4950 continentes,
1198 4885 1232 4937 ad
1257 4883 1418 4940 viduasset
1439 4884 1574 4955 virgines,
1592 4883 1646 4938 nisi
1667 4900 1700 4937 ex

850 4972 931 5041 jussu
953 4973 995 5026 vel
1020 4972 1160 5042 permissu
1182 4973 1379 5043 episcoporum
1402 4976 1451 5026 aut
1469 4972 1701 5043 presbyterorum

853 5076 911 5114 nou
926 5061 1070 5127 accedant,
1086 5066 1115 5114 et
1141 5061 1194 5114 boc
1213 5077 1271 5114 non
1287 5060 1340 5114 soli
1356 5061 1472 5126 iaciant,
1488 5060 1536 5114 sed
1563 5074 1628 5112 cum
1643 5058 1700 5112 cle-

851 5149 926 5211 ricis,
944 5153 995 5202 ant
1007 5165 1073 5202 cum
1088 5149 1133 5202 his
1147 5165 1212 5202 cnm
1227 5150 1332 5219 quibus
1349 5149 1500 5219 episcopus
1516 5152 1566 5201 aut
1581 5145 1698 5217 presby-

851 5241 894 5291 ter
910 5237 1043 5307 'jusserit
1076 5239 1131 5291 Nec
1152 5238 1205 5308 ipsi
1234 5237 1362 5307 episcopi
1384 5241 1434 5290 aut
1461 5234 1622 5305 presbyteri
1648 5237 1700 5288 soti

851 5327 976 5381 habeant
999 5342 1144 5381 accessum
1167 5326 1202 5381 ad
1227 5325 1392 5396 hujusmodi
1421 5323 1551 5387 feminas,
1579 5323 1701 5377 sedant
1805 5330 1809 5337 ⁴

852 5414 901 5469 ubi
927 5414 1022 5468 clerici
1041 5420 1196 5486 praesentes
1219 5421 1295 5477 sont,
1319 5419 1369 5467 aot
1393 5428 1493 5482 graves
1517 5410 1606 5482 aliqui
1622 5410 1701 5467 Cirri-

852 5503 946 5558 stiani.
967 5526 979 5547 o
