3930 6098
109 249 175 302 1019
653 243 681 299 S.
703 242 839 300 usellen
858 242 1105 302 hruodbertus
1124 243 1294 302 EPIscorl.
1787 250 1847 302 loto

105 378 214 451 quippe
227 378 280 447 ira,
294 393 351 449 qua
361 392 460 431 omues
475 375 526 431 sub
537 379 652 447 peccato
663 379 741 438 suut,
756 374 791 429 de
807 390 864 446 qua
878 374 949 428 dicit
966 377 989 430 Δ
1005 390 1061 445 que
1077 374 1217 443 fidelium,
1229 391 1262 429 ac
1274 374 1313 429 sic
1325 373 1502 445 incorporati
1512 373 1619 431 Christi
1629 390 1765 446 corpore,
1778 377 1848 447 quod

106 470 267 539 Apostolus,
285 486 298 517 u
315 465 432 520 Fuimus
447 465 523 518 enim
545 469 572 518 ut
593 480 647 518 nos
662 463 817 534 aliquando
833 468 952 516 natura·
1006 470 1051 518 est
1064 464 1199 529 Ecclesia,
1222 462 1446 519 reconcilientur
1467 464 1535 528 lleo,
1551 469 1583 519 ut
1606 464 1638 518 in
1660 465 1711 519 illo
1735 465 1801 530 vivi,
1824 471 1848 520 ut

106 557 172 611 liter
185 555 238 609 lilii
251 555 313 620 irae,
329 555 441 608 sicutet
454 553 668 622 caeteri(pres.
686 568 716 620 ιι,
728 551 765 622 3),
783 572 797 601 ιι
815 551 893 605 nulla
907 566 953 605 res
1006 553 1087 618 salvi,
1105 557 1135 606 ιιι
1160 553 1282 621 liberati,
1311 557 1341 606 ut
1362 553 1514 622 redempti,
1537 558 1568 607 ut
1588 553 1746 607 illuminati
1766 554 1846 608 liant:

105 645 218 710 liberal,
235 642 289 696 nisi
307 662 320 693 ιι
337 641 432 697 Gratia
447 641 497 696 llei
513 642 674 712 pertesum
694 639 838 695 Christum
853 639 952 694 Domi·
1009 638 1088 694 Unde
1103 639 1190 694 nisia
1215 646 1318 707 morte,
1342 640 1426 708 vitiis,
1450 645 1541 708 reatu,
1569 640 1762 711 subjectione,
1780 647 1847 696 tenc·

106 747 177 786 num
190 736 322 785 nostrum
334 733 421 799 (Rom.
433 745 482 795 vu,
498 729 553 800 25).
571 729 596 799 ιι)
1005 727 1065 782 bris
1079 729 1284 798 peccatorum?
1311 729 1380 792 Οιιιε
1406 729 1543 800 quoniam
1568 729 1649 783 nulla
1663 729 1695 783 in
1719 745 1754 784 ea
1774 735 1847 784 vetata

144 820 213 874 llem
228 818 299 889 (cup.
315 819 360 890 22)
377 835 384 873 z
412 817 502 891 [Tales
517 833 585 888 ergo
601 817 801 888 praedestiuari
817 821 845 870 et
862 815 953 871 creari
1005 830 1058 885 per
1073 831 1154 870 suam
1169 816 1257 870 vitam
1273 816 1372 886 propri
1384 832 1421 869 ιιι
1446 815 1666 882 corumiseruut,
1691 822 1781 871 restat
1794 817 1846 871 ori·

106 909 240 975 arbitror,
257 913 289 962 ut
310 908 359 979 qui
382 914 503 979 possunt
522 907 685 977 intelligant
702 906 753 960 Dei
776 905 908 977 gratiam,
925 908 953 958 et
1006 903 1122 974 ginale.]

106 996 249 1069 spiritum,
267 1018 281 1047 ι(
303 997 353 1067 qui
376 996 426 1051 ubi
449 997 510 1050 vult
535 996 625 1066 spirat
646 994 737 1064 (Jooo.
765 1010 806 1058 111,
833 996 871 1064 8),
888 993 951 1047 »ob
1041 993 1113 1047 ltcm
1125 994 1193 1062 (cap.
1208 993 1254 1063 27)
1273 1009 1280 1047 ι
1298 993 1381 1064 [Cum
1399 993 1435 1048 ad
1453 993 1602 1048 Zachaeum
1621 992 1764 1048 Dominus
1779 1000 1845 1048 esset

107 1086 256 1140 hocomne
280 1085 392 1155 ingenii
414 1100 505 1155 genus
528 1083 557 1137 iu
582 1083 648 1136 liliis
672 1081 875 1136 misericordiae
894 1097 953 1135 nou
1006 1079 1170 1150 ingressus:
1190 1103 1204 1131 ι(
1223 1080 1323 1150 Hodie,
1344 1081 1447 1152 inquit,
1472 1083 1548 1136 salus
1568 1082 1669 1137 domui
1690 1081 1760 1135 huic
1784 1083 1849 1136 lacta

105 1172 286 1245 praeterisse:
302 1173 428 1242 itemque
445 1187 530 1227 omne
543 1170 655 1241 ingenii
669 1187 760 1241 genus
771 1170 801 1224 in
813 1170 954 1239 gehennae
1007 1174 1058 1234 est,
1076 1169 1212 1240 quoniam
1241 1175 1270 1224 et
1289 1170 1342 1224 iste
1360 1170 1437 1225 lilius
1458 1176 1502 1225 est
1522 1171 1657 1225 Abrahae.
1672 1171 1758 1225 Venit
1780 1171 1848 1226 euim

107 1263 174 1317 liliis
188 1260 344 1332 praeterire.
362 1278 375 1313 a
392 1261 426 1315 Ut
448 1260 498 1330 qui
521 1259 671 1329 gloriatur,
694 1259 725 1312 in
754 1258 874 1312 Domino
890 1259 952 1328 glo·
1007 1255 1084 1310 lilius
1108 1256 1233 1311 hominis
1265 1273 1405 1328 querere,
1435 1263 1464 1313 et
1496 1257 1605 1312 salvare
1630 1258 1708 1329 quod
1734 1259 1849 1328 perierat

106 1350 242 1418 rietur(l
255 1350 316 1405 Cor.
334 1365 352 1417 1,
371 1347 424 1418 31).
442 1346 469 1419 ιι)
1008 1344 1083 1415 (Lae.
1100 1361 1156 1412 mx,
1169 1347 1196 1412 9,
1225 1344 1279 1413 lo).
1313 1365 1327 1394 ιι
1348 1346 1406 1401 Hoc
1427 1346 1528 1400 deove
1554 1345 1679 1416 perdita,
1709 1350 1739 1400 et
1753 1345 1848 1400 relictis

142 1439 213 1492 Item
240 1437 332 1508 libid:
365 1435 515 1508 [Cedamus
544 1435 642 1506 igitur,
683 1440 712 1489 et
740 1435 954 1490 consentiamus
1007 1434 1166 1504 nonaginta
1194 1449 1298 1488 novem
1325 1434 1454 1505 quaesita,
1477 1440 1504 1487 ει
1532 1433 1650 1488 invento
1678 1434 1736 1489 hoe
1769 1439 1797 1489 et
1821 1435 1848 1488 de

108 1525 271 1581 auctoritati
298 1531 404 1579 sauctae
427 1524 592 1595 Scripturas,
617 1540 681 1595 quoe
704 1523 793 1578 nescit
814 1523 885 1591 falli,
902 1539 954 1577 uec
1008 1521 1153 1589 drachma,
1182 1537 1247 1594 quae
1271 1522 1398 1590 perierat
1420 1539 1453 1576 er
1479 1523 1576 1577 decem
1599 1525 1675 1593 (Luc.
1701 1539 1749 1590 xv,
1774 1523 1847 1592 4,8).

107 1614 217 1669 lallere.
233 1614 266 1668 Et
281 1613 354 1667 sicut
376 1612 505 1667 nondum
528 1616 610 1667 natos
630 1612 665 1667 ad
691 1611 879 1667 discernenda
893 1628 953 1666 mc·
1009 1610 1085 1664 unde
1097 1611 1257 1682 oportebat,
1274 1617 1306 1665 ut
1318 1611 1403 1666 dicit:
1422 1634 1433 1661 ι
1453 1611 1602 1682 predicari
1614 1611 1646 1666 in
1665 1612 1785 1666 nomine
1796 1612 1847 1683 ejus

108 1702 164 1757 ritu
178 1716 278 1756 eorum
292 1701 403 1771 aliquid
429 1700 498 1755 boui
523 1701 566 1754 vel
595 1701 663 1755 mali
678 1701 769 1771 egisse
785 1715 843 1754 uon
863 1699 953 1755 credi·
974 1670 995 1725 B
1010 1698 1221 1767 poenitentiam,
1237 1701 1265 1754 et
1290 1698 1490 1754 remissionem
1505 1704 1691 1770 peecatorum
1713 1699 1746 1754 in
1761 1716 1849 1755 omues

108 1805 182 1857 mus,
198 1790 238 1844 ita
260 1804 359 1843 omnes
387 1788 439 1844 sub
464 1793 583 1860 peccato
606 1805 678 1857 esse,
701 1789 778 1859 quod
793 1803 847 1859 per
862 1804 954 1843 unum
1009 1793 1108 1857 gentes
1143 1786 1346 1858 incipientibus
1388 1786 1423 1842 ab
1474 1789 1631 1843 Jerusalem
1671 1790 1747 1857 (Luc.
1784 1804 1847 1855 nu,

107 1878 256 1933 hominem
271 1877 387 1933 intravit
408 1877 438 1932 in
464 1877 616 1944 mundum,
633 1882 661 1932 et
675 1893 727 1948 ρει
742 1893 841 1932 omnes
861 1877 957 1932 homi·
1009 1875 1065 1944 47).
1084 1876 1110 1945 ιι]

108 1982 159 2023 nes
176 1966 379 2036 pertransiit,a
396 1982 453 2037 quo
470 1982 530 2020 non
543 1966 648 2020 liberat
661 1966 715 2020 nisi
731 1966 825 2036 gratia
837 1967 888 2022 Dei
904 1981 956 2036 per
1046 1963 1118 2018 ltem
1136 1964 1250 2035 potul:
1270 1963 1296 2039 [u
1310 1966 1375 2020 Non
1387 1986 1401 2015 ιι
1417 1981 1497 2036 ergo,
1511 1965 1616 2037 inquit,
1631 1987 1646 2015 u
1663 1966 1699 2021 de
1711 1963 1848 2036 sauguini-

108 2055 371 2110 Dominumlesum
383 2055 528 2109 Christum
541 2054 661 2109 minime
678 2055 851 2109 dubitemus.
868 2054 955 2125 Cujus
1009 2049 1062 2105 hus
1077 2053 1258 2123 congregabo
1275 2043 1473 2106 ¹conventicula
1491 2069 1591 2108 eorum
1606 2054 1693 2121 (Paul.
1711 2070 1758 2122 xv,
1772 2054 1799 2121 l)
1816 2092 1822 2106 .
1837 2073 1844 2099 ι

108 2142 287 2198 medieinalis
302 2142 441 2197 adventus
457 2159 514 2196 nou
530 2147 572 2196 est
596 2159 668 2214 opus
691 2143 778 2211 sanis,
793 2144 842 2197 sed
862 2158 955 2214 aegro·
1010 2155 1084 2193 unus
1102 2140 1179 2194 enim
1201 2140 1318 2211 sanguis
1333 2157 1386 2212 pro
1400 2141 1498 2195 multis
1511 2141 1594 2196 datus
1607 2146 1662 2208 est,
1679 2157 1739 2212 quo
1757 2140 1846 2196 aeraci-
1877 2182 1880 2193 ,

107 2231 245 2298 tentibus,
259 2230 328 2302 quia
342 2247 400 2285 uon
423 2231 501 2285 venit
515 2247 616 2286 vocare
628 2231 732 2302 justos,
756 2231 805 2286 sed
824 2236 954 2302 peccato·
1012 2235 1055 2282 ter
1069 2229 1288 2284 mundarentur.
1316 2230 1444 2300 Denique
1467 2229 1615 2300 sequitur:
1639 2231 1727 2284 «Nec
1750 2245 1846 2284 memor

108 2335 153 2374 res
168 2320 329 2389 (Matthrx,
347 2321 390 2386 12,
413 2322 465 2388 13).
484 2320 516 2374 ln
540 2319 621 2390 qu'us
646 2335 768 2390 regnum
791 2335 850 2374 uon
864 2319 954 2374 intra·
1010 2316 1225 2370 eronominum
1249 2332 1349 2371 eorum
1374 2333 1425 2388 per
1451 2317 1527 2372 labia
1552 2333 1615 2371 mea
1640 2317 1777 2386 (thiale
1799 2324 1845 2372 tau·

107 2407 199 2462 bit:‹
226 2406 286 2461 Nisi
310 2407 360 2478 qui
386 2412 501 2462 renatus
530 2407 619 2463 fuerit
645 2424 678 2462 er
703 2423 779 2479 aqua
798 2413 827 2463 et
852 2407 955 2479 spiritu
1010 2420 1097 2474 quam
1114 2405 1327 2460 innovatorum.
1344 2406 1416 2460 Nam
1433 2406 1549 2461 uomina
1564 2421 1666 2460 eorum
1680 2411 1766 2479 erant
1778 2407 1845 2478 prius

109 2496 197 2567 (locu.
211 2510 238 2562 v,
256 2494 294 2566 5),
310 2518 324 2546 ιι
351 2512 402 2550 nec
425 2500 531 2566 proeter
554 2511 676 2566 reguum
702 2496 764 2567 ejus
787 2497 955 2573 salutemac
1008 2492 1183 2561 liliicarnis,
1217 2494 1271 2548 lilii
1295 2494 1402 2560 saeculi,
1425 2493 1478 2548 lilii
1498 2494 1560 2563 irae,
1578 2493 1630 2548 filii
1658 2494 1844 2561 diaboli3im·

110 2584 197 2637 vitam
220 2583 377 2652 possidebit
392 2590 540 2639 aeternam.
557 2584 698 2650 Quoniam
720 2585 770 2655 qui
793 2601 850 2639 nou
875 2601 955 2641 man·
1010 2583 1121 2650 mundi,
1138 2588 1311 2652 peccatores,
1329 2583 1423 2654 impii,
1444 2588 1545 2654 postea
1563 2599 1630 2638 vero
1649 2583 1713 2638 Filii
1726 2583 1785 2638 Dei.
1802 2586 1844 2639 llo·

108 2671 253 2726 ducaverit
265 2686 379 2724 caruem
389 2671 462 2741 ejus,
476 2677 504 2726 et
516 2671 567 2742 qui
576 2670 739 2726 incredulus
753 2677 794 2726 est
804 2672 883 2738 Filio,
895 2689 955 2727 non
1009 2670 1082 2725 mini
1098 2686 1183 2740 novo,
1200 2687 1307 2725 nomeu
1320 2687 1437 2736 novum,
1453 2672 1597 2726 canticum
1610 2687 1732 2739 novum,
1746 2688 1795 2743 per
1804 2674 1844 2726 Te·

50 2777 53 2783 ·
109 2759 196 2814 habet
209 2758 307 2825 vitam,
324 2760 374 2813 sed
389 2760 431 2813 ira
448 2760 495 2813 Dei
513 2765 611 2814 manet
624 2776 711 2830 super
724 2776 790 2814 eum
808 2761 895 2829 (loen.
911 2778 952 2831 ιιι,
1010 2763 1185 2814 stamenlum
1200 2761 1321 2814 Novum.
1340 2761 1402 2814 Nou
1416 2760 1474 2814 siut
1487 2760 1594 2831 ingrati
1607 2759 1744 2815 homines
1758 2760 1844 2831 gratie

109 2846 423 2917 vilhhhocpecoato,
451 2849 486 2902 ab
509 2848 562 2903 hac
587 2849 768 2919 aegritudine,
793 2850 829 2904 ab
845 2850 955 2904 hecha
1009 2846 1070 2908 uei,
1087 2847 1184 2916 pusilli
1198 2862 1264 2901 cum
1290 2847 1571 2916 maguis,uuiinore
1589 2862 1683 2918 usque
1708 2848 1745 2902 ad
1762 2848 1842 2918 majo·

110 2937 169 3003 bei,
185 2937 267 3006 eujus
282 2938 449 2991 naturaliter
464 2937 517 2992 filii
538 2943 613 3005 suut,
632 2938 682 3009 qui
698 2938 808 2993 ehamsi
822 2954 874 3009 ρει
886 2942 956 2994 aeta-
973 2943 992 2998 c
1009 2950 1080 2988 rem.
1105 2935 1202 2989 Totius
1228 2936 1357 2990 Ecclesiae
1380 2952 1432 2990 vox
1453 2941 1514 2990 est:
1541 2955 1555 2986 o
1584 2936 1685 2990 Erravi
1708 2937 1783 2990 sicut
1795 2937 1844 2990 ovis

108 3026 166 3077 tem
182 3039 241 3077 nou
262 3024 368 3078 habent
384 3026 546 3095 proprium,
567 3026 687 3081 trahunt
702 3031 799 3081 tamen
814 3027 955 3098 originale
1008 3023 1220 3093 perditalPsot.
1247 3039 1342 3093 ιιιιιιι,
1372 3026 1473 3094 1115).»
1496 3024 1632 3080 Omnium
1661 3025 1844 3080 membrorum

110 3117 267 3181 peccatum,
292 3129 350 3167 uon
377 3113 480 3168 liberat
503 3114 585 3168 uisi«
606 3117 704 3184 Agnus
725 3115 784 3176 llei,
808 3105 858 3186 q'ui
881 3116 955 3171 tollit
1009 3111 1115 3167 Christi
1130 3129 1184 3168 vox
1198 3119 1256 3168 est:
1277 3135 1288 3163 ι
1305 3113 1410 3169 Omnes
1430 3118 1462 3167 ut
1476 3129 1543 3168 oves
1569 3114 1742 3182 erravimus,
1754 3120 1782 3169 ει
1794 3114 1844 3184 ipsa

108 3204 224 3268 peccata
238 3200 339 3255 mundi
352 3201 441 3269 (locu.
459 3219 479 3269 1,
494 3204 559 3271 29),
581 3223 591 3251 ι
607 3202 734 3257 nonnisi
748 3203 888 3267 medicus,
903 3203 956 3275 qui
1009 3200 1128 3256 traditus
1143 3207 1185 3256 est
1199 3202 1386 3273 propeccatis
1401 3201 1505 3256 nostris
1520 3203 1589 3272 (Iso.
1607 3218 1667 3269 nur,
1684 3204 1721 3272 6).
1740 3223 1753 3253 ιι
1760 3201 1769 3274 )

109 3303 167 3342 non
189 3288 268 3342 veuit
294 3295 414 3359 propter
434 3297 583 3362 aegrotos3
606 3307 664 3345 uon
685 3291 739 3344 uisi
760 3292 896 3359 Salvator,
920 3294 955 3348 de
1043 3293 1113 3347 ltem
1128 3290 1201 3360 (cop.
1217 3291 1260 3358 ιιι)
1277 3305 1284 3343 :
1302 3288 1378 3361 [lpse
1394 3290 1533 3344 Dominus
1550 3290 1732 3345 definitivam
1755 3296 1843 3361 protu-
1871 3290 1874 3296 '

109 3391 166 3445 quo
182 3375 346 3432 dictumest
368 3379 468 3447 generi
483 3379 630 3435 humano:
649 3401 663 3429 u
690 3380 777 3434 Natus
799 3386 841 3435 est
863 3381 953 3450 vobis,
1008 3380 1042 3435 lit
1057 3378 1228 3434 sententiam
1244 3377 1280 3432 ad
1297 3377 1360 3431 haee
1371 3393 1422 3432 ora
1436 3378 1621 3440 obstruenda,
1638 3378 1761 3433 abiait:
1778 3376 1843 3442 «Qui

108 3463 194 3518 hodie
206 3465 335 3520 Salvator
355 3465 430 3535 (bac.
449 3482 480 3534 11,
497 3465 588 3534 11);ιι
613 3466 743 3521 nonnisi
769 3468 953 3538 Redemptor,
1008 3483 1121 3523 mecum
1136 3482 1196 3520 nou
1209 3471 1260 3530 est,
1279 3466 1413 3520 adversus
1437 3483 1483 3521 me
1498 3471 1541 3521 est
1562 3465 1683 3537 (Mettis.
1701 3484 1750 3535 ιιι,
1767 3469 1841 3535 bota

109 3551 191 3621 cujus
203 3552 343 3623 sanguine
365 3554 477 3608 deletur
495 3554 624 3610 debitum
646 3561 787 3611 nostrum.
803 3557 874 3611 Nem
890 3557 955 3629 quis
1008 3555 1154 3612 Constitue
1174 3553 1262 3625 igilur
1282 3554 1442 3625 quemlibet
1464 3556 1638 3626 parvulum:
1657 3556 1681 3609 si
1705 3557 1766 3627 jam
1789 3568 1842 3608 cum

109 3638 214 3693 audeat
223 3639 316 3694 dicere
330 3656 389 3695 nou
403 3657 463 3696 esse
487 3643 631 3698 Christum
656 3643 811 3699 inlantium
836 3647 955 3701 salvato·
1008 3643 1119 3700 Christo
1133 3651 1185 3710 est,
1203 3643 1311 3713 utquid
1324 3643 1541 3714 baptizaturlsi
1552 3650 1652 3699 autem
1669 3644 1844 3716 (quodhabel

109 3743 230 3782 remnec
244 3729 479 3798 redemptorem?
497 3732 575 3788 Unde
599 3738 694 3787 autem
719 3734 812 3788 salvos
838 3733 914 3801 lacit,
930 3735 955 3790 si
1008 3730 1126 3801 Veritas)
1138 3731 1202 3785 ideo
1216 3730 1380 3802 baptizatur
1398 3738 1430 3786 ut
1446 3731 1482 3786 sit
1500 3749 1565 3787 cum
1581 3733 1706 3801 Christo,
1728 3733 1842 3805 prolecto

110 3815 188 3869 nulla
200 3815 284 3871 ineis
299 3823 341 3871 est
356 3818 505 3888 originalis
520 3821 661 3891 aegritudo
674 3821 806 3891 peccati?
819 3822 898 3878 Unde
912 3838 955 3876 re
1007 3835 1066 3874 uon
1082 3819 1242 3890 baptizatus
1257 3835 1316 3874 non
1331 3823 1374 3875 est
1389 3836 1455 3875 cum
1469 3821 1594 3888 Christo,
1610 3827 1641 3877 ει
1655 3823 1725 3894 quia
1739 3838 1797 3876 non
1810 3823 1843 3875 est

109 3902 203 3969 dimit,
220 3903 244 3957 si
262 3912 404 3960 nonsuut
426 3922 478 3977 per
504 3907 648 3978 originem
663 3909 750 3979 primi
764 3909 890 3965 hominis
905 3926 953 3965 ve·
1007 3923 1072 3962 cum
1104 3907 1215 3962 Christo
1250 3907 1385 3962 adversus
1407 3909 1549 3964 Christum
1574 3915 1637 3965 est:
1663 3909 1841 3982 nequeenim

108 3991 230 4047 nundati
243 3991 295 4046 sub
306 3999 421 4064 peccato
433 3995 454 4066 ι)
1007 3997 1068 4066 ejus
1083 4001 1141 4050 lam
1157 3996 1337 4050 manifestam
1353 3996 1499 4065 debemus,
1527 4003 1577 4053 aut
1598 4014 1754 4068 possumus
1773 3997 1841 4052 inlir·

143 4080 214 4134 ltem
229 4080 302 4151 (cop.
321 4083 367 4152 ιι)
385 4098 392 4136 :
419 4078 584 4153 [Dominum
605 4085 703 4139 lesum
725 4084 872 4140 Christum
894 4102 954 4141 non
1007 4100 1086 4139 mare
1102 4085 1146 4138 vel
1160 4083 1314 4138 immutare
1327 4084 1511 4139 sententiam.
1526 4085 1605 4140 Unde
1617 4085 1711 4157 igitur
1721 4086 1840 4141 adversus

106 4167 194 4222 aliam
210 4168 246 4223 ob
262 4184 377 4224 causam
400 4170 431 4224 in
456 4187 542 4225 carne
558 4172 679 4239 venisse,
705 4188 737 4226 ac
759 4172 853 4227 forma
878 4175 953 4228 servi
1007 4172 1163 4239 Christum,
1178 4171 1202 4225 si
1223 4187 1281 4225 uou
1295 4187 1328 4225 ex
1353 4172 1493 4242 peccato?
1518 4173 1616 4244 Neque
1636 4174 1716 4229 enim
1740 4189 1774 4228 ex
1789 4187 1839 4226 cor·

106 4259 223 4325 accepta
242 4256 346 4310 laetum
364 4257 544 4313 obedientem
560 4275 649 4330 usque
671 4260 707 4314 ad
722 4266 844 4316 mortem
862 4261 952 4316 crucis
970 4257 993 4312 D
1008 4276 1077 4332 pore
1093 4266 1121 4314 et
1133 4259 1239 4325 anima,
1252 4275 1317 4330 quae
1332 4264 1453 4330 utraque
1469 4261 1520 4316 Dei
1539 4268 1672 4316 creatura
1694 4268 1745 4316 εει.
1766 4262 1838 4316 Ροιιο

107 4342 220 4411 (Philip.
238 4359 267 4410 ιι,
292 4343 330 4414 7),
355 4344 411 4398 uisi
432 4350 463 4399 ut
482 4346 535 4400 hac
554 4347 766 4417 dispensatione
790 4349 952 4406 misericor·
1007 4348 1032 4403 si
1047 4364 1082 4402 ex
1096 4351 1222 4419 peceato,
1243 4346 1322 4417 quod
1342 4347 1373 4400 in
1396 4347 1445 4402 illa
1466 4351 1559 4415 etate,
1579 4348 1635 4402 nisi
1658 4349 1804 4420 originale,
1818 4350 1838 4399 et

106 4428 231 4485 dissimae
244 4431 344 4501 gratiae
359 4448 469 4501 omues,
483 4435 587 4505 quibus
610 4441 746 4508 tanquam
770 4438 907 4493 membris
921 4439 952 4494 iu
1007 4435 1183 4507 antiquum?
1204 4436 1264 4490 Uua
1277 4440 1319 4489 est
1332 4435 1440 4506 quippe
1454 4451 1519 4491 caro
1538 4436 1660 4507 peccati,
1676 4437 1706 4492 iu
1719 4453 1776 4508 qua
1788 4450 1836 4490 um·

106 4532 227 4587 corpore
242 4521 404 4576 constitutis
430 4528 516 4593 caput
542 4529 595 4590 est,
613 4526 648 4579 ad
674 4529 882 4597 capessendum
906 4544 953 4582 re·
1006 4524 1104 4579 uesad
1121 4523 1335 4577 damnationem
1362 4529 1536 4578 naseuntur:
1557 4528 1586 4578 et
1600 4540 1659 4578 una
1680 4530 1724 4580 est
1743 4522 1836 4578 carolo

105 4620 195 4676 gnum
211 4607 348 4662 caelorum
362 4609 527 4680 vivificaret,
545 4618 574 4666 et
588 4613 680 4667 salros
703 4614 819 4683 laceret,
844 4615 951 4670 libera·
1006 4611 1194 4667 similitudine
1206 4611 1300 4665 carnis
1314 4611 1434 4681 peccati,
1451 4628 1504 4683 per
1522 4628 1609 4684 quam
1628 4628 1732 4668 omnes
1745 4630 1761 4668 a
1774 4612 1837 4667 dau·

105 4699 159 4757 ret,
177 4693 363 4763 illuminaret,
379 4703 407 4753 et
426 4699 581 4756 redimerat
605 4702 656 4773 qui
679 4704 760 4773 prius
785 4702 952 4758 fuissentin
1004 4701 1121 4755 natione
1140 4699 1320 4770 liberantur.]

105 4788 286 4851 peecatorum
312 4791 413 4852 morte,
443 4789 638 4859 languoribus,
664 4790 810 4853 servitute,
832 4791 950 4861 captivi·
1040 4791 1109 4844 llem
1126 4787 1215 4858 (idid.)
1234 4804 1240 4842 :
1258 4786 1404 4860 [Universa
1427 4788 1547 4843 Ecclesia
1563 4793 1650 4853 tenet,
1669 4789 1835 4862 quaeadver·

105 4875 174 4936 tate,
190 4873 319 4927 tenebris
337 4875 492 4940 constituti,
516 4877 569 4931 sub
589 4882 729 4947 potestate
745 4879 853 4934 diaboli
867 4880 951 4949 prin·
1004 4893 1052 4932 sus
1066 4892 1166 4931 omues
1179 4875 1312 4946 prolauas
1332 4876 1471 4931 novitates
1485 4877 1602 4948 vigilare
1622 4877 1720 4948 dehet,
1735 4890 1835 4932 omnen

104 4957 177 5028 cipis
194 4965 388 5031 peccatorum.
404 4966 444 5018 Ao
462 4964 626 5020 sicllcret«
642 4967 779 5022 Mediator
794 4967 843 5022 bei
859 4967 951 5022 etho·
1003 4965 1153 5020 hominem
1175 4963 1302 5033 separari
1321 4981 1336 5018 a
1359 4965 1425 5032 beo,
1449 4966 1503 5019 nisi
1524 4964 1574 5036 qui
1593 4982 1646 5037 per
1666 4967 1836 5022 mediatorem

106 5047 217 5103 minum
235 5050 260 5119 (l
274 5052 343 5105 Tim.
360 5067 389 5118 ιι,
411 5051 448 5122 5),
478 5074 488 5100 ι
520 5069 681 5124 perquem
705 5061 769 5125 ροει
785 5055 950 5110 inimicitias
1004 5053 1149 5109 Christum
1161 5052 1514 5109 reconciliaturDeo:nec
1523 5055 1652 5124 separari
1662 5068 1835 5127 quemquam,

104 5133 261 5205 impietatis
276 5144 391 5207 nostrae,
408 5139 485 5194 illius
497 5140 597 5211 gratiae
614 5158 683 5212 pace
705 5143 811 5211 linitas,
825 5143 950 5198 reconci-
1002 5139 1059 5195 nisi
1072 5138 1195 5209 peccatis
1207 5137 1464 5193 intercludentibus
1476 5155 1568 5211 posse.
1586 5140 1650 5194 Nun
1662 5157 1732 5212 ergo
1747 5153 1836 5195 recou-

103 5215 241 5273 liaremur
257 5221 314 5276 Deo
335 5221 367 5276 in
391 5228 529 5280 aeternam
544 5224 643 5295 vitam,
659 5226 694 5281 ab
721 5232 830 5282 aeterua
844 5233 947 5293 morte,
1002 5228 1093 5283 ciliari
1121 5226 1176 5281 uisi
1200 5231 1381 5297 peccatorum
1406 5228 1584 5294 remissione,
1612 5245 1665 5299 per
1685 5245 1772 5284 unam
1788 5242 1836 5298 gra·

104 5322 169 5377 quae
182 5307 285 5362 talibus
300 5309 494 5380 impendebat,
510 5312 622 5386 erepti]
1002 5317 1073 5372 tiam
1094 5314 1356 5370 misericordissimi
1385 5315 1549 5380 salvatoris,
1575 5333 1627 5388 per
1654 5334 1743 5373 unam
1764 5314 1834 5372 vieti·

139 5395 208 5448 ltem
224 5395 316 5468 (ibid.)
333 5398 465 5469 [Oportet
476 5404 612 5472 parvulos
625 5417 710 5472 egere
733 5403 789 5458 illis
801 5404 947 5460 beneficiis
1002 5419 1078 5458 mam
1095 5403 1235 5457 verissimi
1250 5403 1420 5470 sacerdotis;
1437 5421 1468 5458 ac
1484 5404 1523 5457 sic
1536 5421 1636 5460 omues
1651 5405 1727 5460 lilios
1741 5404 1833 5460 mulie

103 5480 278 5552 mediatoris,
295 5492 328 5540 ut
342 5486 431 5542 abluti
453 5506 503 5560 per
516 5497 738 5561 sacramentum,
763 5492 947 5549 charitatem·
1001 5494 1040 5548 ris
1054 5508 1117 5563 quae
1132 5492 1258 5561 serpenti
1275 5492 1405 5562 credidit,
1424 5499 1455 5548 ut
1468 5493 1588 5549 libidine
1610 5498 1833 5566 corrumperetur
