3930 6098
121 234 184 286 rou
683 229 710 283 S.
733 228 869 285 uutltull
889 227 1124 286 tuouurarsrs
1145 228 1298 286 urlscorl
1435 183 1438 190 ι
1798 239 1859 291 rore

118 368 215 431 stro;r
229 361 414 430 Delensquod
426 361 577 415 adversam
588 375 641 413 nos
658 365 721 414 erat
737 360 962 430 chirographum
980 366 1003 418 A
1018 360 1080 428 ejus
1095 364 1123 412 et
1137 359 1208 414 iram
1225 376 1282 430 qua
1305 360 1456 416 adversum
1474 377 1525 416 vos
1540 363 1679 418 excitatus
1700 363 1795 418 delere
1816 381 1861 420 roc

117 451 232 519 decreti,
249 452 324 522 quod
341 455 403 504 erat
421 448 597 503 contrarium
622 450 715 516 uobis,
737 456 767 503 et
781 450 877 519 ipsum
897 450 964 502 tulit
1017 448 1262 517 volunteered,
1285 450 1340 518 lo).
1360 469 1370 496 ι
1389 450 1420 502 Et
1436 457 1499 519 post
1513 450 1610 521 aliqua
1628 468 1695 506 cum
1723 434 1862 524 supplica-

116 541 151 594 de
174 539 268 593 medio
291 538 421 608 allligens
443 537 516 592 illud
534 538 635 590 eruci:
658 538 820 608 exspolians
836 553 962 591 secerne
1015 535 1102 590 tionis
1116 552 1185 601 suae,
1199 551 1286 606 quam
1309 552 1361 606 pro
1384 537 1461 591 illius
1490 537 1659 593 ollcnsionis
1684 539 1862 611 indulgentia

115 628 292 699 principatus
306 631 334 681 el
348 631 501 696 potestates
518 626 644 680 traduxit
658 626 765 697 palam,
782 625 962 697 triumphans
1016 623 1091 694 apud
1111 625 1201 678 Deum
1216 625 1329 679 fuderat
1343 626 1535 680 humilitatem
1552 632 1581 680 et
1595 627 1763 682 instantiam
1787 644 1862 683 com·

115 716 180 770 illos
205 715 234 769 in
264 715 417 784 semetipso
443 715 507 783 (Col.
533 730 563 781 u,
593 715 635 781 ll,
658 714 714 782 15).
741 734 754 763 u
774 715 857 768 Juxta
884 714 962 768 hunc
1016 712 1191 781 mandasset,
1209 713 1357 784 subjunxit
1376 718 1461 784 atque
1481 714 1545 768 ait:
1570 716 1633 769 «Et
1657 715 1800 770 exaudivit
1819 733 1862 771 me

114 820 240 875 namque
259 803 452 858 venerabilem
467 808 494 856 et
514 802 676 857 mirabilem
700 803 830 873 Apostoli
845 818 961 857 sensum
1015 802 1155 856 Dominus
1170 802 1256 856 etiam
1268 803 1320 856 hac
1333 803 1403 868 vice,
1416 808 1478 857 ette
1488 803 1607 873 perdere
1619 804 1715 858 noluit
1730 804 1832 876 (ibid).
1849 826 1862 859 s

113 892 174 963 ipse
197 893 335 948 Dominus
360 897 387 946 et
415 893 553 958 Salvator,
582 891 694 961 antiqui
716 891 833 956 decreti,
859 891 888 946 id
920 895 963 945 est
1015 890 1084 943 Ecce
1099 890 1241 961 populum
1256 895 1455 945 contumacem
1478 896 1506 946 et
1529 892 1666 947 rebellem
1680 894 1862 965 omnipotens

114 981 239 1052 autiquae
256 979 449 1035 damnationis
462 984 489 1033 et
500 979 710 1050 praefinitionis,
721 996 777 1051 qua
793 981 823 1034 in
838 985 961 1034 mortem
1015 977 1090 1030 Deus
1107 976 1187 1047 justa
1213 976 1412 1048 indignatione
1443 982 1604 1033 commotus
1627 979 1724 1034 delere
1750 980 1861 1036 voluit:

112 1072 248 1124 aeternam
261 1069 373 1136 merito,
386 1084 419 1122 ae
430 1068 508 1138 juste
523 1068 785 1139 precipitabamur,
803 1070 961 1139 chyrogra-
1015 1063 1091 1134 quod
1107 1063 1207 1135 utique
1223 1080 1291 1120 eum
1308 1065 1432 1119 voluisse
1447 1081 1516 1134 non,
1530 1067 1605 1138 qnod
1622 1067 1708 1130 absit,
1727 1067 1863 1123 fallaciter

111 1157 213 1228 phum,
230 1157 306 1229 quod
321 1157 426 1211 nostris
441 1156 577 1226 operibus
594 1161 732 1228 tauquam
750 1157 875 1228 propriis
900 1172 960 1210 ma·
1014 1153 1064 1205 sed
1097 1153 1236 1207 veraciter
1265 1153 1412 1224 Scriptura
1438 1154 1529 1209 dicit:
1556 1155 1589 1208 Et
1613 1159 1713 1209 tamen
1738 1155 1861 1226 idipsum

111 1245 198 1299 nibus
207 1261 273 1299 cum
286 1244 399 1299 diabolo
410 1245 580 1310 feceramus,
595 1265 610 1294 ι(
623 1244 732 1300 venditi
741 1246 795 1299 suh
807 1251 933 1315 peccato,
945 1264 959 1294 u
1014 1244 1113 1310 postet
1128 1240 1220 1296 fidelit
1233 1241 1335 1297 famuli
1351 1257 1434 1312 prete
1447 1248 1476 1298 el
1495 1243 1705 1314 supplicatione
1724 1245 1860 1315 placatus,

41 1370 43 1375 .
112 1334 218 1402 atejus
243 1349 295 1387 nos
307 1332 437 1387 servituli
456 1334 599 1387 tradentes
619 1350 671 1387 suo
690 1334 830 1405 sanguine
845 1334 959 1389 delevit.
1014 1329 1105 1383 libera
1116 1330 1255 1398 bonitate,
1271 1337 1300 1385 et
1314 1331 1511 1386 misericordia
1521 1347 1574 1387 sua
1587 1332 1692 1388 noluit.
1713 1336 1775 1389 Non
1788 1334 1860 1406 quod

111 1421 185 1487 eria
201 1443 211 1469 ι
229 1421 289 1491 ipse
308 1424 351 1475 est
365 1437 455 1492 agnus
481 1422 530 1476 llei
551 1422 601 1492 qui
625 1420 699 1476 tollit
719 1428 834 1492 peccata
860 1421 961 1476 mundi
1014 1418 1044 1471 in
1060 1419 1121 1488 ejus
1133 1421 1280 1475 voluntate
1297 1421 1355 1475 ulla
1368 1421 1406 1475 sit
1420 1421 1573 1490 mobilitas,
1600 1443 1613 1471 u
1631 1424 1709 1493 apud
1735 1439 1859 1495 quem,s

113 1512 202 1581 (loon.
220 1526 239 1575 1,
255 1512 321 1581 29);
338 1530 351 1557 o
369 1514 509 1580 quatenus
529 1526 579 1580 per
596 1511 692 1564 taleae
707 1514 820 1565 lantum
836 1511 961 1582 pretium
1012 1507 1093 1576 juxta
1108 1508 1282 1577 apostolum,
1293 1530 1307 1558 a
1323 1526 1380 1564 uon
1393 1514 1436 1564 est
1461 1510 1675 1578 transmutatio,
1702 1527 1755 1565 nee
1778 1512 1860 1566 vicis·

112 1600 207 1653 soluto
221 1614 254 1651 ac
276 1597 369 1652 deleto
392 1598 591 1669 chyrographo
614 1598 734 1670 peceati,
758 1600 916 1654 solveretur
931 1605 960 1654 et
1014 1594 1146 1650 situdinis
1171 1596 1353 1651 Obllmbfflfi⁰
1374 1597 1441 1669 (lah
1462 1615 1481 1663 Ι,
1506 1599 1575 1667 tl);)
1601 1620 1614 1648 ”
1631 1600 1681 1654 sed
1695 1601 1815 1671 quini&
1832 1600 1861 1653 il·

109 1686 254 1740 vinculum
271 1686 387 1753 decreti,
404 1687 482 1757 quod
499 1687 582 1741 nobis
595 1688 635 1741 ita
650 1692 712 1742 erat
726 1687 915 1755 contrarium,
930 1693 957 1743 et
978 1661 998 1715 Β
1014 1682 1065 1737 lud
1082 1684 1159 1753 J'usta
1183 1684 1333 1740 severitate
1358 1686 1529 1751 decreverat,
1558 1693 1591 1741 ut
1615 1687 1643 1741 id
1668 1695 1770 1758 postea
1792 1688 1860 1742 mira

110 1775 150 1828 ita
168 1790 220 1828 nos
242 1775 348 1829 fecerat
373 1774 522 1843 obnoxios,
546 1780 574 1829 et
599 1776 729 1830 subditos
758 1776 900 1844 servituti,
928 1781 961 1831 ut
1014 1772 1121 1842 pietate
1138 1777 1166 1826 el
1184 1772 1263 1843 justa
1289 1773 1500 1829 interveniente
1520 1791 1604 1829 causa
1626 1776 1776 1830 relaxarat.
1799 1776 1859 1830 Tale

109 1880 193 1940 uerno
204 1869 335 1918 nostrum
350 1869 436 1935 eaput
451 1869 547 1934 posset
563 1865 683 1935 erigere.
709 1865 742 1920 Et
768 1865 864 1936 ipsum
894 1866 960 1921 tulit
1014 1863 1057 1914 est
1072 1861 1145 1915 illud
1159 1862 1236 1932 quod
1251 1867 1280 1916 et
1293 1862 1322 1916 in
1337 1864 1438 1918 eodem
1454 1863 1607 1933 Scripturas
1627 1864 1692 1919 loeo
1706 1864 1742 1918 de
1768 1867 1857 1920 Aaron

111 1952 145 2007 de
162 1952 268 2017 medio,
294 1968 329 2006 ne
349 1956 422 2006 esset
435 1953 496 2022 jam
519 1953 709 2021 obstaculum,
739 1958 768 2008 at
793 1953 958 2009 interclusio
1014 1948 1170 2016 sacerdote,
1185 1949 1394 2022 quisacrilegio
1407 1951 1518 2021 populi,
1530 1952 1559 2005 in
1575 1952 1657 2005 vituli
1673 1952 1857 2007 fabricatione

109 2039 186 2094 inter
201 2056 251 2095 nos
267 2045 296 2094 et
309 2041 417 2110 Daum;
431 2041 513 2110 iuxta
523 2041 598 2111 quod
613 2041 755 2112 propheta
768 2040 855 2096 dicit:
877 2061 891 2090 «
905 2041 959 2097 Sed
1014 2043 1043 2092 ct
1066 2036 1232 2092 celebritate
1250 2039 1317 2092 licet
1337 2038 1443 2094 invitus
1469 2045 1602 2109 cesserat,
1618 2039 1726 2095 dicitur
1742 2057 1748 2093 :
1781 2059 1794 2091 a
1810 2041 1857 2096 ad·

109 2127 275 2198 iniquitates
289 2133 391 2182 restrae
411 2127 570 2183 diviserunt
586 2129 662 2183 inter
685 2145 733 2184 ros
752 2133 781 2183 el
805 2131 893 2184 lleum
912 2146 958 2183 re·
1013 2141 1111 2181 versus
1126 2128 1219 2181 Aaron
1239 2143 1355 2199 quoque
1370 2129 1555 2182 vehementer
1571 2128 1662 2182 iratus
1677 2129 1770 2182 voluit
1793 2145 1856 2185 enm

109 2218 281 2285 strumllse.
297 2232 351 2282 ux,
368 2215 433 2286 2)‚»
449 2217 497 2271 sed
518 2221 631 2287 pateret
649 2217 846 2272 hominiliber
867 2218 958 2272 aditus
1012 2218 1170 2269 conterere.
1200 2216 1232 2270 Et
1259 2231 1311 2285 pro
1345 2215 1394 2270 illo
1421 2215 1554 2271 similiter
1589 2216 1762 2287 deprecatus
1798 2234 1857 2273 sum

110 2309 139 2360 et
159 2321 307 2376 regressus
330 2304 365 2359 ad
382 2305 565 2360 Conditorem
592 2323 686 2361 suuni.
714 2326 724 2354 a
742 2306 868 2376 Altigeus
886 2306 957 2361 illud
1012 2301 1099 2373 (Dect.
1117 2319 1153 2370 rx,
1166 2303 1221 2374 20).
1239 2325 1254 2354 »
1269 2303 1347 2358 Sicut
1361 2320 1430 2375 ergo
1446 2303 1476 2358 in
1495 2303 1540 2357 his
1561 2304 1743 2359 evidentibus
1764 2305 1855 2372 rebus,

109 2393 197 2462 cruci,
215 2416 225 2442 ι
248 2393 318 2448 dum
334 2394 461 2464 ejusdem
481 2395 590 2465 peccati
606 2395 707 2463 nostri,
729 2411 793 2466 quae
809 2395 891 2450 nobis
905 2396 958 2451 de·
1012 2396 1042 2445 et
1056 2391 1132 2446 aliud
1151 2392 1264 2462 justitia
1280 2392 1413 2461 decrevit,
1431 2395 1468 2460 ζεῖ
1483 2392 1561 2447 aliud
1574 2392 1703 2447 bonitate
1718 2393 1797 2461 iecit,
1810 2410 1857 2448 nec

108 2480 242 2550 bebatur,
262 2498 378 2552 paenam
403 2482 463 2536 «in
483 2498 578 2548 carne,
597 2503 610 2531 u
639 2499 727 2554 quam
755 2484 879 2553 suscepit
905 2500 958 2553 pro
1012 2478 1068 2532 sibi
1078 2480 1173 2549 justus
1189 2485 1217 2535 et
1229 2481 1388 2536 misericors
1398 2481 1507 2552 aliquid
1524 2483 1702 2536 contrarium
1716 2482 1856 2553 egitdnm

110 2570 203 2636 nobis,
220 2587 254 2624 ex
270 2571 354 2624 uobis
369 2571 430 2641 ipse
447 2571 593 2636 sustinuit,
609 2575 760 2626 attestante
782 2573 867 2626 etiem
890 2589 956 2641 pro·
1012 2571 1040 2621 et
1057 2567 1097 2622 ibi
1119 2568 1272 2639 justitiam,
1291 2573 1319 2624 et
1340 2569 1388 2624 hic
1411 2569 1637 2625 misericordiam
1659 2570 1855 2626 conservavit:

110 2659 206 2729 pheta,
225 2659 274 2729 qui
285 2658 459 2713 ait:aVere
474 2659 628 2729 languores
642 2660 823 2730 nostrosipse
838 2661 915 2727 tulit,
930 2665 958 2715 et
1013 2655 1053 2710 ila
1088 2658 1216 2728 profecto
1244 2663 1273 2712 el
1301 2658 1331 2712 in
1356 2658 1405 2712 illa
1432 2657 1623 2712 destinatione
1648 2658 1739 2714 totius
1762 2674 1857 2713 masse

112 2745 227 2800 dolores
256 2750 369 2800 nostros
394 2746 455 2817 ipse
477 2747 601 2818 portavit
628 2747 694 2818 (lca.
730 2763 788 2817 aur,
815 2748 853 2820 4).
882 2771 893 2799 ι
923 2781 957 2790 -
1011 2744 1153 2800 damnatae
1170 2746 1205 2801 ad
1220 2746 1378 2809 interitum,
1396 2747 1471 2818 quod
1483 2747 1560 2817 justa
1575 2746 1728 2802 severitate
1744 2763 1857 2818 genera·

111 2857 124 2884 o
141 2834 309 2904 Exapolians
333 2850 475 2901 secerne,
494 2835 522 2889 id
540 2840 583 2890 est
597 2835 799 2891 indumentum
819 2837 957 2907 corporis,
1012 2833 1078 2888 liter
1091 2835 1190 2889 statuit
1204 2835 1366 2904 specialiter
1378 2835 1446 2890 inde
1464 2851 1536 2906 quos
1551 2835 1641 2889 voluit
1654 2836 1790 2907 eligendo
1806 2835 1855 2889 rui·

110 2924 226 2994 quaudo
241 2922 340 2989 voluit,
353 2940 404 2976 sua
427 2927 538 2994 sponte,
560 2939 610 2977 sua
634 2928 776 2993 potestate
799 2925 955 2995 deponens.
977 2923 1854 3002 0sericorditertemperavit.Noncujusquamsnpplicatioue,

112 3032 125 3058 a
142 3012 212 3068 Cum
233 3012 310 3065 euim
334 3011 489 3082 accepisset
508 3017 631 3078 acetum,
648 3032 662 3061 u
686 3012 760 3067 sieut
776 3013 816 3067 ait
836 3029 957 3085 evauge-
1012 3010 1063 3064 sed
1081 3011 1158 3081 quod
1174 3016 1216 3064 est
1238 3010 1423 3065 ineffabiliter
1437 3011 1547 3082 gratius
1571 3015 1598 3065 ct
1617 3011 1854 3082 magnificentius,

109 3100 183 3167 lists,
198 3123 212 3148 a
228 3101 317 3154 dixit:
335 3102 572 3155 consummatum
588 3104 639 3167 ost,
656 3106 685 3154 et
705 3101 841 3156 inclinato
865 3103 957 3173 capite
1011 3100 1073 3153 solo
1090 3098 1226 3152 bonitatis
1240 3114 1300 3153 suae
1312 3098 1479 3168 dignatione
1494 3104 1522 3153 et
1546 3098 1733 3154 miseratione
1748 3104 1852 3153 aihum-

110 3188 230 3243 tradidit
251 3188 385 3259 spiritum
414 3189 578 3257 (loeaxrx,
604 3190 691 3256 30),»
715 3190 867 3260 quietiam
891 3195 957 3246 ante
1011 3204 1067 3260 que
1090 3191 1187 3242 tamen
1216 3187 1300 3242 simul
1323 3188 1354 3241 iu
1380 3193 1488 3242 aeterno
1518 3188 1569 3242 Dei
1597 3187 1719 3242 consilio
1746 3203 1855 3258 semper

110 3276 219 3331 dixerat
234 3301 239 3330 :
257 3278 430 3331 Potestatsm
452 3277 543 3331 habco
565 3277 693 3347 ponendi
708 3277 834 3332 animam
852 3293 956 3346 meam,
1010 3275 1098 3331 luisse
1124 3276 1196 3330 nulli
1223 3276 1351 3331 fidelium
1370 3276 1505 3332 dubitare
1532 3277 1608 3331 licet.
1635 3275 1709 3341 Quia
1729 3277 1854 3348 quamvis

109 3369 138 3420 et
163 3369 335 3435 potestatem
360 3365 452 3419 habeo
479 3365 583 3419 iterum
609 3366 742 3421 sumendi
767 3382 852 3421 eam:
872 3383 957 3422 nemo
1007 3366 1090 3436 juxta
1105 3365 1235 3420 ordinem
1253 3379 1349 3420 rerum
1367 3365 1570 3437 temporalium
1587 3366 1732 3436 praecedat
1755 3365 1786 3420 iu
1808 3382 1852 3436 gc·

108 3455 184 3509 tollit
198 3469 261 3508 eam
276 3469 293 3508 a
309 3469 365 3520 me,
382 3454 430 3508 sed
444 3469 498 3524 ego
513 3469 589 3525 pono
605 3469 668 3508 eam
684 3471 700 3507 a
716 3455 826 3525 meipso
851 3460 882 3510 ut
903 3455 956 3510 ite·
1011 3471 1079 3509 nere
1091 3454 1217 3508 humano
1226 3454 1306 3525 justa
1321 3454 1369 3508 illa
1386 3454 1541 3519 damnatio,
1558 3459 1587 3508 cl
1605 3454 1798 3526 subsequatur
1808 3454 1854 3508 illa

110 3557 174 3597 rum
191 3557 304 3596 sumam
319 3557 382 3596 eam
398 3540 596 3612 (dodranti).
612 3564 626 3592 »
641 3571 677 3584 -
695 3562 708 3594 a
729 3543 908 3613 Principatus
929 3550 958 3600 et
1011 3542 1171 3597 misericors
1196 3543 1299 3598 exinde
1321 3542 1464 3609 liberatio,
1493 3543 1570 3613 apud
1598 3547 1738 3598 aetarnam
1761 3548 1853 3597 tamen

109 3634 266 3701 potestates
289 3630 417 3684 traduxit
441 3630 546 3701 palam.
576 3631 754 3702 Principatus
774 3632 906 3688 videlicet
929 3638 956 3688 et
1011 3631 1376 3702 atqueincommntebilem
1390 3632 1552 3698 veritatem,
1570 3631 1618 3686 nbi
1637 3631 1711 3686 nihil
1724 3637 1767 3688 ast
1780 3636 1852 3697 autc,

110 3722 264 3789 potestates
279 3718 434 3789 spirituum
451 3719 645 3790 malignorum
665 3720 772 3775 diaboli
786 3726 814 3775 et
837 3722 957 3792 angelo·
1009 3719 1083 3775 nihil
1106 3726 1224 3790 -postea,
1260 3721 1309 3776 sed
1339 3721 1437 3775 omnia
1471 3724 1500 3774 et
1526 3719 1679 3792 aequaliter
1706 3725 1735 3776 et
1761 3720 1852 3787 simul,

109 3822 175 3861 rum
190 3807 262 3877 ejus,
275 3807 325 3879 qui
341 3811 406 3861 ante
419 3807 449 3861 in
464 3823 571 3878 genere
581 3809 708 3864 humano
725 3824 783 3863 ase
797 3809 915 3880 decepto
928 3816 957 3864 et
1009 3813 1069 3863 tam
1082 3810 1273 3879 praecedentia
1294 3809 1402 3865 scilieet
1416 3826 1504 3880 qoam
1522 3809 1739 3880 subsequentia,
1760 3809 1792 3863 in
1811 3824 1851 3863 re·

109 3896 250 3966 captivato
265 3896 344 3949 velut
368 3895 460 3950 libere
486 3895 723 3965 dominabantur,
750 3898 956 3965 dehonestavit,
1010 3897 1063 3951 bns
1084 3898 1270 3953 mutabilibus
1293 3915 1351 3953 uno
1367 3905 1524 3953 cernuntur
1538 3897 1656 3966 intuitu,
1682 3914 1743 3953 uno
1762 3897 1850 3966 dispo·

109 3985 283 4039 contumelia
308 3990 336 4038 et
362 3985 522 4054 ignominia
544 3986 700 4051 denotavit,
715 3991 801 4057 atque
826 3986 957 4041 omnium
1009 3990 1221 4054 nunturnulu;
1245 3993 1399 4059 utrumque
1424 3988 1468 4058 (ut
1486 3987 1594 4042 dictum
1618 3989 1673 4056 est)
1701 3992 1730 4041 et
1751 3986 1849 4056 sempi-

109 4072 300 4138 credeutium‚
315 4078 342 4126 et
356 4073 580 4144 intelligentium
592 4075 683 4129 oculis
694 4075 880 4130 manifestum
895 4091 956 4129 esse
1008 4076 1507 4146 tarnapraescienriapraecognitum,
1517 4080 1546 4130 et
1556 4072 1850 4146 sempiternadisposi·

109 4160 185 4215 lecit.
206 4182 220 4212 u
235 4161 428 4231 Triumphans
454 4161 518 4214 illos
541 4162 571 4214 in
598 4161 760 4233 semetipso,
773 4183 787 4212 a
808 4162 877 4217 dum
902 4179 955 4217 suo
1008 4161 1087 4216 tione
1102 4167 1213 4218 constat
1227 4179 1287 4218 esse
1302 4163 1452 4234 praefixum
1465 4180 1498 4218 ac
1513 4163 1704 4233 prefinitum.

108 4249 235 4319 pretioso
254 4248 394 4318 sauguine
417 4253 533 4319 peccata
555 4249 655 4303 mundi
671 4250 785 4305 delevit.
804 4253 896 4322 Atque
915 4251 955 4306 ita
974 4267 996 4321 ὓ
1047 4250 1149 4304 Dahae
1162 4251 1322 4320 justissima
1336 4257 1364 4306 et
1379 4252 1507 4323 generali
1522 4251 1608 4306 totius
1628 4252 1751 4307 humani
1770 4265 1846 4323 geue·

109 4352 207 4391 causas
225 4337 267 4390 eis
288 4337 413 4407 antiquie
439 4336 631 4391 damnationis
656 4342 684 4392 et
703 4338 882 4409 principatus
905 4340 954 4395 ab·
1009 4337 1048 4392 ris
1062 4354 1114 4408 per
1129 4339 1222 4395 Adam
1239 4340 1435 4407 damnatione,
1457 4346 1487 4396 et
1507 4357 1559 4413 per
1583 4340 1703 4396 unicum
1719 4341 1847 4396 mediato·

108 4424 196 4487 stelit,
214 4429 242 4478 et
257 4439 309 4495 per
323 4423 457 4494 simplam
474 4430 596 4479 mortem
613 4425 704 4480 carnis
725 4443 794 4494 sure,
811 4426 955 4498 duplicem
1009 4440 1070 4479 rem
1091 4442 1123 4506 ac
1140 4427 1386 4483 reconciliatorem
1409 4429 1460 4482 Dei
1481 4436 1510 4483 et
1530 4429 1847 4485 hominumhoininum

108 4518 230 4568 mortem
242 4515 373 4567 omnium
388 4514 544 4568 electorum
568 4530 686 4569 suorum
711 4515 857 4578 destruxit,
880 4516 954 4571 libe·
1009 4516 1847 4589 nostrumlesnmChristummisericordissimaetbenignis·

107 4617 174 4657 rans
188 4616 236 4656 eos
249 4606 277 4655 et
295 4618 311 4655 a
327 4607 416 4656 morte
431 4602 535 4657 animae
550 4619 602 4674 per
616 4604 827 4674 indulgentiam
852 4622 952 4675 peeca—
1009 4603 1082 4657 sima
1096 4603 1244 4658 ablutione
1260 4607 1345 4676 plena
1359 4610 1402 4660 est
1424 4606 1570 4677 Scriptura
1584 4611 1694 4674 sancta,
1713 4608 1786 4662 sicut
1795 4605 1847 4676 jam

106 4695 212 4759 torum,
239 4695 267 4745 et
292 4707 309 4745 a
336 4696 427 4745 morte
454 4691 581 4761 corporis
605 4708 657 4762 per
687 4693 904 4748 resurrectionis
926 4697 955 4747 et
1009 4706 1095 4761 supra
1111 4691 1235 4748 breviter
1250 4698 1394 4748 ostensum
1412 4698 1468 4761 ast;
1493 4694 1570 4765 pleni
1588 4700 1654 4750 snut
1680 4696 1769 4750 etiam
1790 4691 1848 4748 libri

107 4779 333 4833 immortalitatis
349 4784 501 4849 tropaeum.
1010 4780 1158 4835 beatorum
1175 4781 1304 4843 Patrem,
1327 4799 1358 4836 ex
1375 4798 1498 4853 quorum
1518 4783 1602 4838 dictis
1625 4784 1661 4838 ad
1689 4782 1847 4839 aedificatio·

142 4869 170 4923 Si
186 4872 281 4922 autem
293 4872 320 4921 et
341 4868 395 4921 hoc
412 4868 541 4937 erigitur,
566 4872 598 4921 nt
612 4868 646 4922 de
665 4868 819 4938 Scripturis
836 4870 954 4941 aliquod
1008 4884 1075 4923 nem
1086 4870 1373 4925 elconlirmationem
1387 4872 1544 4941 legentium
1558 4872 1604 4926 hic
1619 4873 1719 4944 aliqua
1735 4873 1848 4943 snbjun-

104 4956 304 5011 testimonium
317 4956 507 5025 proteramus,
520 4955 568 5008 ubi
579 4955 672 5009 simile
683 4956 793 5027 aliquid
807 4959 836 5010 in
850 4958 954 5013 divinis
1009 4971 1076 5026 gere
1093 4962 1121 5011 ct
1135 4963 1248 5028 gratum
1260 4963 1287 5012 ct
1304 4959 1494 5014 necessarium
1508 4960 1628 5014 omnino
1644 4961 1789 5016 duximus.

106 5042 493 5115 operibusgestumlegitur,
511 5043 619 5097 scilieet
640 5048 670 5098 ut
691 5046 767 5115 quod
787 5046 887 5115 judicii
909 5047 954 5100 sui
1046 5047 1147 5100 Beatus
1177 5046 1680 5119 itaquellilariusexponensverba
1718 5049 1846 5121 Apostoli,

106 5133 243 5204 aequitate
258 5136 286 5186 et
299 5134 449 5185 severitate
461 5131 596 5197 decrevit,
608 5131 743 5186 bonitatis
753 5139 782 5188 el
792 5133 953 5189 misericor·
1009 5152 1073 5207 quae
1088 5135 1219 5206 superius
1229 5136 1389 5206 posuimus,
1404 5137 1430 5191 id
1456 5142 1507 5201 est,
1525 5138 1574 5193 ubi
1599 5138 1635 5192 da
1651 5139 1775 5195 [lomina
1790 5139 1846 5192 ait:

105 5222 159 5275 diae
173 5237 232 5275 sum
246 5224 387 5290 potestate
399 5219 562 5286 indulserit,
579 5221 708 5291 atqueiu
720 5222 827 5276 bonurn
838 5238 954 5278 conver·
1009 5242 1024 5276 a
1040 5225 1143 5278 helena
1158 5225 1235 5295 quod
1251 5225 1402 5280 adversum
1417 5242 1470 5280 nos
1485 5231 1546 5280 erat
1562 5226 1787 5300 chirographum
1804 5227 1847 5281 de·

104 5310 180 5373 terit,
194 5309 265 5362 illud
282 5308 312 5361 in
332 5308 466 5379 prasenti
488 5310 613 5363 occurrit
627 5310 704 5379 quod
728 5310 828 5363 beatus
846 5311 954 5382 Moyses
1008 5312 1077 5368 creti
1093 5312 1159 5384 (Col.
1177 5330 1209 5379 11,
1224 5314 1277 5384 ll),
1296 5334 1307 5362 ι
1323 5318 1351 5368 et
1365 5319 1468 5369 caetera
1483 5316 1517 5370 de
1530 5314 1583 5369 bac
1598 5331 1629 5371 re
1651 5317 1693 5371 ita
1708 5317 1846 5388 loquitar:

103 5397 220 5464 populo,
237 5396 283 5450 cui
295 5396 421 5467 regendo
433 5401 462 5450 et
472 5396 639 5451 deducendo
649 5403 783 5469 praeerat,
801 5399 836 5453 de
851 5400 953 5456 codem
1009 5401 1143 5474 [Carnem
1162 5402 1239 5456 euim
1263 5403 1373 5472 peceati
1399 5403 1516 5474 recepit,
1539 5409 1574 5459 ut
1599 5404 1631 5458 in
1660 5406 1847 5477 assumptione

104 5483 300 5552 omnipotente
314 5486 371 5540 lieo
387 5485 473 5540 dicit:
493 5507 503 5534 ι
518 5486 612 5541 Timui
626 5487 704 5541 enim
718 5487 950 5558 indignationem
1006 5490 1099 5544 earnis
1112 5495 1219 5546 nostrae
1234 5491 1355 5548 delicata
1364 5492 1495 5560 donaret,
1508 5492 1577 5547 dum
1592 5492 1656 5564 eius
1669 5494 1703 5550 lit
1712 5495 1846 5566 particeps
