3930 6098
489 264 536 322 DE
556 261 748 320 utnacucls
767 265 795 319 S.
816 256 983 321 effluant.
1000 291 1033 305 -
1043 262 1114 322 LlB.
1137 267 1171 322 ll.
1652 269 1704 326 794

85 396 198 452 itacum
214 395 297 451 laude
321 393 482 450 retulimus.
507 393 612 459 Quanti
632 393 673 448 ibi
693 394 798 464 jucun·
816 395 911 448 Aaou
930 393 1031 466 utique
1046 395 1143 449 omnia
1164 411 1228 466 qma
1240 394 1283 450 vel
1293 395 1349 467 ipsi
1363 395 1436 451 facta
1451 394 1586 463 vidimus,
1610 398 1705 456 veleb

85 484 202 548 illotus,
225 483 385 556 quantique
408 483 603 537 exsulantium
628 482 720 538 oborti
742 481 804 537 luc·
859 483 922 537 aliis
945 483 1083 538 veraciter
1105 488 1217 553 patrata
1240 500 1301 538 esse
1325 485 1519 552 comperimus
1540 483 1607 538 huic
1628 498 1705 554 opu-

85 573 178 641 prltus,
196 587 377 644 nequaquam
391 571 679 626 enarrarevalemus:
696 570 813 642 quippe
859 573 937 627 scuto
951 573 1124 641 inserentes;
1139 572 1188 626 sed
1211 588 1245 626 cx
1261 573 1358 626 multis
1380 588 1480 644 pauca,
1497 577 1584 644 atque
1610 587 1628 626 a
1652 588 1704 626 no·

88 663 166 733 ipsas
191 661 240 715 Dei
263 660 362 715 laudes
385 660 493 714 crebris
517 659 694 731 singultibus
720 661 807 712 inter·
858 662 901 715 bis
922 667 1070 732 perspecta
1095 661 1123 715 in
1146 675 1235 714 unum
1268 661 1402 732 colligere
1425 662 1563 716 volentes.
1597 660 1706 717 Carncta

85 764 157 822 aque
176 750 309 819 lacrymis
345 748 473 819 proferre
508 749 665 819 potuimus.
700 747 804 803 Proeci-
859 749 936 804 euim
952 750 1108 804 baciacile
1123 748 1250 803 enarrari
1268 765 1425 818 possenon
1448 749 1602 813 credimus,
1629 763 1705 819 prae·

94 839 274 893 venerandus
295 843 378 908 pater
406 843 502 891 noster
528 837 689 892 Grimaldus
712 837 805 908 tripu·
859 840 957 893 sertim
968 855 1032 893 cum
1048 838 1078 893 in
1095 838 1164 893 locis
1179 838 1311 910 plurimis
1327 854 1385 892 uon
1400 839 1435 893 ad
1451 843 1639 906 uastantem,
1655 837 1703 892 sed

85 944 99 982 n
124 926 225 981 laetitia
269 932 364 980 motus
394 942 410 980 a
439 926 571 997 lacrymis
599 942 628 980 se
658 926 806 980 continere
859 929 894 984 ad
911 927 1704 999 eliosquoquepertinentibus,quaesacriscjuspigno·

86 1031 199 1086 ,egens
216 1015 272 1069 Deo
287 1015 394 1085 gratias
409 1014 485 1086 quod
502 1014 560 1068 suis
575 1014 753 1085 temporibus
775 1014 805 1068 in
861 1018 939 1072 ribus
966 1017 1141 1084 ditabantur,
1157 1022 1216 1070 tam
1237 1016 1327 1070 multa
1344 1017 1473 1087 quotidie
1501 1017 1704 1070 miraculorum

85 1119 120 1158 rm
133 1104 187 1158 sibi
206 1104 408 1157 commendato
432 1108 543 1157 tantum
570 1102 655 1157 deciis
681 1103 805 1174 taliaque
859 1107 942 1176 signa
955 1104 1125 1172 effulserint,
1142 1110 1174 1158 ut
1188 1120 1241 1158 nec
1256 1102 1557 1181 verborumfacundia
1571 1101 1704 1173 proferri,

85 1193 164 1247 tentis
179 1191 229 1246 Dei
243 1192 380 1246 beneficia
395 1191 490 1246 videre
507 1191 676 1261 promeruit.
692 1191 734 1246 Ad
750 1191 805 1245 bu·
860 1212 912 1251 nec
940 1194 1005 1265 styli
1031 1193 1167 1248 instantia
1190 1193 1297 1263 absque
1324 1193 1421 1248 labore
1449 1192 1704 1261 valeantcomprc·

85 1295 131 1353 que
146 1280 253 1335 laetitiae
264 1280 412 1334 cumulum
423 1280 573 1349 Arrgieueis
585 1279 710 1336 coeuobii
721 1278 806 1334 abbas
859 1282 956 1337 bendi.
973 1282 1152 1352 Quapropter
1166 1281 1211 1335 his
1228 1280 1343 1335 interim
1359 1280 1481 1346 omissis,
1497 1279 1534 1334 ad
1547 1294 1580 1332 ea
1594 1282 1706 1332 tantum
1806 1270 1813 1281 '

85 1368 212 1423 ibusdem
223 1366 314 1437 ipsius
327 1367 381 1421 loci
397 1367 534 1421 fratribus
548 1368 645 1421 eadem
668 1367 737 1421 bora
757 1383 806 1420 su·
860 1386 913 1425 nus
925 1369 1076 1424 scribenda
1088 1375 1295 1435 convertemus,
1312 1385 1376 1440 quac
1392 1375 1421 1423 et
1442 1368 1590 1424 nobiscnm
1611 1365 1706 1421 omni·

85 1476 101 1524 ‚3
115 1456 275 1526 fratresque
290 1472 325 1510 ex
341 1455 514 1510 monasterio
535 1457 612 1526 quod
632 1457 807 1527 campidona
860 1457 953 1512 modis
973 1458 1047 1513 facta
1073 1458 1270 1528 cognovimus,
1296 1463 1325 1512 et
1349 1458 1426 1528 apud
1452 1456 1551 1511 livoris
1576 1459 1707 1526 expertes

103 1544 139 1599 ab
167 1544 271 1599 abbate
287 1560 339 1598 suo
362 1544 450 1613 missi,
471 1544 637 1613 hujusmodi
662 1544 807 1616 exsequiis
860 1545 1035 1601 attestationi
1060 1545 1219 1601 sanctitutis
1241 1546 1303 1616 ejus
1325 1546 1455 1601 sulficere
1480 1560 1564 1616 posse
1587 1542 1708 1599 conlidi·
1803 1605 1809 1619 ⁵

85 1650 120 1689 ue
135 1650 165 1689 se
188 1633 324 1689 interesse
347 1633 462 1705 gaudiis
487 1633 714 1704 gratulabantur.
742 1635 806 1705 Epi·
863 1650 937 1689 mus.

85 1724 177 1776 autem
200 1721 310 1775 interea
333 1737 426 1775 sacras
454 1721 496 1792 pii
522 1721 613 1792 petris
635 1721 751 1776 exuvias
775 1690 847 1777 iuB
1194 1706 1308 1763 CAPUT
1328 1705 1375 1761 111·

85 1822 133 1863 aee
154 1808 323 1875 recondens,
349 1808 450 1862 altario
472 1818 484 1842 ⁸
508 1809 682 1880 supposuit:
708 1809 805 1881 sicque
896 1812 990 1869 Pedem
1011 1813 1120 1868 caucius
1144 1816 1170 1866 et
1193 1814 1355 1879 tumefactus
1380 1812 1526 1866 sanitatem
1544 1807 1672 1879 indeptus

85 1911 111 1951 m
126 1896 319 1951 celebratione
344 1895 514 1951 solemniter
537 1903 662 1968 peracta,
686 1898 806 1953 bencdi-
1108 1882 1455 1953 111111111111111111111111111111·

85 1985 188 2055 pulum,
206 1985 285 2040 abire
298 1986 437 2055 permisit.
455 1986 537 2040 facta
552 1991 618 2040 sunt
630 1990 727 2041 autem
746 1987 806 2042 bac
895 1987 1016 2053 Quidam
1030 1988 1235 2060 paterfamilias
1260 1988 1417 2042 multorum
1441 1986 1517 2058 apud
1541 2000 1593 2040 nos
1613 1983 1708 2054 cogni·

85 2073 266 2128 rcarnationis
281 2072 435 2128 Dominicce
459 2074 696 2145 octingentesimo
724 2091 806 2130 sexa·
860 2075 939 2131 bone
955 2077 1132 2142 notissimus,
1147 2092 1260 2131 serrum
1273 2075 1429 2147 quemdam
1442 2073 1550 2136 babuit.
1568 2071 1619 2143 qui
1633 2086 1706 2142 ope-

85 2163 282 2232 eeptimo,sub
299 2162 429 2233 piissimo
450 2178 517 2232 rege
540 2162 694 2230 ludovico,
719 2180 806 2234 supra
860 2167 899 2220 ris
924 2166 1073 2238 quidpiam
1096 2167 1203 2220 faciens
1234 2182 1300 2220 casu
1328 2165 1432 2237 pedem
1454 2162 1626 2218 vulneravit.
1655 2162 1706 2216 Pes

85 2253 125 2304 liis
138 2251 315 2322 principibus
330 2251 480 2321 pastoralis
493 2251 578 2306 oflicii
596 2252 743 2306 functione
756 2269 805 2307 cu·
858 2270 926 2309 vero
941 2255 1002 2325 ipse
1015 2256 1147 2326 protinus
1163 2256 1348 2321 intumorem
1364 2269 1472 2320 versus,
1488 2252 1559 2306 adeo
1569 2264 1707 2306 venarum

85 2339 224 2394 :lesiarum
242 2340 291 2394 Dei
306 2344 421 2395 strenue
442 2340 606 2411 agentibus,
631 2346 729 2395 octavo
750 2343 804 2397 lia·
859 2343 1056 2398 contractione
1071 2343 1239 2398 debilitatus
1252 2349 1304 2409 est,
1328 2348 1361 2396 ut
1384 2340 1552 2397 ambulandi
1572 2339 1708 2393 facultate

85 2443 111 2483 m
136 2427 300 2483 Octobrium
321 2428 378 2494 die,
400 2435 503 2500 quarta
532 2430 614 2495 feria,
649 2429 805 2484 indictione
859 2432 975 2502 penitus
991 2431 1163 2503 privaretur.
1186 2431 1266 2487 Hanc
1289 2431 1325 2486 ob
1349 2446 1462 2484 causam
1484 2427 1708 2484 sustentaculum

85 2558 89 2571 .
107 2517 157 2571 Die
170 2532 235 2570 vero
249 2516 391 2588 sequenti,
405 2523 438 2571 ut
454 2518 548 2571 bonor
564 2518 640 2572 beati
655 2518 709 2572 viri
720 2518 806 2572 latius
860 2520 1003 2590 quoddam
1019 2521 1160 2591 genuculo
1176 2535 1353 2591 supponens,
1374 2533 1503 2589 gressum
1523 2531 1611 2588 quem
1626 2513 1708 2584 pedis

86 2608 302 2675 agmentaretur,
319 2609 493 2659 memoratus
510 2605 614 2675 presul
629 2622 661 2660 ex
676 2607 806 2678 reliquiis
860 2609 1013 2665 intirmitas
1034 2609 1205 2681 denegabat,
1235 2624 1287 2679 per
1316 2623 1424 2662 annum
1452 2606 1541 2660 ferme
1563 2604 1708 2675 integrum

85 2708 106 2745 vs
124 2692 237 2762 pridem
251 2692 337 2762 bajus
350 2692 392 2745 rei
408 2693 500 2762 gratia
515 2708 642 2746 seorsum
667 2709 734 2747 eum
753 2710 805 2763 po·
860 2704 921 2750 arte
949 2697 1091 2752 fulciendo
1120 2697 1268 2752 sublevare
1298 2697 1425 2751 curabat.
1456 2696 1480 2750 le
1508 2709 1573 2748 cum
1610 2691 1647 2745 ad
1678 2691 1706 2745 B.

85 2779 226 2846 ttulimus,
252 2781 345 2852 primo
365 2781 419 2835 tibi
444 2781 518 2848 111111,
543 2781 645 2835 deinde
661 2781 756 2836 abbati
773 2798 805 2835 01
861 2786 991 2842 Otbmeri
1014 2786 1150 2857 sutfragia
1172 2786 1305 2852 venisset,
1332 2791 1400 2839 autc
1427 2783 1490 2854 ejus
1517 2783 1607 2836 altere
1639 2795 1707 2850 pro-

85 2868 240 2923 tfratribus
265 2869 300 2924 de
326 2870 513 2940 campidona,
539 2869 708 2941 caterisque
735 2869 806 2925 reli·
860 2879 965 2929 stratus
985 2875 1086 2943 oravit,
1112 2873 1319 2944 confestimque
1343 2874 1435 2927 soluto
1457 2871 1530 2943 pede
1552 2869 1708 2938 relictoque

86 2955 165 3028 tique
190 2974 221 3011 ac
249 2957 460 3011 venerabilibus
483 2958 549 3012 viris
572 2958 683 3029 aliquas
709 2974 744 3013 ex
765 2957 806 3012 eis
825 2963 1053 3022 caustentaculu
1068 2978 1154 3017 senus
1171 2961 1314 3017 abscessit.

85 3061 123 3111 as,
143 3050 229 3116 prout
256 3046 311 3100 sibi
338 3046 430 3100 visum
458 3046 562 3113 fuerat,
583 3047 804 3113 commendavit,
1197 3085 1309 3142 CAPUT
1325 3083 1360 3138 w

85 3134 246 3189 recentibus
272 3150 372 3189 omnes
392 3151 440 3190 eos
462 3135 584 3190 sollicite
607 3152 803 3203 commonens,
1364 3125 1370 3137 ⁹

88 3222 165 3278 mnia
180 3222 339 3278 honorilice
353 3224 497 3296 digneque
515 3241 562 3280 aas
583 3229 702 3279 tractare
727 3240 806 3279 cura·
1077 3202 1155 3260 111111
1168 3198 1494 3272 111111111111111011111111111·

85 3309 165 3367 uibus
195 3313 328 3382 peractis,
355 3312 430 3367 beati
469 3313 613 3368 llicbaelis
640 3314 804 3385 archangeli
896 3320 1057 3377 Necmnlto
1086 3323 1149 3390 post
1176 3316 1249 3372 elius
1274 3316 1392 3388 quidam
1419 3313 1522 3385 pedem
1547 3326 1613 3366 cum
1634 3309 1707 3365 libia

85 3414 105 3453 11
125 3401 330 3456 111111111111
358 3402 520 3471 1111101111
544 3417 625 3455 11111)
652 3402 805 3457 1111111110
860 3412 944 3467 altius
968 3415 1083 3465 eterra
1105 3408 1241 3474 levatum,
1267 3405 1300 3460 ad
1325 3402 1487 3476 posteriora
1516 3403 1707 3468 contractum,

85 3488 804 3558 1111,111111111111111111111111111111111111111110111·
860 3517 917 3555 non
940 3499 975 3553 ad
990 3496 1149 3553 subsidium
1162 3494 1283 3563 itineris,
1314 3493 1362 3549 sed
1390 3493 1426 3548 ad
1449 3488 1585 3563 ponderis
1614 3487 1710 3560 potius

85 3575 634 3633 111111111111111111111111111111111111]
659 3594 694 3632 0¹
712 3577 806 3650 1113111
859 3586 1071 3660 gravitudinem
1085 3584 1203 3640 ferebat.
1230 3582 1340 3638 llicdie
1355 3580 1480 3653 quedam
1509 3577 1617 3633 baculis
1653 3575 1711 3630 sul·

85 3665 429 3735 1111111111111111111111111
445 3666 806 3721 1111111111111111111111“
859 3674 1168 3732 fultusmonasterium
1195 3671 1320 3736 devenit,
1346 3676 1372 3724 et
1404 3672 1433 3726 B.
1461 3666 1592 3724 Otbmari
1614 3669 1710 3719 orato·

85 3752 255 3808 111111111111
277 3759 494 3825 proseqssesstffl,
521 3758 585 3825 posi
606 3754 740 3808 111111Πῶ
761 3754 805 3809 di·
860 3765 936 3819 rium
951 3762 1097 3833 ingressus
1110 3774 1206 3814 coram
1226 3758 1311 3813 altari
1333 3758 1394 3828 ejus
1414 3755 1514 3811 stando
1538 3770 1604 3809 cum
1631 3769 1709 3808 oras-

85 3841 259 3915 rcolloquia,
285 3842 350 3896 dato
373 3842 450 3914 pacis
475 3844 571 3897 osculo
595 3843 631 3897 ad
659 3858 711 3897 sua
738 3859 804 3897 eum
860 3858 912 3920 set,
933 3867 984 3922 pes
1010 3849 1071 3921 ipse
1095 3863 1161 3902 cum
1185 3846 1255 3901 tibia
1280 3847 1393 3901 solutus
1416 3841 1612 3915 protenditur,
1636 3840 1712 3896 soni·

85 3945 206 3985 ’01111111
221 3931 417 4002 permisimus·
859 3944 980 4011 tumque
992 3938 1023 3993 iu
1038 3939 1155 3993 modum
1172 3935 1255 3991 fracti
1271 3934 1422 4006 cujusdam
1445 3930 1518 4005 ligni
1542 3928 1710 4002 crepitando

295 4036 410 4092 CAPUT
429 4037 465 4092 ll.
859 4029 995 4084 emittens
1017 4025 1181 4097 corrigitur.
1198 4026 1253 4080 llec
1280 4039 1362 4079 mora
1386 4037 1439 4078 suo
1466 4020 1615 4076 restitutas
1647 4019 1708 4073 loco

85 4123 229 4194 plurimis
254 4124 318 4179 loeis
339 4127 412 4178 circa
434 4125 568 4196 reliquiar
589 4125 648 4194 ejus
671 4126 806 4181 miracuta
858 4118 999 4173 ferentem
1015 4130 1044 4169 se
1059 4113 1177 4180 ferebat,
1192 4115 1414 4183 portantemque
1429 4125 1459 4162 se
1478 4111 1559 4179 grata
1578 4102 1709 4160 mercede

293 4195 380 4249 mutto
388 4197 466 4263 dunt.
827 4248 849 4302 D
861 4219 1048 4261 remunerans
1062 4202 1239 4274 deportabat.

85 4281 240 4337 .relatione
255 4283 378 4354 qualiter
388 4283 432 4337 vir
451 4284 553 4338 beatus
569 4282 600 4337 in
617 4300 698 4339 suam
713 4288 807 4339 trans·
1202 4324 1316 4381 CAPUT
1335 4323 1367 4377 V·

85 4370 150 4424 rarit
175 4370 333 4436 basilicam,
363 4387 399 4425 ue
428 4371 576 4426 fastidioso
604 4373 677 4427 forte
706 4373 807 4428 lectori
1433 4430 1438 4441 Ι
1554 4429 1559 4439 ι

85 4473 120 4512 ns
138 4457 169 4513 in
191 4460 307 4530 tongum
330 4475 424 4514 sermo
448 4461 561 4515 turbata
585 4465 680 4515 meme
704 4476 807 4532 rugam
932 4433 1038 4491 Celebre
1055 4432 1218 4488 miraculum
1236 4428 1452 4485 sanctimoniales
1468 4427 1639 4483 idumenotae.

85 4552 234 4618 mgereret,
260 4547 356 4619 aliqua
370 4565 405 4603 ex
429 4549 588 4603 sanctitatis
611 4550 673 4621 ejus
695 4549 808 4605 indiciis
896 4550 955 4606 Sub
969 4548 1060 4619 ipsius
1084 4545 1152 4601 anni
1168 4544 1260 4616 spatio
1281 4542 1507 4599 sanctimonialis
1526 4542 1660 4614 quadam
1675 4540 1711 4596 dc

85 4635 129 4689 ius
143 4636 364 4691 clarescentibus
377 4637 488 4692 meritis
504 4637 613 4692 ibidem
633 4644 731 4709 postea
748 4654 809 4692 ma·
862 4637 969 4710 oppido
984 4635 1062 4708 quod
1078 4635 1180 4690 Basula
1194 4631 1256 4705 lut,
1283 4633 1403 4700 Besilea,
1417 4631 1493 4704 eon]
1510 4630 1624 4696 dicitur,
1644 4633 1712 4684 aute

85 4724 171 4779 fuisse
189 4726 399 4797 perspeximus,
421 4727 452 4781 in
475 4728 550 4781 calce
574 4727 661 4797 hujus
683 4727 807 4781 censori·
862 4742 954 4781 annos
978 4729 1102 4797 quotuor
1124 4723 1254 4794 utrisque
1284 4721 1441 4777 luminibus
1468 4722 1577 4784 orbata,
1606 4719 1712 4773 sororia

88 4813 209 4868 strictim
225 4830 256 4867 ac
277 4815 419 4869 succincte
434 4816 608 4887 subjungere
623 4815 784 4870 curavimus
800 4831 807 4870 ε
862 4830 921 4868 suae
937 4814 1042 4868 ducatu
1056 4813 1091 4867 ad
1107 4810 1314 4866 monasterium
1329 4809 1475 4865 tendendo
1492 4806 1634 4881 pervenit,
1654 4804 1709 4861 ibi-

85 4951 217 4991 tmorem
232 4937 405 4991 recondendi
420 4941 584 4992 sanctorum
601 4938 737 5009 reliquias
755 4939 809 4993 sub
863 4953 929 4992 cum
945 4935 1095 4991 monacbis
1111 4934 1179 4996 suis,
1194 4949 1319 5005 eumque
1336 4933 1462 5004 suscepit
1474 4947 1534 4987 cum
1554 4930 1669 5001 psalmis
1685 4934 1711 5007 et

85 5007 154 5077 lege
168 5008 367 5062 Praelationem
383 5009 417 5061 ad
431 5010 567 5062 saeculum
579 5025 608 5062 n.
863 5008 983 5079 hymnis.
1002 5007 1149 5062 Monachis
1173 5006 1260 5059 ctiam
1293 5021 1354 5059 mos
1376 5011 1438 5059 erat
1458 5002 1580 5058 solemni
1604 5015 1711 5082 pompa

85 5081 160 5131 rocta
174 5078 282 5132 scilicet
296 5078 452 5133 indictione
467 5080 560 5149 prima
576 5097 592 5132 a
607 5079 654 5133 die
668 5078 809 5150 vigesima
863 5076 1024 5148 excipiendi
1038 5077 1156 5131 abbates
1170 5092 1204 5129 ex
1232 5076 1390 5146 longinquo
1414 5075 1710 5152 diuturnouentttuere

90 5147 276 5219 Septembris,
300 5166 357 5220 quo
384 5151 470 5205 modo
494 5151 662 5220 explicanda
689 5150 808 5216 indictio
863 5149 1026 5204 redeuntes.
1056 5149 1088 5207 ln
1103 5147 1221 5201 vetuistis
1248 5145 1427 5202 corbeiensis
1442 5148 1609 5198 monasterii
1632 5145 1710 5196 Actu·

85 5218 173 5273 ocima
187 5235 275 5289 snpra
289 5219 318 5273 in
332 5220 381 5274 lib.
399 5238 418 5287 r,
435 5237 497 5291 cap.
514 5224 540 5275 5.
862 5220 917 5274 bus
934 5235 941 5273 :
959 5218 1052 5275 Attus
1071 5219 1344 5288 demonstraremus,
1360 5217 1402 5270 oet
1419 5217 1448 5269 iu
1462 5215 1534 5270 atius
1549 5218 1647 5278 umus,
1662 5227 1711 5282 per

89 5289 165 5343 viros
193 5291 255 5359 pios
288 5290 446 5361 antiquitus
482 5290 660 5361 excipiebant
682 5290 808 5346 deduce·
862 5305 964 5345 annum
975 5295 1107 5352 moratus,
1121 5304 1181 5343 cum
1200 5288 1314 5342 redierit
1327 5289 1457 5355 recipitur
1472 5284 1596 5340 omuibus
1615 5284 1711 5363 cappis

85 5375 169 5413 rcum
188 5359 304 5414 canticis
319 5363 414 5427 sacris,
436 5362 581 5432 praecipuc
607 5377 674 5415 vero
698 5362 809 5431 apisco·
861 5361 1022 5429 emeruliter
1037 5360 1212 5414 indutiarum
1231 5357 1464 5428 processionalis
1482 5354 1541 5409 fere
1562 5353 1712 5410 Udalrrcus

85 5429 202 5484 bauasio
223 5432 415 5486 Alexandrino
438 5432 472 5487 ad
488 5432 718 5488 Tabennensium
742 5448 809 5486 mo·
861 5431 980 5486 inlrbro
1001 5447 1022 5485 u
1041 5430 1287 5486 Consuetudinem
1312 5426 1542 5507 cluniacensium
1562 5441 1624 5496 cap.
1641 5427 1669 5494 3,
1693 5441 1710 5481 a

85 5517 121 5556 rm
148 5502 295 5557 accedenti
321 5503 433 5557 obviam
465 5504 603 5574 processit
640 5503 808 5559 Pachomius
862 5518 918 5574 quo
933 5500 1119 5558 corbeienses
1133 5501 1205 5556 ritus
1219 5500 1514 5553 suosmutuatreunt.
