<?xml version="1.0" encoding="UTF-8"?>
<!DOCTYPE html PUBLIC "-//W3C//DTD XHTML 1.0 Transitional//EN"
    "http://www.w3.org/TR/xhtml1/DTD/xhtml1-transitional.dtd">
<html xmlns="http://www.w3.org/1999/xhtml" xml:lang="en" lang="en">
 <head>
  <title>
</title>
<meta http-equiv="Content-Type" content="text/html;charset=utf-8" />
  <meta name='ocr-system' content='tesseract 3.04.00' />
  <meta name='ocr-capabilities' content='ocr_page ocr_carea ocr_par ocr_line ocrx_word'/>
</head>
<body>
  <div class='ocr_page' id='page_1' title='image "./patrologiaecurs04unkngoog_0290.png"; bbox 0 0 3930 6098; ppageno 0'>
   <div class='ocr_carea' id='block_1_1' title="bbox 652 251 1730 319">
    <p class='ocr_par' dir='ltr' id='par_1_1' title="bbox 652 251 1730 319">
     <span class='ocr_line' id='line_1_1' title="bbox 652 251 1730 319; baseline 0.014 -15"><span class='ocrx_word' id='word_1_1' title='bbox 652 251 833 308; x_wconf 72' lang='lat' dir='ltr'><strong>lllbltthUS</strong></span> <span class='ocrx_word' id='word_1_2' title='bbox 852 253 1054 312; x_wconf 84' lang='lat' dir='ltr'><strong>losllltostls.</strong></span> <span class='ocrx_word' id='word_1_3' title='bbox 1679 262 1730 319; x_wconf 66' lang='lat'><strong>531</strong></span> 
     </span>
    </p>
   </div>
   <div class='ocr_carea' id='block_1_2' title="bbox 85 384 1730 2844">
    <p class='ocr_par' dir='ltr' id='par_1_2' title="bbox 85 384 1729 546">
     <span class='ocr_line' id='line_1_2' title="bbox 85 384 1728 461; baseline 0.005 -21"><span class='ocrx_word' id='word_1_4' title='bbox 85 386 273 458; x_wconf 85' lang='lat' dir='ltr'><strong>emporalem,</strong></span> <span class='ocrx_word' id='word_1_5' title='bbox 287 384 348 440; x_wconf 91' lang='lat' dir='ltr'><strong>imo</strong></span> <span class='ocrx_word' id='word_1_6' title='bbox 369 389 503 453; x_wconf 90' lang='lat' dir='ltr'><strong>mortam,</strong></span> <span class='ocrx_word' id='word_1_7' title='bbox 521 384 703 440; x_wconf 79' lang='lat' dir='ltr'>incurramus</span> <span class='ocrx_word' id='word_1_8' title='bbox 719 400 821 458; x_wconf 91' lang='lat' dir='ltr'><strong>perpe·</strong></span> <span class='ocrx_word' id='word_1_9' title='bbox 842 387 996 442; x_wconf 75' lang='lat' dir='ltr'><strong>deonotus</strong></span> <span class='ocrx_word' id='word_1_10' title='bbox 1023 386 1124 453; x_wconf 79' lang='lat' dir='ltr'><strong>adfuit,</strong></span> <span class='ocrx_word' id='word_1_11' title='bbox 1149 386 1264 442; x_wconf 90' lang='lat' dir='ltr'><strong>tramite</strong></span> <span class='ocrx_word' id='word_1_12' title='bbox 1293 387 1372 444; x_wconf 89' lang='lat' dir='ltr'><strong>brevi</strong></span> <span class='ocrx_word' id='word_1_13' title='bbox 1401 388 1583 461; x_wconf 78' lang='lat' dir='ltr'>digessimus.</span> <span class='ocrx_word' id='word_1_14' title='bbox 1608 392 1640 446; x_wconf 81' lang='lat' dir='ltr'><strong>nt</strong></span> <span class='ocrx_word' id='word_1_15' title='bbox 1663 390 1728 448; x_wconf 90' lang='lat' dir='ltr'><strong>licet</strong></span> 
     </span>
     <span class='ocr_line' id='line_1_3' title="bbox 881 473 1729 546; baseline 0.009 -19"><span class='ocrx_word' id='word_1_16' title='bbox 881 473 1074 544; x_wconf 86' lang='lat' dir='ltr'><strong>incomposita</strong></span> <span class='ocrx_word' id='word_1_17' title='bbox 1099 474 1185 529; x_wconf 90' lang='lat' dir='ltr'><strong>dictio</strong></span> <span class='ocrx_word' id='word_1_18' title='bbox 1212 492 1328 530; x_wconf 89' lang='lat' dir='ltr'><strong>sensum</strong></span> <span class='ocrx_word' id='word_1_19' title='bbox 1352 477 1465 532; x_wconf 85' lang='lat' dir='ltr'><strong>lectoris</strong></span> <span class='ocrx_word' id='word_1_20' title='bbox 1485 483 1612 546; x_wconf 88' lang='lat' dir='ltr'><strong>enervet,</strong></span> <span class='ocrx_word' id='word_1_21' title='bbox 1631 483 1729 535; x_wconf 86' lang='lat' dir='ltr'><strong>tamen</strong></span> 
     </span>
    </p>

    <p class='ocr_par' dir='ltr' id='par_1_3' title="bbox 85 559 1730 2844">
     <span class='ocr_line' id='line_1_4' title="bbox 85 559 1730 640; baseline 0.005 -24"><span class='ocrx_word' id='word_1_22' title='bbox 85 559 161 617; x_wconf 82' lang='lat' dir='ltr'><strong>tiror</strong></span> <span class='ocrx_word' id='word_1_23' title='bbox 181 562 550 633; x_wconf 84' lang='lat' dir='ltr'><strong>tamenaliquosinvenire</strong></span> <span class='ocrx_word' id='word_1_24' title='bbox 567 578 739 634; x_wconf 72' lang='lat' dir='ltr'><strong>praeparvos,</strong></span> <span class='ocrx_word' id='word_1_25' title='bbox 763 563 826 617; x_wconf 83' lang='lat' dir='ltr'><strong>lor·</strong></span> <span class='ocrx_word' id='word_1_26' title='bbox 881 562 1014 617; x_wconf 90' lang='lat' dir='ltr'><strong>instantis</strong></span> <span class='ocrx_word' id='word_1_27' title='bbox 1043 563 1155 618; x_wconf 90' lang='lat' dir='ltr'><strong>devotio</strong></span> <span class='ocrx_word' id='word_1_28' title='bbox 1184 580 1244 617; x_wconf 94' lang='lat' dir='ltr'><strong>non</strong></span> <span class='ocrx_word' id='word_1_29' title='bbox 1270 565 1376 620; x_wconf 89' lang='lat' dir='ltr'><strong>inculta</strong></span> <span class='ocrx_word' id='word_1_30' title='bbox 1404 566 1581 637; x_wconf 89' lang='lat' dir='ltr'><strong>pensabitur,</strong></span> <span class='ocrx_word' id='word_1_31' title='bbox 1612 567 1637 621; x_wconf 93' lang='lat' dir='ltr'><strong>si</strong></span> <span class='ocrx_word' id='word_1_32' title='bbox 1671 584 1730 640; x_wconf 89' lang='lat' dir='ltr'><strong>quo</strong></span> 
     </span>
     <span class='ocr_line' id='line_1_5' title="bbox 85 649 1728 726; baseline 0.005 -24"><span class='ocrx_word' id='word_1_33' title='bbox 85 665 110 703; x_wconf 79' lang='lat' dir='ltr'><strong>tn</strong></span> <span class='ocrx_word' id='word_1_34' title='bbox 124 649 267 715; x_wconf 90' lang='lat' dir='ltr'><strong>homiues,</strong></span> <span class='ocrx_word' id='word_1_35' title='bbox 283 652 333 704; x_wconf 90' lang='lat' dir='ltr'><strong>sed</strong></span> <span class='ocrx_word' id='word_1_36' title='bbox 349 668 414 705; x_wconf 91' lang='lat' dir='ltr'><strong>vero</strong></span> <span class='ocrx_word' id='word_1_37' title='bbox 430 667 494 705; x_wconf 90' lang='lat' dir='ltr'><strong>curn</strong></span> <span class='ocrx_word' id='word_1_38' title='bbox 517 651 711 707; x_wconf 75' lang='lat' dir='ltr'><strong>minoratione</strong></span> <span class='ocrx_word' id='word_1_39' title='bbox 727 653 825 707; x_wconf 88' lang='lat' dir='ltr'><strong>dicen·</strong></span> <span class='ocrx_word' id='word_1_40' title='bbox 882 651 977 705; x_wconf 91' lang='lat' dir='ltr'><strong>animo</strong></span> <span class='ocrx_word' id='word_1_41' title='bbox 1000 658 1126 723; x_wconf 87' lang='lat' dir='ltr'><strong>coeptum</strong></span> <span class='ocrx_word' id='word_1_42' title='bbox 1143 657 1194 719; x_wconf 87' lang='lat' dir='ltr'><strong>est,</strong></span> <span class='ocrx_word' id='word_1_43' title='bbox 1211 652 1371 707; x_wconf 82' lang='lat' dir='ltr'><strong>Christiano</strong></span> <span class='ocrx_word' id='word_1_44' title='bbox 1387 654 1472 708; x_wconf 89' lang='lat' dir='ltr'><strong>modo</strong></span> <span class='ocrx_word' id='word_1_45' title='bbox 1487 655 1614 716; x_wconf 85' lang='lat' dir='ltr'><strong>libretur,</strong></span> <span class='ocrx_word' id='word_1_46' title='bbox 1630 655 1728 726; x_wconf 82' lang='lat' dir='ltr'>Neque</span> 
     </span>
     <span class='ocr_line' id='line_1_6' title="bbox 85 737 1729 808; baseline 0.003 -15"><span class='ocrx_word' id='word_1_47' title='bbox 85 738 241 803; x_wconf 84' lang='lat' dir='ltr'><strong>manculos,</strong></span> <span class='ocrx_word' id='word_1_48' title='bbox 255 737 824 808; x_wconf 86' lang='lat' dir='ltr'><strong>quiprtesuleminlamentmaledictum,</strong></span> <span class='ocrx_word' id='word_1_49' title='bbox 881 739 958 793; x_wconf 89' lang='lat' dir='ltr'><strong>enim</strong></span> <span class='ocrx_word' id='word_1_50' title='bbox 975 746 1033 795; x_wconf 92' lang='lat' dir='ltr'><strong>lam</strong></span> <span class='ocrx_word' id='word_1_51' title='bbox 1056 741 1145 796; x_wconf 90' lang='lat' dir='ltr'><strong>densa</strong></span> <span class='ocrx_word' id='word_1_52' title='bbox 1170 740 1345 794; x_wconf 68' lang='lat' dir='ltr'>hebetudine</span> <span class='ocrx_word' id='word_1_53' title='bbox 1360 747 1469 808; x_wconf 87' lang='lat' dir='ltr'><strong>teneor,</strong></span> <span class='ocrx_word' id='word_1_54' title='bbox 1488 747 1520 796; x_wconf 92' lang='lat' dir='ltr'><strong>ut</strong></span> <span class='ocrx_word' id='word_1_55' title='bbox 1543 743 1601 798; x_wconf 89' lang='lat' dir='ltr'><strong>mei</strong></span> <span class='ocrx_word' id='word_1_56' title='bbox 1624 743 1729 799; x_wconf 91' lang='lat' dir='ltr'><strong>oblitus</strong></span> 
     </span>
     <span class='ocr_line' id='line_1_7' title="bbox 85 825 1728 904; baseline 0.005 -25"><span class='ocrx_word' id='word_1_57' title='bbox 85 825 192 896; x_wconf 69' lang='lat' dir='ltr'><strong>tyrium</strong></span> <span class='ocrx_word' id='word_1_58' title='bbox 215 825 825 896; x_wconf 80' lang='lat' dir='ltr'><strong>aeqvtoanimosulleruntdetestatum,ve-</strong></span> <span class='ocrx_word' id='word_1_59' title='bbox 880 844 933 899; x_wconf 83' lang='lat' dir='ltr'><strong>per</strong></span> <span class='ocrx_word' id='word_1_60' title='bbox 957 845 1022 900; x_wconf 86' lang='lat' dir='ltr'><strong>qnae</strong></span> <span class='ocrx_word' id='word_1_61' title='bbox 1047 828 1198 898; x_wconf 83' lang='lat' dir='ltr'><strong>displicere</strong></span> <span class='ocrx_word' id='word_1_62' title='bbox 1227 829 1296 884; x_wconf 86' lang='lat' dir='ltr'><strong>viris</strong></span> <span class='ocrx_word' id='word_1_63' title='bbox 1323 829 1448 883; x_wconf 80' lang='lat' dir='ltr'>strenuis</span> <span class='ocrx_word' id='word_1_64' title='bbox 1470 831 1568 899; x_wconf 88' lang='lat' dir='ltr'><strong>timeo,</strong></span> <span class='ocrx_word' id='word_1_65' title='bbox 1593 848 1645 904; x_wconf 90' lang='lat' dir='ltr'><strong>per</strong></span> <span class='ocrx_word' id='word_1_66' title='bbox 1666 832 1728 887; x_wconf 78' lang='lat' dir='ltr'><strong>haee</strong></span> 
     </span>
     <span class='ocr_line' id='line_1_8' title="bbox 85 912 1727 991; baseline 0.004 -23"><span class='ocrx_word' id='word_1_67' title='bbox 85 929 114 968; x_wconf 87' lang='lat' dir='ltr'><strong>es</strong></span> <span class='ocrx_word' id='word_1_68' title='bbox 136 912 447 984; x_wconf 82' lang='lat' dir='ltr'><strong>letas·episcop0rum</strong></span> <span class='ocrx_word' id='word_1_69' title='bbox 463 915 493 968; x_wconf 93' lang='lat' dir='ltr'><strong>in</strong></span> <span class='ocrx_word' id='word_1_70' title='bbox 512 916 664 986; x_wconf 84' lang='lat' dir='ltr'><strong>praesulem</strong></span> <span class='ocrx_word' id='word_1_71' title='bbox 680 920 826 969; x_wconf 87' lang='lat' dir='ltr'><strong>currentes</strong></span> <span class='ocrx_word' id='word_1_72' title='bbox 881 917 974 972; x_wconf 89' lang='lat' dir='ltr'><strong>laudis</strong></span> <span class='ocrx_word' id='word_1_73' title='bbox 1002 932 1048 971; x_wconf 91' lang='lat' dir='ltr'><strong>me</strong></span> <span class='ocrx_word' id='word_1_74' title='bbox 1077 923 1205 988; x_wconf 89' lang='lat' dir='ltr'><strong>reputem</strong></span> <span class='ocrx_word' id='word_1_75' title='bbox 1236 917 1358 987; x_wconf 75' lang='lat' dir='ltr'><strong>gloriam</strong></span> <span class='ocrx_word' id='word_1_76' title='bbox 1386 917 1559 975; x_wconf 86' lang='lat' dir='ltr'><strong>incurrisse:</strong></span> <span class='ocrx_word' id='word_1_77' title='bbox 1584 921 1651 991; x_wconf 90' lang='lat' dir='ltr'><strong>quia</strong></span> <span class='ocrx_word' id='word_1_78' title='bbox 1675 937 1727 976; x_wconf 91' lang='lat' dir='ltr'><strong>uec</strong></span> 
     </span>
     <span class='ocr_line' id='line_1_9' title="bbox 85 1003 1726 1081; baseline 0.004 -24"><span class='ocrx_word' id='word_1_79' title='bbox 85 1003 147 1069; x_wconf 84' lang='lat' dir='ltr'><strong>tias,</strong></span> <span class='ocrx_word' id='word_1_80' title='bbox 163 1003 413 1057; x_wconf 81' lang='lat' dir='ltr'><strong>maledictionibus</strong></span> <span class='ocrx_word' id='word_1_81' title='bbox 428 1004 701 1060; x_wconf 89' lang='lat' dir='ltr'><strong>etdetestationibus</strong></span> <span class='ocrx_word' id='word_1_82' title='bbox 714 1004 824 1075; x_wconf 87' lang='lat' dir='ltr'><strong>plenas.</strong></span> <span class='ocrx_word' id='word_1_83' title='bbox 880 1005 911 1060; x_wconf 94' lang='lat' dir='ltr'><strong>in</strong></span> <span class='ocrx_word' id='word_1_84' title='bbox 935 1006 1096 1060; x_wconf 86' lang='lat' dir='ltr'><strong>liberalium</strong></span> <span class='ocrx_word' id='word_1_85' title='bbox 1117 1005 1223 1060; x_wconf 87' lang='lat' dir='ltr'><strong>artium</strong></span> <span class='ocrx_word' id='word_1_86' title='bbox 1238 1006 1389 1076; x_wconf 82' lang='lat' dir='ltr'><strong>disciplina</strong></span> <span class='ocrx_word' id='word_1_87' title='bbox 1410 1022 1468 1060; x_wconf 94' lang='lat' dir='ltr'><strong>non</strong></span> <span class='ocrx_word' id='word_1_88' title='bbox 1491 1008 1635 1062; x_wconf 84' lang='lat' dir='ltr'><strong>excultum</strong></span> <span class='ocrx_word' id='word_1_89' title='bbox 1660 1025 1726 1081; x_wconf 89' lang='lat' dir='ltr'><strong>pro-</strong></span> 
     </span>
     <span class='ocr_line' id='line_1_10' title="bbox 85 1091 1727 1166; baseline 0.003 -20"><span class='ocrx_word' id='word_1_90' title='bbox 85 1108 131 1147; x_wconf 85' lang='lat' dir='ltr'><strong>em</strong></span> <span class='ocrx_word' id='word_1_91' title='bbox 149 1091 252 1146; x_wconf 89' lang='lat' dir='ltr'><strong>tuentis</strong></span> <span class='ocrx_word' id='word_1_92' title='bbox 267 1093 364 1161; x_wconf 89' lang='lat' dir='ltr'><strong>vigore</strong></span> <span class='ocrx_word' id='word_1_93' title='bbox 380 1092 610 1146; x_wconf 85' lang='lat' dir='ltr'><strong>adversumlidei</strong></span> <span class='ocrx_word' id='word_1_94' title='bbox 625 1091 824 1162; x_wconf 87' lang='lat' dir='ltr'><strong>episcoporum</strong></span> <span class='ocrx_word' id='word_1_95' title='bbox 880 1095 976 1165; x_wconf 90' lang='lat' dir='ltr'><strong>prium</strong></span> <span class='ocrx_word' id='word_1_96' title='bbox 999 1094 1101 1165; x_wconf 92' lang='lat' dir='ltr'><strong>ignoro</strong></span> <span class='ocrx_word' id='word_1_97' title='bbox 1123 1094 1262 1161; x_wconf 89' lang='lat' dir='ltr'><strong>studium,</strong></span> <span class='ocrx_word' id='word_1_98' title='bbox 1289 1101 1317 1148; x_wconf 91' lang='lat' dir='ltr'><strong>et</strong></span> <span class='ocrx_word' id='word_1_99' title='bbox 1339 1094 1524 1149; x_wconf 79' lang='lat' dir='ltr'><strong>nescientiam</strong></span> <span class='ocrx_word' id='word_1_100' title='bbox 1549 1111 1643 1150; x_wconf 91' lang='lat' dir='ltr'><strong>meam</strong></span> <span class='ocrx_word' id='word_1_101' title='bbox 1666 1098 1727 1166; x_wconf 87' lang='lat' dir='ltr'><strong>ipse</strong></span> 
     </span>
     <span class='ocr_line' id='line_1_11' title="bbox 85 1179 1726 1254; baseline 0.002 -18"><span class='ocrx_word' id='word_1_102' title='bbox 85 1196 107 1236; x_wconf 79' lang='lat' dir='ltr'><strong>ts</strong></span> <span class='ocrx_word' id='word_1_103' title='bbox 133 1179 290 1248; x_wconf 87' lang='lat' dir='ltr'><strong>decretum,</strong></span> <span class='ocrx_word' id='word_1_104' title='bbox 308 1180 458 1253; x_wconf 88' lang='lat' dir='ltr'><strong>sacrilegio</strong></span> <span class='ocrx_word' id='word_1_105' title='bbox 476 1187 505 1235; x_wconf 91' lang='lat' dir='ltr'><strong>et</strong></span> <span class='ocrx_word' id='word_1_106' title='bbox 520 1180 718 1252; x_wconf 89' lang='lat' dir='ltr'><strong>blasphemiis,</strong></span> <span class='ocrx_word' id='word_1_107' title='bbox 736 1185 767 1233; x_wconf 94' lang='lat' dir='ltr'><strong>ut</strong></span> <span class='ocrx_word' id='word_1_108' title='bbox 781 1179 826 1234; x_wconf 92' lang='lat' dir='ltr'><strong>le·</strong></span> <span class='ocrx_word' id='word_1_109' title='bbox 880 1197 940 1237; x_wconf 92' lang='lat' dir='ltr'><strong>non</strong></span> <span class='ocrx_word' id='word_1_110' title='bbox 962 1182 1067 1251; x_wconf 89' lang='lat' dir='ltr'><strong>nescio,</strong></span> <span class='ocrx_word' id='word_1_111' title='bbox 1091 1187 1119 1236; x_wconf 90' lang='lat' dir='ltr'><strong>et</strong></span> <span class='ocrx_word' id='word_1_112' title='bbox 1135 1183 1211 1254; x_wconf 88' lang='lat' dir='ltr'><strong>quod</strong></span> <span class='ocrx_word' id='word_1_113' title='bbox 1233 1183 1396 1250; x_wconf 82' lang='lat' dir='ltr'><strong>magisterio</strong></span> <span class='ocrx_word' id='word_1_114' title='bbox 1415 1184 1542 1238; x_wconf 89' lang='lat' dir='ltr'><strong>humano</strong></span> <span class='ocrx_word' id='word_1_115' title='bbox 1558 1200 1617 1239; x_wconf 93' lang='lat' dir='ltr'><strong>non</strong></span> <span class='ocrx_word' id='word_1_116' title='bbox 1630 1185 1726 1250; x_wconf 91' lang='lat' dir='ltr'><strong>didici,</strong></span> 
     </span>
     <span class='ocr_line' id='line_1_12' title="bbox 88 1264 1728 1343; baseline 0.004 -20"><span class='ocrx_word' id='word_1_117' title='bbox 88 1272 180 1336; x_wconf 85' lang='lat' dir='ltr'><strong>etant,</strong></span> <span class='ocrx_word' id='word_1_118' title='bbox 196 1270 226 1322; x_wconf 91' lang='lat' dir='ltr'><strong>iu</strong></span> <span class='ocrx_word' id='word_1_119' title='bbox 250 1264 417 1340; x_wconf 73' lang='lat' dir='ltr'><strong>tyrunculos</strong></span> <span class='ocrx_word' id='word_1_120' title='bbox 431 1269 536 1326; x_wconf 84' lang='lat' dir='ltr'><strong>Christi</strong></span> <span class='ocrx_word' id='word_1_121' title='bbox 551 1269 710 1323; x_wconf 84' lang='lat' dir='ltr'><strong>refertum:</strong></span> <span class='ocrx_word' id='word_1_122' title='bbox 731 1266 825 1322; x_wconf 90' lang='lat' dir='ltr'><strong>homi·</strong></span> <span class='ocrx_word' id='word_1_123' title='bbox 881 1271 1016 1326; x_wconf 81' lang='lat' dir='ltr'><strong>exhihere</strong></span> <span class='ocrx_word' id='word_1_124' title='bbox 1037 1271 1110 1339; x_wconf 87' lang='lat' dir='ltr'><strong>aliis,</strong></span> <span class='ocrx_word' id='word_1_125' title='bbox 1132 1277 1165 1327; x_wconf 89' lang='lat' dir='ltr'><strong>ut</strong></span> <span class='ocrx_word' id='word_1_126' title='bbox 1191 1277 1258 1343; x_wconf 88' lang='lat' dir='ltr'><strong>pote</strong></span> <span class='ocrx_word' id='word_1_127' title='bbox 1272 1272 1399 1343; x_wconf 88' lang='lat' dir='ltr'><strong>ignarus,</strong></span> <span class='ocrx_word' id='word_1_128' title='bbox 1416 1288 1475 1326; x_wconf 91' lang='lat' dir='ltr'><strong>non</strong></span> <span class='ocrx_word' id='word_1_129' title='bbox 1495 1272 1582 1327; x_wconf 88' lang='lat' dir='ltr'><strong>valui.</strong></span> <span class='ocrx_word' id='word_1_130' title='bbox 1603 1273 1637 1327; x_wconf 86' lang='lat' dir='ltr'><strong>Et</strong></span> <span class='ocrx_word' id='word_1_131' title='bbox 1651 1279 1728 1329; x_wconf 87' lang='lat' dir='ltr'><strong>certe</strong></span> 
     </span>
     <span class='ocr_line' id='line_1_13' title="bbox 85 1355 1725 1432; baseline 0.002 -19"><span class='ocrx_word' id='word_1_132' title='bbox 85 1358 285 1414; x_wconf 86' lang='lat' dir='ltr'><strong>naledictioncs</strong></span> <span class='ocrx_word' id='word_1_133' title='bbox 300 1357 330 1412; x_wconf 92' lang='lat' dir='ltr'><strong>iu</strong></span> <span class='ocrx_word' id='word_1_134' title='bbox 350 1357 485 1430; x_wconf 91' lang='lat' dir='ltr'><strong>episcopo</strong></span> <span class='ocrx_word' id='word_1_135' title='bbox 504 1358 694 1423; x_wconf 87' lang='lat' dir='ltr'><strong>attendentes,</strong></span> <span class='ocrx_word' id='word_1_136' title='bbox 719 1360 748 1411; x_wconf 91' lang='lat' dir='ltr'><strong>et</strong></span> <span class='ocrx_word' id='word_1_137' title='bbox 770 1355 825 1410; x_wconf 94' lang='lat' dir='ltr'><strong>hu·</strong></span> <span class='ocrx_word' id='word_1_138' title='bbox 880 1359 1034 1424; x_wconf 89' lang='lat' dir='ltr'><strong>rusticitas,</strong></span> <span class='ocrx_word' id='word_1_139' title='bbox 1056 1375 1120 1431; x_wconf 82' lang='lat' dir='ltr'><strong>quae</strong></span> <span class='ocrx_word' id='word_1_140' title='bbox 1144 1360 1215 1415; x_wconf 92' lang='lat' dir='ltr'><strong>mihi</strong></span> <span class='ocrx_word' id='word_1_141' title='bbox 1231 1362 1349 1414; x_wconf 89' lang='lat' dir='ltr'><strong>vernula</strong></span> <span class='ocrx_word' id='word_1_142' title='bbox 1371 1361 1461 1414; x_wconf 84' lang='lat' dir='ltr'><strong>haeret</strong></span> <span class='ocrx_word' id='word_1_143' title='bbox 1476 1360 1592 1415; x_wconf 81' lang='lat' dir='ltr'><strong>incultae</strong></span> <span class='ocrx_word' id='word_1_144' title='bbox 1608 1360 1725 1432; x_wconf 78' lang='lat' dir='ltr'><strong>linguae,</strong></span> 
     </span>
     <span class='ocr_line' id='line_1_14' title="bbox 100 1435 1727 1518; baseline 0.002 -18"><span class='ocrx_word' id='word_1_145' title='bbox 100 1445 180 1516; x_wconf 85' lang='lat' dir='ltr'><strong>leges</strong></span> <span class='ocrx_word' id='word_1_146' title='bbox 196 1461 309 1499; x_wconf 88' lang='lat' dir='ltr'><strong>summa</strong></span> <span class='ocrx_word' id='word_1_147' title='bbox 324 1444 539 1499; x_wconf 80' lang='lat' dir='ltr'><strong>conservatione</strong></span> <span class='ocrx_word' id='word_1_148' title='bbox 554 1448 738 1511; x_wconf 47' lang='lat' dir='ltr'><strong>venerantem</strong></span> <span class='ocrx_word' id='word_1_149' title='bbox 752 1440 825 1496; x_wconf 83' lang='lat' dir='ltr'><strong>divi·</strong></span> <span class='ocrx_word' id='word_1_150' title='bbox 880 1447 1030 1518; x_wconf 83' lang='lat' dir='ltr'><strong>imponere</strong></span> <span class='ocrx_word' id='word_1_151' title='bbox 1046 1448 1193 1502; x_wconf 88' lang='lat' dir='ltr'><strong>silentium</strong></span> <span class='ocrx_word' id='word_1_152' title='bbox 1209 1449 1317 1514; x_wconf 86' lang='lat' dir='ltr'><strong>debuit,</strong></span> <span class='ocrx_word' id='word_1_153' title='bbox 1330 1455 1359 1502; x_wconf 93' lang='lat' dir='ltr'><strong>et</strong></span> <span class='ocrx_word' id='word_1_154' title='bbox 1370 1435 1410 1502; x_wconf 44' lang='lat' dir='ltr'><strong>‘ne</strong></span> <span class='ocrx_word' id='word_1_155' title='bbox 1426 1449 1606 1518; x_wconf 87' lang='lat' dir='ltr'><strong>peritissimis</strong></span> <span class='ocrx_word' id='word_1_156' title='bbox 1621 1457 1650 1503; x_wconf 92' lang='lat' dir='ltr'><strong>ot</strong></span> <span class='ocrx_word' id='word_1_157' title='bbox 1668 1450 1727 1503; x_wconf 90' lang='lat' dir='ltr'><strong>elo-</strong></span> 
     </span>
     <span class='ocr_line' id='line_1_15' title="bbox 85 1531 1726 1608; baseline 0.002 -19"><span class='ocrx_word' id='word_1_158' title='bbox 85 1549 116 1588; x_wconf 90' lang='lat' dir='ltr'><strong>ro</strong></span> <span class='ocrx_word' id='word_1_159' title='bbox 138 1533 303 1587; x_wconf 78' lang='lat' dir='ltr'><strong>sanctiones</strong></span> <span class='ocrx_word' id='word_1_160' title='bbox 325 1538 425 1587; x_wconf 87' lang='lat' dir='ltr'><strong>eontra</strong></span> <span class='ocrx_word' id='word_1_161' title='bbox 445 1532 558 1587; x_wconf 82' lang='lat' dir='ltr'><strong>hostem</strong></span> <span class='ocrx_word' id='word_1_162' title='bbox 579 1531 711 1585; x_wconf 73' lang='lat' dir='ltr'><strong>Ecolostae</strong></span> <span class='ocrx_word' id='word_1_163' title='bbox 735 1534 825 1584; x_wconf 72' lang='lat' dir='ltr'><strong>tome·</strong></span> <span class='ocrx_word' id='word_1_164' title='bbox 881 1536 1006 1608; x_wconf 83' lang='lat' dir='ltr'><strong>quentiae</strong></span> <span class='ocrx_word' id='word_1_165' title='bbox 1031 1537 1184 1608; x_wconf 88' lang='lat' dir='ltr'><strong>splendore</strong></span> <span class='ocrx_word' id='word_1_166' title='bbox 1199 1537 1375 1606; x_wconf 77' lang='lat' dir='ltr'><strong>fulgentibus</strong></span> <span class='ocrx_word' id='word_1_167' title='bbox 1397 1553 1443 1591; x_wconf 90' lang='lat' dir='ltr'><strong>me</strong></span> <span class='ocrx_word' id='word_1_168' title='bbox 1463 1537 1629 1608; x_wconf 89' lang='lat' dir='ltr'><strong>importune</strong></span> <span class='ocrx_word' id='word_1_169' title='bbox 1644 1538 1726 1607; x_wconf 89' lang='lat' dir='ltr'><strong>iuge·</strong></span> 
     </span>
     <span class='ocr_line' id='line_1_16' title="bbox 106 1619 1722 1696; baseline 0.002 -20"><span class='ocrx_word' id='word_1_170' title='bbox 106 1626 136 1676; x_wconf 89' lang='lat' dir='ltr'><strong>et</strong></span> <span class='ocrx_word' id='word_1_171' title='bbox 159 1621 330 1678; x_wconf 83' lang='lat' dir='ltr'><strong>damnantes</strong></span> <span class='ocrx_word' id='word_1_172' title='bbox 354 1621 459 1678; x_wconf 85' lang='lat' dir='ltr'><strong>Christi</strong></span> <span class='ocrx_word' id='word_1_173' title='bbox 488 1626 627 1692; x_wconf 86' lang='lat' dir='ltr'><strong>martyres</strong></span> <span class='ocrx_word' id='word_1_174' title='bbox 651 1619 825 1675; x_wconf 91' lang='lat' dir='ltr'><strong>conlaudan-</strong></span> <span class='ocrx_word' id='word_1_175' title='bbox 881 1641 986 1693; x_wconf 90' lang='lat' dir='ltr'><strong>rerem,</strong></span> <span class='ocrx_word' id='word_1_176' title='bbox 1014 1623 1227 1695; x_wconf 89' lang='lat' dir='ltr'><strong>sapientissime</strong></span> <span class='ocrx_word' id='word_1_177' title='bbox 1253 1625 1373 1680; x_wconf 84' lang='lat' dir='ltr'><strong>fortasse</strong></span> <span class='ocrx_word' id='word_1_178' title='bbox 1402 1625 1508 1696; x_wconf 89' lang='lat' dir='ltr'><strong>aliquis</strong></span> <span class='ocrx_word' id='word_1_179' title='bbox 1536 1639 1551 1682; x_wconf 84' lang='lat' dir='ltr'><strong>s</strong></span> <span class='ocrx_word' id='word_1_180' title='bbox 1577 1626 1722 1696; x_wconf 86' lang='lat' dir='ltr'><strong>opinatur,</strong></span> 
     </span>
     <span class='ocr_line' id='line_1_17' title="bbox 101 1708 1725 1785; baseline 0.002 -19"><span class='ocrx_word' id='word_1_181' title='bbox 101 1727 155 1766; x_wconf 91' lang='lat' dir='ltr'><strong>nec</strong></span> <span class='ocrx_word' id='word_1_182' title='bbox 170 1713 276 1781; x_wconf 87' lang='lat' dir='ltr'><strong>apertis</strong></span> <span class='ocrx_word' id='word_1_183' title='bbox 292 1712 381 1766; x_wconf 92' lang='lat' dir='ltr'><strong>oculis</strong></span> <span class='ocrx_word' id='word_1_184' title='bbox 395 1717 422 1765; x_wconf 91' lang='lat' dir='ltr'><strong>et</strong></span> <span class='ocrx_word' id='word_1_185' title='bbox 436 1716 560 1765; x_wconf 88' lang='lat' dir='ltr'><strong>reserato</strong></span> <span class='ocrx_word' id='word_1_186' title='bbox 575 1709 683 1764; x_wconf 87' lang='lat' dir='ltr'><strong>lumine</strong></span> <span class='ocrx_word' id='word_1_187' title='bbox 698 1725 728 1763; x_wconf 92' lang='lat' dir='ltr'><strong>se</strong></span> <span class='ocrx_word' id='word_1_188' title='bbox 747 1708 824 1779; x_wconf 88' lang='lat' dir='ltr'><strong>juste</strong></span> <span class='ocrx_word' id='word_1_189' title='bbox 879 1714 966 1769; x_wconf 80' lang='lat' dir='ltr'><strong>fnisse</strong></span> <span class='ocrx_word' id='word_1_190' title='bbox 983 1713 1142 1768; x_wconf 81' lang='lat' dir='ltr'><strong>vitandum.</strong></span> <span class='ocrx_word' id='word_1_191' title='bbox 1170 1713 1226 1769; x_wconf 88' lang='lat' dir='ltr'><strong>Sed</strong></span> <span class='ocrx_word' id='word_1_192' title='bbox 1250 1729 1304 1783; x_wconf 89' lang='lat' dir='ltr'><strong>ego</strong></span> <span class='ocrx_word' id='word_1_193' title='bbox 1329 1729 1388 1767; x_wconf 91' lang='lat' dir='ltr'><strong>non</strong></span> <span class='ocrx_word' id='word_1_194' title='bbox 1409 1730 1496 1785; x_wconf 90' lang='lat' dir='ltr'><strong>quam</strong></span> <span class='ocrx_word' id='word_1_195' title='bbox 1519 1720 1649 1782; x_wconf 90' lang='lat' dir='ltr'><strong>venuste,</strong></span> <span class='ocrx_word' id='word_1_196' title='bbox 1676 1714 1725 1768; x_wconf 91' lang='lat' dir='ltr'><strong>sed</strong></span> 
     </span>
     <span class='ocr_line' id='line_1_18' title="bbox 85 1799 1725 1874; baseline 0.001 -19"><span class='ocrx_word' id='word_1_197' title='bbox 85 1803 130 1855; x_wconf 89' lang='lat' dir='ltr'><strong>cto</strong></span> <span class='ocrx_word' id='word_1_198' title='bbox 147 1800 244 1855; x_wconf 91' lang='lat' dir='ltr'><strong>vident</strong></span> <span class='ocrx_word' id='word_1_199' title='bbox 267 1800 405 1867; x_wconf 88' lang='lat' dir='ltr'><strong>addictos,</strong></span> <span class='ocrx_word' id='word_1_200' title='bbox 421 1801 490 1855; x_wconf 92' lang='lat' dir='ltr'><strong>dum</strong></span> <span class='ocrx_word' id='word_1_201' title='bbox 513 1799 743 1854; x_wconf 89' lang='lat' dir='ltr'><strong>benedictionem</strong></span> <span class='ocrx_word' id='word_1_202' title='bbox 768 1813 825 1851; x_wconf 93' lang='lat' dir='ltr'><strong>no·</strong></span> <span class='ocrx_word' id='word_1_203' title='bbox 879 1818 967 1874; x_wconf 87' lang='lat' dir='ltr'><strong>quam</strong></span> <span class='ocrx_word' id='word_1_204' title='bbox 982 1817 1049 1858; x_wconf 85' lang='lat' dir='ltr'><strong>vere</strong></span> <span class='ocrx_word' id='word_1_205' title='bbox 1063 1802 1218 1857; x_wconf 89' lang='lat' dir='ltr'><strong>scriberem</strong></span> <span class='ocrx_word' id='word_1_206' title='bbox 1238 1802 1366 1873; x_wconf 89' lang='lat' dir='ltr'><strong>cogitans</strong></span> <span class='ocrx_word' id='word_1_207' title='bbox 1381 1802 1582 1874; x_wconf 88' lang='lat' dir='ltr'><strong>parvipendidi</strong></span> <span class='ocrx_word' id='word_1_208' title='bbox 1595 1802 1725 1873; x_wconf 91' lang='lat' dir='ltr'><strong>philoso-</strong></span> 
     </span>
     <span class='ocr_line' id='line_1_19' title="bbox 106 1887 1726 1962; baseline -0.001 -18"><span class='ocrx_word' id='word_1_209' title='bbox 106 1887 212 1944; x_wconf 83' lang='lat' dir='ltr'><strong>Chrisli</strong></span> <span class='ocrx_word' id='word_1_210' title='bbox 247 1895 483 1960; x_wconf 89' lang='lat' dir='ltr'><strong>contempserunt</strong></span> <span class='ocrx_word' id='word_1_211' title='bbox 510 1889 626 1942; x_wconf 90' lang='lat' dir='ltr'><strong>amicos.</strong></span> <span class='ocrx_word' id='word_1_212' title='bbox 661 1889 718 1945; x_wconf 85' lang='lat' dir='ltr'><strong>Cur</strong></span> <span class='ocrx_word' id='word_1_213' title='bbox 746 1887 825 1941; x_wconf 90' lang='lat' dir='ltr'><strong>enim</strong></span> <span class='ocrx_word' id='word_1_214' title='bbox 879 1891 1004 1962; x_wconf 88' lang='lat' dir='ltr'><strong>phorum</strong></span> <span class='ocrx_word' id='word_1_215' title='bbox 1019 1891 1148 1944; x_wconf 93' lang='lat' dir='ltr'><strong>omnium</strong></span> <span class='ocrx_word' id='word_1_216' title='bbox 1165 1889 1290 1956; x_wconf 91' lang='lat' dir='ltr'><strong>laudem,</strong></span> <span class='ocrx_word' id='word_1_217' title='bbox 1307 1906 1358 1944; x_wconf 91' lang='lat' dir='ltr'><strong>nec</strong></span> <span class='ocrx_word' id='word_1_218' title='bbox 1376 1889 1409 1943; x_wconf 91' lang='lat' dir='ltr'><strong>ad</strong></span> <span class='ocrx_word' id='word_1_219' title='bbox 1426 1889 1624 1944; x_wconf 87' lang='lat' dir='ltr'><strong>defensionem</strong></span> <span class='ocrx_word' id='word_1_220' title='bbox 1640 1889 1726 1960; x_wconf 87' lang='lat' dir='ltr'><strong>justi-</strong></span> 
     </span>
     <span class='ocr_line' id='line_1_20' title="bbox 85 1975 1726 2050; baseline -0.001 -18"><span class='ocrx_word' id='word_1_221' title='bbox 85 1982 183 2032; x_wconf 86' lang='lat' dir='ltr'><strong>natum</strong></span> <span class='ocrx_word' id='word_1_222' title='bbox 199 1986 210 2013; x_wconf 70' lang='lat'><strong>⁰</strong></span> <span class='ocrx_word' id='word_1_223' title='bbox 224 1978 376 2050; x_wconf 74' lang='lat' dir='ltr'><strong>presulem</strong></span> <span class='ocrx_word' id='word_1_224' title='bbox 392 1982 516 2032; x_wconf 87' lang='lat' dir='ltr'><strong>renuant</strong></span> <span class='ocrx_word' id='word_1_225' title='bbox 530 1976 635 2044; x_wconf 91' lang='lat' dir='ltr'><strong>nescio,</strong></span> <span class='ocrx_word' id='word_1_226' title='bbox 654 1976 723 2031; x_wconf 92' lang='lat' dir='ltr'><strong>dum</strong></span> <span class='ocrx_word' id='word_1_227' title='bbox 740 1979 825 2029; x_wconf 88' lang='lat' dir='ltr'><strong>testes</strong></span> <span class='ocrx_word' id='word_1_228' title='bbox 878 1978 927 2033; x_wconf 81' lang='lat' dir='ltr'><strong>tite</strong></span> <span class='ocrx_word' id='word_1_229' title='bbox 948 1977 1024 2032; x_wconf 89' lang='lat' dir='ltr'><strong>labia</strong></span> <span class='ocrx_word' id='word_1_230' title='bbox 1043 1993 1107 2031; x_wconf 87' lang='lat' dir='ltr'><strong>mea</strong></span> <span class='ocrx_word' id='word_1_231' title='bbox 1132 1977 1276 2031; x_wconf 92' lang='lat' dir='ltr'><strong>inerudita</strong></span> <span class='ocrx_word' id='word_1_232' title='bbox 1292 1976 1391 2047; x_wconf 89' lang='lat' dir='ltr'><strong>lingua</strong></span> <span class='ocrx_word' id='word_1_233' title='bbox 1406 1975 1564 2046; x_wconf 91' lang='lat' dir='ltr'><strong>prohibuit,</strong></span> <span class='ocrx_word' id='word_1_234' title='bbox 1585 1976 1726 2048; x_wconf 90' lang='lat' dir='ltr'><strong>quianon</strong></span> 
     </span>
     <span class='ocr_line' id='line_1_21' title="bbox 104 2063 1726 2138; baseline -0.001 -19"><span class='ocrx_word' id='word_1_235' title='bbox 104 2071 134 2120; x_wconf 89' lang='lat' dir='ltr'><strong>et</strong></span> <span class='ocrx_word' id='word_1_236' title='bbox 147 2064 276 2119; x_wconf 86' lang='lat' dir='ltr'><strong>veritatis</strong></span> <span class='ocrx_word' id='word_1_237' title='bbox 290 2066 436 2119; x_wconf 89' lang='lat' dir='ltr'><strong>ministros</strong></span> <span class='ocrx_word' id='word_1_238' title='bbox 460 2064 638 2119; x_wconf 88' lang='lat' dir='ltr'><strong>damnationi</strong></span> <span class='ocrx_word' id='word_1_239' title='bbox 654 2063 754 2118; x_wconf 70' lang='lat' dir='ltr'><strong>vertetl</strong></span> <span class='ocrx_word' id='word_1_240' title='bbox 777 2078 823 2115; x_wconf 86' lang='lat' dir='ltr'><strong>as·</strong></span> <span class='ocrx_word' id='word_1_241' title='bbox 879 2067 1040 2137; x_wconf 88' lang='lat' dir='ltr'><strong>imputatur</strong></span> <span class='ocrx_word' id='word_1_242' title='bbox 1060 2067 1235 2138; x_wconf 74' lang='lat' dir='ltr'><strong>preputium</strong></span> <span class='ocrx_word' id='word_1_243' title='bbox 1250 2065 1308 2120; x_wconf 90' lang='lat' dir='ltr'><strong>oris</strong></span> <span class='ocrx_word' id='word_1_244' title='bbox 1324 2065 1370 2119; x_wconf 93' lang='lat' dir='ltr'><strong>cui</strong></span> <span class='ocrx_word' id='word_1_245' title='bbox 1392 2065 1571 2119; x_wconf 88' lang='lat' dir='ltr'><strong>circumcisio</strong></span> <span class='ocrx_word' id='word_1_246' title='bbox 1588 2066 1668 2136; x_wconf 79' lang='lat' dir='ltr'><strong>jussa</strong></span> <span class='ocrx_word' id='word_1_247' title='bbox 1684 2071 1726 2118; x_wconf 89' lang='lat' dir='ltr'><strong>est</strong></span> 
     </span>
     <span class='ocr_line' id='line_1_22' title="bbox 122 2152 1726 2226; baseline -0.002 -18"><span class='ocrx_word' id='word_1_248' title='bbox 122 2157 152 2208; x_wconf 87' lang='lat' dir='ltr'><strong>at</strong></span> <span class='ocrx_word' id='word_1_249' title='bbox 173 2169 303 2224; x_wconf 89' lang='lat' dir='ltr'><strong>congruo</strong></span> <span class='ocrx_word' id='word_1_250' title='bbox 330 2155 475 2226; x_wconf 87' lang='lat' dir='ltr'><strong>subjacere</strong></span> <span class='ocrx_word' id='word_1_251' title='bbox 502 2154 622 2223; x_wconf 91' lang='lat' dir='ltr'><strong>jndicio.</strong></span> <span class='ocrx_word' id='word_1_252' title='bbox 652 2154 824 2224; x_wconf 77' lang='lat' dir='ltr'><strong>Aperiamus</strong></span> <span class='ocrx_word' id='word_1_253' title='bbox 879 2155 980 2210; x_wconf 89' lang='lat' dir='ltr'><strong>cordis.</strong></span> <span class='ocrx_word' id='word_1_254' title='bbox 998 2155 1089 2209; x_wconf 80' lang='lat' dir='ltr'><strong>Habet</strong></span> <span class='ocrx_word' id='word_1_255' title='bbox 1102 2170 1226 2226; x_wconf 90' lang='lat' dir='ltr'><strong>namque</strong></span> <span class='ocrx_word' id='word_1_256' title='bbox 1241 2153 1416 2224; x_wconf 74' lang='lat' dir='ltr'><strong>preputium</strong></span> <span class='ocrx_word' id='word_1_257' title='bbox 1431 2152 1552 2207; x_wconf 89' lang='lat' dir='ltr'><strong>subdola</strong></span> <span class='ocrx_word' id='word_1_258' title='bbox 1564 2158 1593 2207; x_wconf 89' lang='lat' dir='ltr'><strong>et</strong></span> <span class='ocrx_word' id='word_1_259' title='bbox 1606 2153 1726 2223; x_wconf 90' lang='lat' dir='ltr'><strong>palpans</strong></span> 
     </span>
     <span class='ocr_line' id='line_1_23' title="bbox 85 2240 1726 2313; baseline -0.001 -18"><span class='ocrx_word' id='word_1_260' title='bbox 85 2240 158 2296; x_wconf 80' lang='lat' dir='ltr'><strong>tulos</strong></span> <span class='ocrx_word' id='word_1_261' title='bbox 172 2253 183 2278; x_wconf 84' lang='lat'><em>⁰</em></span> <span class='ocrx_word' id='word_1_262' title='bbox 197 2242 301 2310; x_wconf 88' lang='lat' dir='ltr'><strong>cordis,</strong></span> <span class='ocrx_word' id='word_1_263' title='bbox 325 2249 355 2297; x_wconf 92' lang='lat' dir='ltr'><strong>et</strong></span> <span class='ocrx_word' id='word_1_264' title='bbox 365 2243 507 2313; x_wconf 80' lang='lat' dir='ltr'><strong>judiciuin</strong></span> <span class='ocrx_word' id='word_1_265' title='bbox 531 2242 646 2297; x_wconf 86' lang='lat' dir='ltr'><strong>Domini</strong></span> <span class='ocrx_word' id='word_1_266' title='bbox 659 2242 769 2313; x_wconf 88' lang='lat' dir='ltr'><strong>justum</strong></span> <span class='ocrx_word' id='word_1_267' title='bbox 791 2242 822 2295; x_wconf 91' lang='lat' dir='ltr'><strong>in</strong></span> <span class='ocrx_word' id='word_1_268' title='bbox 879 2242 1003 2299; x_wconf 79' lang='lat' dir='ltr'><strong>invectio</strong></span> <span class='ocrx_word' id='word_1_269' title='bbox 1020 2242 1174 2308; x_wconf 79' lang='lat' dir='ltr'><strong>affraenata,</strong></span> <span class='ocrx_word' id='word_1_270' title='bbox 1196 2247 1225 2297; x_wconf 89' lang='lat' dir='ltr'><strong>et</strong></span> <span class='ocrx_word' id='word_1_271' title='bbox 1251 2249 1342 2296; x_wconf 89' lang='lat' dir='ltr'><strong>metas</strong></span> <span class='ocrx_word' id='word_1_272' title='bbox 1366 2241 1530 2297; x_wconf 86' lang='lat' dir='ltr'><strong>transiliens</strong></span> <span class='ocrx_word' id='word_1_273' title='bbox 1555 2246 1726 2311; x_wconf 87' lang='lat' dir='ltr'><strong>exaggerata</strong></span> 
     </span>
     <span class='ocr_line' id='line_1_24' title="bbox 85 2327 1726 2404; baseline 0 -20"><span class='ocrx_word' id='word_1_274' title='bbox 85 2327 220 2384; x_wconf 84' lang='lat' dir='ltr'><strong>ideamus</strong></span> <span class='ocrx_word' id='word_1_275' title='bbox 235 2328 367 2384; x_wconf 81' lang='lat' dir='ltr'><strong>saevisse:</strong></span> <span class='ocrx_word' id='word_1_276' title='bbox 385 2336 413 2385; x_wconf 90' lang='lat' dir='ltr'><strong>et</strong></span> <span class='ocrx_word' id='word_1_277' title='bbox 434 2332 630 2385; x_wconf 86' lang='lat' dir='ltr'><strong>desinamusa</strong></span> <span class='ocrx_word' id='word_1_278' title='bbox 649 2329 824 2385; x_wconf 90' lang='lat' dir='ltr'><strong>contumelio</strong></span> <span class='ocrx_word' id='word_1_279' title='bbox 878 2333 1014 2404; x_wconf 84' lang='lat' dir='ltr'><strong>fatuaque</strong></span> <span class='ocrx_word' id='word_1_280' title='bbox 1036 2332 1176 2386; x_wconf 90' lang='lat' dir='ltr'><strong>dissoluta</strong></span> <span class='ocrx_word' id='word_1_281' title='bbox 1198 2332 1250 2399; x_wconf 90' lang='lat' dir='ltr'><strong>ira,</strong></span> <span class='ocrx_word' id='word_1_282' title='bbox 1275 2330 1318 2384; x_wconf 90' lang='lat' dir='ltr'><strong>vel</strong></span> <span class='ocrx_word' id='word_1_283' title='bbox 1344 2330 1403 2384; x_wconf 91' lang='lat' dir='ltr'><strong>risu</strong></span> <span class='ocrx_word' id='word_1_284' title='bbox 1418 2330 1550 2384; x_wconf 82' lang='lat' dir='ltr'><strong>contexio</strong></span> <span class='ocrx_word' id='word_1_285' title='bbox 1574 2331 1597 2384; x_wconf 78' lang='lat' dir='ltr'><strong>h.</strong></span> <span class='ocrx_word' id='word_1_286' title='bbox 1619 2329 1673 2384; x_wconf 89' lang='lat' dir='ltr'><strong>Sed</strong></span> <span class='ocrx_word' id='word_1_287' title='bbox 1697 2334 1726 2384; x_wconf 90' lang='lat' dir='ltr'><strong>et</strong></span> 
     </span>
     <span class='ocr_line' id='line_1_25' title="bbox 85 2417 1725 2490; baseline -0.001 -18"><span class='ocrx_word' id='word_1_288' title='bbox 85 2432 146 2483; x_wconf 89' lang='lat' dir='ltr'><strong>um,</strong></span> <span class='ocrx_word' id='word_1_289' title='bbox 175 2431 212 2470; x_wconf 89' lang='lat' dir='ltr'><strong>ne</strong></span> <span class='ocrx_word' id='word_1_290' title='bbox 238 2432 290 2469; x_wconf 89' lang='lat' dir='ltr'><strong>nos</strong></span> <span class='ocrx_word' id='word_1_291' title='bbox 319 2418 389 2472; x_wconf 90' lang='lat' dir='ltr'><strong>ultio</strong></span> <span class='ocrx_word' id='word_1_292' title='bbox 412 2418 487 2489; x_wconf 86' lang='lat' dir='ltr'><strong>regis</strong></span> <span class='ocrx_word' id='word_1_293' title='bbox 511 2419 612 2473; x_wconf 78' lang='lat' dir='ltr'><strong>aeterni</strong></span> <span class='ocrx_word' id='word_1_294' title='bbox 646 2419 825 2488; x_wconf 88' lang='lat' dir='ltr'><strong>incorreptos</strong></span> <span class='ocrx_word' id='word_1_295' title='bbox 880 2425 1011 2475; x_wconf 86' lang='lat' dir='ltr'><strong>accurata</strong></span> <span class='ocrx_word' id='word_1_296' title='bbox 1030 2420 1207 2490; x_wconf 89' lang='lat' dir='ltr'><strong>dissertaque</strong></span> <span class='ocrx_word' id='word_1_297' title='bbox 1221 2419 1251 2473; x_wconf 91' lang='lat' dir='ltr'><strong>in</strong></span> <span class='ocrx_word' id='word_1_298' title='bbox 1265 2418 1351 2472; x_wconf 88' lang='lat' dir='ltr'><strong>rebus</strong></span> <span class='ocrx_word' id='word_1_299' title='bbox 1368 2417 1505 2488; x_wconf 88' lang='lat' dir='ltr'><strong>perituris</strong></span> <span class='ocrx_word' id='word_1_300' title='bbox 1518 2423 1547 2472; x_wconf 90' lang='lat' dir='ltr'><strong>ct</strong></span> <span class='ocrx_word' id='word_1_301' title='bbox 1561 2417 1725 2471; x_wconf 90' lang='lat' dir='ltr'><strong>labentibus</strong></span> 
     </span>
     <span class='ocr_line' id='line_1_26' title="bbox 85 2503 1725 2575; baseline -0.001 -16"><span class='ocrx_word' id='word_1_302' title='bbox 85 2509 114 2561; x_wconf 84' lang='lat' dir='ltr'><strong>tt</strong></span> <span class='ocrx_word' id='word_1_303' title='bbox 139 2503 174 2558; x_wconf 89' lang='lat' dir='ltr'><strong>ad</strong></span> <span class='ocrx_word' id='word_1_304' title='bbox 197 2508 347 2559; x_wconf 87' lang='lat' dir='ltr'><strong>tartarum.</strong></span> <span class='ocrx_word' id='word_1_305' title='bbox 373 2506 512 2561; x_wconf 87' lang='lat' dir='ltr'><strong>Cttremus</strong></span> <span class='ocrx_word' id='word_1_306' title='bbox 537 2512 571 2561; x_wconf 91' lang='lat' dir='ltr'><strong>nt</strong></span> <span class='ocrx_word' id='word_1_307' title='bbox 588 2523 646 2562; x_wconf 91' lang='lat' dir='ltr'><strong>non</strong></span> <span class='ocrx_word' id='word_1_308' title='bbox 663 2511 745 2561; x_wconf 85' lang='lat' dir='ltr'><strong>creat</strong></span> <span class='ocrx_word' id='word_1_309' title='bbox 764 2522 824 2561; x_wconf 89' lang='lat' dir='ltr'><strong>ma·</strong></span> <span class='ocrx_word' id='word_1_310' title='bbox 879 2507 937 2562; x_wconf 88' lang='lat' dir='ltr'><strong>fine</strong></span> <span class='ocrx_word' id='word_1_311' title='bbox 960 2507 1104 2575; x_wconf 82' lang='lat' dir='ltr'><strong>facundia,</strong></span> <span class='ocrx_word' id='word_1_312' title='bbox 1127 2508 1171 2562; x_wconf 89' lang='lat' dir='ltr'><strong>vel</strong></span> <span class='ocrx_word' id='word_1_313' title='bbox 1195 2507 1225 2562; x_wconf 91' lang='lat' dir='ltr'><strong>in</strong></span> <span class='ocrx_word' id='word_1_314' title='bbox 1253 2505 1450 2561; x_wconf 88' lang='lat' dir='ltr'><strong>mundialibus</strong></span> <span class='ocrx_word' id='word_1_315' title='bbox 1471 2511 1500 2560; x_wconf 91' lang='lat' dir='ltr'><strong>et</strong></span> <span class='ocrx_word' id='word_1_316' title='bbox 1514 2505 1581 2560; x_wconf 86' lang='lat' dir='ltr'><strong>fidei</strong></span> <span class='ocrx_word' id='word_1_317' title='bbox 1600 2505 1725 2559; x_wconf 86' lang='lat' dir='ltr'><strong>adversis</strong></span> 
     </span>
     <span class='ocr_line' id='line_1_27' title="bbox 85 2592 1725 2668; baseline -0.001 -19"><span class='ocrx_word' id='word_1_318' title='bbox 85 2592 159 2649; x_wconf 84' lang='lat' dir='ltr'><strong>rium</strong></span> <span class='ocrx_word' id='word_1_319' title='bbox 183 2608 218 2647; x_wconf 84' lang='lat' dir='ltr'><strong>ex</strong></span> <span class='ocrx_word' id='word_1_320' title='bbox 240 2609 289 2647; x_wconf 88' lang='lat' dir='ltr'><strong>ore</strong></span> <span class='ocrx_word' id='word_1_321' title='bbox 313 2599 421 2659; x_wconf 87' lang='lat' dir='ltr'><strong>nostro,</strong></span> <span class='ocrx_word' id='word_1_322' title='bbox 442 2600 470 2648; x_wconf 89' lang='lat' dir='ltr'><strong>et</strong></span> <span class='ocrx_word' id='word_1_323' title='bbox 490 2595 521 2649; x_wconf 93' lang='lat' dir='ltr'><strong>in</strong></span> <span class='ocrx_word' id='word_1_324' title='bbox 540 2597 644 2650; x_wconf 88' lang='lat' dir='ltr'><strong>coelum</strong></span> <span class='ocrx_word' id='word_1_325' title='bbox 665 2610 771 2666; x_wconf 89' lang='lat' dir='ltr'><strong>ponere</strong></span> <span class='ocrx_word' id='word_1_326' title='bbox 793 2610 825 2649; x_wconf 91' lang='lat' dir='ltr'><strong>os</strong></span> <span class='ocrx_word' id='word_1_327' title='bbox 879 2597 1004 2667; x_wconf 84' lang='lat' dir='ltr'><strong>eloquia,</strong></span> <span class='ocrx_word' id='word_1_328' title='bbox 1040 2598 1160 2668; x_wconf 91' lang='lat' dir='ltr'><strong>polluta,</strong></span> <span class='ocrx_word' id='word_1_329' title='bbox 1184 2595 1393 2658; x_wconf 85' lang='lat' dir='ltr'><strong>incircumcisa,</strong></span> <span class='ocrx_word' id='word_1_330' title='bbox 1420 2599 1449 2649; x_wconf 89' lang='lat' dir='ltr'><strong>et</strong></span> <span class='ocrx_word' id='word_1_331' title='bbox 1476 2593 1725 2649; x_wconf 86' lang='lat' dir='ltr'><strong>immunditiarum</strong></span> 
     </span>
     <span class='ocr_line' id='line_1_28' title="bbox 85 2675 1725 2755; baseline -0.002 -17"><span class='ocrx_word' id='word_1_332' title='bbox 85 2697 108 2738; x_wconf 86' lang='lat' dir='ltr'><strong>n</strong></span> <span class='ocrx_word' id='word_1_333' title='bbox 137 2681 221 2752; x_wconf 85' lang='lat' dir='ltr'><strong>(Psol.</strong></span> <span class='ocrx_word' id='word_1_334' title='bbox 247 2681 330 2752; x_wconf 84' lang='lat' dir='ltr'><strong>nrxrr)</strong></span> <span class='ocrx_word' id='word_1_335' title='bbox 354 2675 491 2749; x_wconf 86' lang='lat' dir='ltr'><strong>vitemus;</strong></span> <span class='ocrx_word' id='word_1_336' title='bbox 512 2684 633 2737; x_wconf 89' lang='lat' dir='ltr'><strong>scientes</strong></span> <span class='ocrx_word' id='word_1_337' title='bbox 652 2684 719 2754; x_wconf 92' lang='lat' dir='ltr'><strong>quia</strong></span> <span class='ocrx_word' id='word_1_338' title='bbox 742 2682 825 2737; x_wconf 91' lang='lat' dir='ltr'><strong>mise·</strong></span> <span class='ocrx_word' id='word_1_339' title='bbox 881 2685 1013 2739; x_wconf 90' lang='lat' dir='ltr'><strong>sordibus</strong></span> <span class='ocrx_word' id='word_1_340' title='bbox 1027 2688 1094 2739; x_wconf 92' lang='lat' dir='ltr'><strong>sunt</strong></span> <span class='ocrx_word' id='word_1_341' title='bbox 1108 2683 1270 2755; x_wconf 90' lang='lat' dir='ltr'><strong>inquinata.</strong></span> <span class='ocrx_word' id='word_1_342' title='bbox 1287 2682 1442 2739; x_wconf 83' lang='lat' dir='ltr'><strong>Rusticitas</strong></span> <span class='ocrx_word' id='word_1_343' title='bbox 1457 2687 1552 2736; x_wconf 87' lang='lat' dir='ltr'><strong>atttem</strong></span> <span class='ocrx_word' id='word_1_344' title='bbox 1568 2683 1725 2750; x_wconf 89' lang='lat' dir='ltr'><strong>fructuosa,</strong></span> 
     </span>
     <span class='ocr_line' id='line_1_29' title="bbox 85 2771 1727 2844; baseline -0.001 -18"><span class='ocrx_word' id='word_1_345' title='bbox 85 2786 99 2826; x_wconf 91' lang='grc' dir='ltr'>ι</span> <span class='ocrx_word' id='word_1_346' title='bbox 122 2777 151 2826; x_wconf 90' lang='lat' dir='ltr'><strong>et</strong></span> <span class='ocrx_word' id='word_1_347' title='bbox 165 2771 208 2825; x_wconf 89' lang='lat' dir='ltr'><strong>ira</strong></span> <span class='ocrx_word' id='word_1_348' title='bbox 231 2772 267 2825; x_wconf 92' lang='lat' dir='ltr'><strong>ab</strong></span> <span class='ocrx_word' id='word_1_349' title='bbox 290 2771 340 2825; x_wconf 92' lang='lat' dir='ltr'><strong>ille</strong></span> <span class='ocrx_word' id='word_1_350' title='bbox 360 2772 415 2826; x_wconf 92' lang='lat' dir='ltr'><strong>cito</strong></span> <span class='ocrx_word' id='word_1_351' title='bbox 436 2772 611 2843; x_wconf 84' lang='lat' dir='ltr'><strong>proximant,</strong></span> <span class='ocrx_word' id='word_1_352' title='bbox 631 2777 658 2826; x_wconf 91' lang='lat' dir='ltr'><strong>et</strong></span> <span class='ocrx_word' id='word_1_353' title='bbox 676 2772 822 2839; x_wconf 88' lang='lat' dir='ltr'><strong>timentes,</strong></span> <span class='ocrx_word' id='word_1_354' title='bbox 879 2777 907 2826; x_wconf 90' lang='lat' dir='ltr'><strong>et</strong></span> <span class='ocrx_word' id='word_1_355' title='bbox 929 2773 1075 2844; x_wconf 88' lang='lat' dir='ltr'><strong>imperitia</strong></span> <span class='ocrx_word' id='word_1_356' title='bbox 1089 2772 1120 2826; x_wconf 91' lang='lat' dir='ltr'><strong>in</strong></span> <span class='ocrx_word' id='word_1_357' title='bbox 1144 2772 1232 2827; x_wconf 88' lang='lat' dir='ltr'><strong>sacris</strong></span> <span class='ocrx_word' id='word_1_358' title='bbox 1251 2771 1420 2825; x_wconf 82' lang='lat' dir='ltr'><strong>extollendis</strong></span> <span class='ocrx_word' id='word_1_359' title='bbox 1443 2771 1584 2842; x_wconf 86' lang='lat' dir='ltr'><strong>mysteriis</strong></span> <span class='ocrx_word' id='word_1_360' title='bbox 1599 2786 1657 2824; x_wconf 94' lang='lat' dir='ltr'><strong>non</strong></span> <span class='ocrx_word' id='word_1_361' title='bbox 1681 2786 1727 2824; x_wconf 89' lang='lat' dir='ltr'><strong>ve·</strong></span> 
     </span>
    </p>
   </div>
   <div class='ocr_carea' id='block_1_3' title="bbox 85 2857 1832 2930">
    <p class='ocr_par' dir='ltr' id='par_1_4' title="bbox 85 2857 1832 2930">
     <span class='ocr_line' id='line_1_30' title="bbox 85 2857 1832 2930; baseline -0.002 -16"><span class='ocrx_word' id='word_1_362' title='bbox 85 2859 124 2914; x_wconf 85' lang='lat' dir='ltr'><strong>llo</strong></span> <span class='ocrx_word' id='word_1_363' title='bbox 139 2859 218 2913; x_wconf 80' lang='lat' dir='ltr'><strong>furor</strong></span> <span class='ocrx_word' id='word_1_364' title='bbox 232 2858 294 2930; x_wconf 85' lang='lat' dir='ltr'><strong>ejus</strong></span> <span class='ocrx_word' id='word_1_365' title='bbox 308 2860 425 2914; x_wconf 86' lang='lat' dir='ltr'><strong>veniens</strong></span> <span class='ocrx_word' id='word_1_366' title='bbox 437 2861 583 2930; x_wconf 88' lang='lat' dir='ltr'><strong>disperdat</strong></span> <span class='ocrx_word' id='word_1_367' title='bbox 595 2877 648 2915; x_wconf 91' lang='lat' dir='ltr'><strong>nos</strong></span> <span class='ocrx_word' id='word_1_368' title='bbox 667 2877 674 2914; x_wconf 77' lang='grc' dir='ltr'><strong>ι</strong></span> <span class='ocrx_word' id='word_1_369' title='bbox 691 2876 727 2915; x_wconf 90' lang='lat' dir='ltr'><strong>ne</strong></span> <span class='ocrx_word' id='word_1_370' title='bbox 742 2859 824 2915; x_wconf 88' lang='lat' dir='ltr'><strong>nobis</strong></span> <span class='ocrx_word' id='word_1_371' title='bbox 879 2867 973 2927; x_wconf 87' lang='lat' dir='ltr'><strong>nasta,</strong></span> <span class='ocrx_word' id='word_1_372' title='bbox 999 2877 1058 2915; x_wconf 93' lang='lat' dir='ltr'><strong>non</strong></span> <span class='ocrx_word' id='word_1_373' title='bbox 1079 2876 1161 2915; x_wconf 87' lang='lat' dir='ltr'><strong>coeno</strong></span> <span class='ocrx_word' id='word_1_374' title='bbox 1188 2859 1365 2914; x_wconf 82' lang='lat' dir='ltr'><strong>infidelitatis</strong></span> <span class='ocrx_word' id='word_1_375' title='bbox 1384 2865 1413 2913; x_wconf 91' lang='lat' dir='ltr'><strong>et</strong></span> <span class='ocrx_word' id='word_1_376' title='bbox 1438 2858 1556 2913; x_wconf 88' lang='lat' dir='ltr'><strong>salebris</strong></span> <span class='ocrx_word' id='word_1_377' title='bbox 1578 2857 1725 2929; x_wconf 88' lang='lat' dir='ltr'><strong>voragini·</strong></span> <span class='ocrx_word' id='word_1_378' title='bbox 1824 2875 1832 2887; x_wconf 92' lang='lat'><strong>·</strong></span> 
     </span>
    </p>
   </div>
   <div class='ocr_carea' id='block_1_4' title="bbox 85 2945 1725 4876">
    <p class='ocr_par' dir='ltr' id='par_1_5' title="bbox 85 2945 1725 4876">
     <span class='ocr_line' id='line_1_31' title="bbox 85 2945 1725 3021; baseline -0.002 -19"><span class='ocrx_word' id='word_1_379' title='bbox 85 2947 194 3002; x_wconf 79' lang='lat' dir='ltr'><strong>tremiae</strong></span> <span class='ocrx_word' id='word_1_380' title='bbox 209 2949 359 3003; x_wconf 89' lang='lat' dir='ltr'><strong>conveniat</strong></span> <span class='ocrx_word' id='word_1_381' title='bbox 374 2950 482 3004; x_wconf 90' lang='lat' dir='ltr'><strong>dictum</strong></span> <span class='ocrx_word' id='word_1_382' title='bbox 499 2965 505 3004; x_wconf 93' lang='lat'>:</span> <span class='ocrx_word' id='word_1_383' title='bbox 522 2952 652 3017; x_wconf 69' lang='lat' dir='ltr'><strong>interfeci</strong></span> <span class='ocrx_word' id='word_1_384' title='bbox 670 2955 695 3005; x_wconf 86' lang='lat' dir='ltr'><strong>et</strong></span> <span class='ocrx_word' id='word_1_385' title='bbox 713 2950 825 3018; x_wconf 81' lang='lat' dir='ltr'><strong>perdidi</strong></span> <span class='ocrx_word' id='word_1_386' title='bbox 842 2948 989 3021; x_wconf 78' lang='lat' dir='ltr'><strong>gbusque</strong></span> <span class='ocrx_word' id='word_1_387' title='bbox 1012 2949 1137 3014; x_wconf 89' lang='lat' dir='ltr'><strong>sordida,</strong></span> <span class='ocrx_word' id='word_1_388' title='bbox 1163 2953 1270 3020; x_wconf 89' lang='lat' dir='ltr'><strong>turget;</strong></span> <span class='ocrx_word' id='word_1_389' title='bbox 1299 2948 1349 3002; x_wconf 90' lang='lat' dir='ltr'><strong>sed</strong></span> <span class='ocrx_word' id='word_1_390' title='bbox 1369 2947 1530 3001; x_wconf 90' lang='lat' dir='ltr'><strong>bumilitate</strong></span> <span class='ocrx_word' id='word_1_391' title='bbox 1548 2951 1576 3000; x_wconf 90' lang='lat' dir='ltr'><strong>et</strong></span> <span class='ocrx_word' id='word_1_392' title='bbox 1599 2945 1725 3001; x_wconf 87' lang='lat' dir='ltr'><strong>veritatis</strong></span> 
     </span>
     <span class='ocr_line' id='line_1_32' title="bbox 85 3034 1724 3108; baseline -0.003 -16"><span class='ocrx_word' id='word_1_393' title='bbox 85 3051 106 3092; x_wconf 86' lang='lat' dir='ltr'><strong>tv</strong></span> <span class='ocrx_word' id='word_1_394' title='bbox 127 3053 225 3103; x_wconf 81' lang='lat' dir='ltr'><strong>meum,</strong></span> <span class='ocrx_word' id='word_1_395' title='bbox 250 3042 276 3092; x_wconf 87' lang='lat' dir='ltr'><strong>et</strong></span> <span class='ocrx_word' id='word_1_396' title='bbox 295 3055 311 3092; x_wconf 89' lang='lat' dir='ltr'><strong>o</strong></span> <span class='ocrx_word' id='word_1_397' title='bbox 330 3040 381 3093; x_wconf 80' lang='lat' dir='ltr'><strong>otis</strong></span> <span class='ocrx_word' id='word_1_398' title='bbox 400 3042 457 3094; x_wconf 85' lang='lat' dir='ltr'><strong>sois</strong></span> <span class='ocrx_word' id='word_1_399' title='bbox 479 3055 532 3094; x_wconf 86' lang='lat' dir='ltr'><strong>nort</strong></span> <span class='ocrx_word' id='word_1_400' title='bbox 553 3044 616 3094; x_wconf 83' lang='lat' dir='ltr'><strong>sont</strong></span> <span class='ocrx_word' id='word_1_401' title='bbox 634 3041 736 3093; x_wconf 83' lang='lat' dir='ltr'><strong>reuersi</strong></span> <span class='ocrx_word' id='word_1_402' title='bbox 750 3040 818 3107; x_wconf 83' lang='lat' dir='ltr'><strong>(Jer.</strong></span> <span class='ocrx_word' id='word_1_403' title='bbox 877 3038 981 3093; x_wconf 88' lang='lat' dir='ltr'><strong>decore</strong></span> <span class='ocrx_word' id='word_1_404' title='bbox 1001 3052 1055 3108; x_wconf 91' lang='lat' dir='ltr'><strong>per</strong></span> <span class='ocrx_word' id='word_1_405' title='bbox 1071 3053 1100 3090; x_wconf 88' lang='lat' dir='ltr'><strong>se</strong></span> <span class='ocrx_word' id='word_1_406' title='bbox 1124 3036 1255 3107; x_wconf 89' lang='lat' dir='ltr'><strong>specillce</strong></span> <span class='ocrx_word' id='word_1_407' title='bbox 1273 3037 1372 3106; x_wconf 82' lang='lat' dir='ltr'><strong>fulget.</strong></span> <span class='ocrx_word' id='word_1_408' title='bbox 1396 3036 1429 3090; x_wconf 88' lang='lat' dir='ltr'><strong>Et</strong></span> <span class='ocrx_word' id='word_1_409' title='bbox 1450 3034 1515 3089; x_wconf 91' lang='lat' dir='ltr'><strong>ideo</strong></span> <span class='ocrx_word' id='word_1_410' title='bbox 1533 3034 1629 3104; x_wconf 91' lang='lat' dir='ltr'><strong>siqua</strong></span> <span class='ocrx_word' id='word_1_411' title='bbox 1651 3034 1724 3087; x_wconf 87' lang='lat' dir='ltr'><strong>forte</strong></span> 
     </span>
     <span class='ocr_line' id='line_1_33' title="bbox 116 3122 1723 3195; baseline -0.003 -15"><span class='ocrx_word' id='word_1_412' title='bbox 116 3125 150 3180; x_wconf 80' lang='lat' dir='ltr'><strong>nt</strong></span> <span class='ocrx_word' id='word_1_413' title='bbox 177 3126 306 3181; x_wconf 89' lang='lat' dir='ltr'><strong>iterum:</strong></span> <span class='ocrx_word' id='word_1_414' title='bbox 336 3128 426 3181; x_wconf 86' lang='lat' dir='ltr'><strong>Multo</strong></span> <span class='ocrx_word' id='word_1_415' title='bbox 452 3129 543 3183; x_wconf 84' lang='lat' dir='ltr'><strong>toborc</strong></span> <span class='ocrx_word' id='word_1_416' title='bbox 566 3129 696 3182; x_wconf 82' lang='lat' dir='ltr'><strong>sudatum</strong></span> <span class='ocrx_word' id='word_1_417' title='bbox 719 3131 768 3191; x_wconf 88' lang='lat' dir='ltr'><strong>est,</strong></span> <span class='ocrx_word' id='word_1_418' title='bbox 798 3131 824 3181; x_wconf 84' lang='lat' dir='ltr'><strong>et</strong></span> <span class='ocrx_word' id='word_1_419' title='bbox 878 3125 1056 3181; x_wconf 89' lang='lat' dir='ltr'><strong>adversantia</strong></span> <span class='ocrx_word' id='word_1_420' title='bbox 1084 3124 1224 3179; x_wconf 85' lang='lat' dir='ltr'><strong>catholico</strong></span> <span class='ocrx_word' id='word_1_421' title='bbox 1252 3122 1381 3195; x_wconf 77' lang='lat' dir='ltr'><strong>dogmati</strong></span> <span class='ocrx_word' id='word_1_422' title='bbox 1405 3124 1584 3193; x_wconf 88' lang='lat' dir='ltr'><strong>negligenter</strong></span> <span class='ocrx_word' id='word_1_423' title='bbox 1607 3123 1614 3158; x_wconf 90' lang='lat'><strong>¹</strong></span> <span class='ocrx_word' id='word_1_424' title='bbox 1638 3122 1723 3176; x_wconf 89' lang='lat' dir='ltr'><strong>disse·</strong></span> 
     </span>
     <span class='ocr_line' id='line_1_34' title="bbox 85 3211 1721 3286; baseline -0.003 -18"><span class='ocrx_word' id='word_1_425' title='bbox 85 3214 130 3268; x_wconf 79' lang='lat' dir='ltr'><strong>&#39;trit</strong></span> <span class='ocrx_word' id='word_1_426' title='bbox 150 3214 185 3268; x_wconf 87' lang='lat' dir='ltr'><strong>ob</strong></span> <span class='ocrx_word' id='word_1_427' title='bbox 200 3231 232 3268; x_wconf 90' lang='lat' dir='ltr'><strong>eo</strong></span> <span class='ocrx_word' id='word_1_428' title='bbox 255 3217 341 3270; x_wconf 82' lang='lat' dir='ltr'><strong>nimio</strong></span> <span class='ocrx_word' id='word_1_429' title='bbox 364 3217 460 3283; x_wconf 73' lang='lat' dir='ltr'><strong>rodigo</strong></span> <span class='ocrx_word' id='word_1_430' title='bbox 474 3215 542 3286; x_wconf 84' lang='lat' dir='ltr'><strong>ejus,</strong></span> <span class='ocrx_word' id='word_1_431' title='bbox 558 3231 643 3284; x_wconf 80' lang='lat' dir='ltr'><strong>neque</strong></span> <span class='ocrx_word' id='word_1_432' title='bbox 664 3231 714 3284; x_wconf 84' lang='lat' dir='ltr'><strong>per</strong></span> <span class='ocrx_word' id='word_1_433' title='bbox 735 3216 823 3281; x_wconf 80' lang='lat' dir='ltr'><strong>ignem</strong></span> <span class='ocrx_word' id='word_1_434' title='bbox 877 3215 937 3280; x_wconf 88' lang='lat' dir='ltr'><strong>rui;</strong></span> <span class='ocrx_word' id='word_1_435' title='bbox 953 3229 1012 3268; x_wconf 92' lang='lat' dir='ltr'><strong>non</strong></span> <span class='ocrx_word' id='word_1_436' title='bbox 1026 3218 1103 3280; x_wconf 91' lang='lat' dir='ltr'><strong>voto,</strong></span> <span class='ocrx_word' id='word_1_437' title='bbox 1116 3213 1164 3267; x_wconf 90' lang='lat' dir='ltr'><strong>sed</strong></span> <span class='ocrx_word' id='word_1_438' title='bbox 1179 3215 1305 3267; x_wconf 77' lang='lat' dir='ltr'><strong>caecitate</strong></span> <span class='ocrx_word' id='word_1_439' title='bbox 1319 3211 1424 3266; x_wconf 90' lang='lat' dir='ltr'><strong>mentis</strong></span> <span class='ocrx_word' id='word_1_440' title='bbox 1439 3216 1575 3282; x_wconf 90' lang='lat' dir='ltr'><strong>urgente;</strong></span> <span class='ocrx_word' id='word_1_441' title='bbox 1593 3226 1626 3264; x_wconf 89' lang='lat' dir='ltr'><strong>ea</strong></span> <span class='ocrx_word' id='word_1_442' title='bbox 1641 3226 1721 3280; x_wconf 84' lang='lat' dir='ltr'><strong>rogo,</strong></span> 
     </span>
     <span class='ocr_line' id='line_1_35' title="bbox 85 3301 1725 3372; baseline -0.002 -17"><span class='ocrx_word' id='word_1_443' title='bbox 85 3301 153 3357; x_wconf 78' lang='lat' dir='ltr'><strong>ditio</strong></span> <span class='ocrx_word' id='word_1_444' title='bbox 174 3309 222 3356; x_wconf 85' lang='lat' dir='ltr'><strong>tuo</strong></span> <span class='ocrx_word' id='word_1_445' title='bbox 240 3304 424 3365; x_wconf 72' lang='lat' dir='ltr'><strong>exsecrabilis,</strong></span> <span class='ocrx_word' id='word_1_446' title='bbox 447 3319 513 3372; x_wconf 79' lang='lat' dir='ltr'><strong>quae</strong></span> <span class='ocrx_word' id='word_1_447' title='bbox 535 3304 668 3358; x_wconf 81' lang='lat' dir='ltr'><strong>ntundorc</strong></span> <span class='ocrx_word' id='word_1_448' title='bbox 689 3309 715 3357; x_wconf 84' lang='lat' dir='ltr'><strong>te</strong></span> <span class='ocrx_word' id='word_1_449' title='bbox 737 3303 822 3365; x_wconf 83' lang='lat' dir='ltr'><strong>votui,</strong></span> <span class='ocrx_word' id='word_1_450' title='bbox 876 3304 998 3358; x_wconf 88' lang='lat' dir='ltr'><strong>lectores</strong></span> <span class='ocrx_word' id='word_1_451' title='bbox 1016 3301 1086 3369; x_wconf 89' lang='lat' dir='ltr'><strong>mei,</strong></span> <span class='ocrx_word' id='word_1_452' title='bbox 1102 3302 1216 3356; x_wconf 89' lang='lat' dir='ltr'><strong>lletibus</strong></span> <span class='ocrx_word' id='word_1_453' title='bbox 1236 3301 1356 3368; x_wconf 92' lang='lat' dir='ltr'><strong>diluant,</strong></span> <span class='ocrx_word' id='word_1_454' title='bbox 1375 3301 1508 3372; x_wconf 85' lang='lat' dir='ltr'><strong>precibus</strong></span> <span class='ocrx_word' id='word_1_455' title='bbox 1524 3304 1646 3371; x_wconf 88' lang='lat' dir='ltr'><strong>tergant,</strong></span> <span class='ocrx_word' id='word_1_456' title='bbox 1663 3315 1725 3352; x_wconf 89' lang='lat' dir='ltr'><strong>ora-</strong></span> 
     </span>
     <span class='ocr_line' id='line_1_36' title="bbox 91 3387 1723 3463; baseline -0.004 -18"><span class='ocrx_word' id='word_1_457' title='bbox 91 3403 120 3445; x_wconf 79' lang='lat' dir='ltr'><strong>ss</strong></span> <span class='ocrx_word' id='word_1_458' title='bbox 139 3391 272 3445; x_wconf 85' lang='lat' dir='ltr'><strong>mundato</strong></span> <span class='ocrx_word' id='word_1_459' title='bbox 293 3392 453 3446; x_wconf 87' lang='lat' dir='ltr'><strong>osordtbtts</strong></span> <span class='ocrx_word' id='word_1_460' title='bbox 473 3395 527 3446; x_wconf 84' lang='lat' dir='ltr'><strong>tois</strong></span> <span class='ocrx_word' id='word_1_461' title='bbox 542 3392 650 3463; x_wconf 77' lang='lat' dir='ltr'><strong>(Erech.</strong></span> <span class='ocrx_word' id='word_1_462' title='bbox 674 3406 748 3458; x_wconf 86' lang='lat' dir='ltr'><strong>xxvv,</strong></span> <span class='ocrx_word' id='word_1_463' title='bbox 767 3392 821 3459; x_wconf 79' lang='lat' dir='ltr'><strong>te).</strong></span> <span class='ocrx_word' id='word_1_464' title='bbox 877 3391 1003 3448; x_wconf 88' lang='lat' dir='ltr'><strong>tionibus</strong></span> <span class='ocrx_word' id='word_1_465' title='bbox 1027 3390 1167 3445; x_wconf 89' lang='lat' dir='ltr'><strong>mundent</strong></span> <span class='ocrx_word' id='word_1_466' title='bbox 1190 3407 1196 3444; x_wconf 91' lang='lat'>:</span> <span class='ocrx_word' id='word_1_467' title='bbox 1219 3406 1385 3444; x_wconf 82' lang='lat' dir='ltr'><strong>sermonum</strong></span> <span class='ocrx_word' id='word_1_468' title='bbox 1413 3405 1478 3443; x_wconf 89' lang='lat' dir='ltr'><strong>vero</strong></span> <span class='ocrx_word' id='word_1_469' title='bbox 1500 3387 1569 3442; x_wconf 90' lang='lat' dir='ltr'><strong>vitia</strong></span> <span class='ocrx_word' id='word_1_470' title='bbox 1591 3394 1651 3441; x_wconf 89' lang='lat' dir='ltr'><strong>tola</strong></span> <span class='ocrx_word' id='word_1_471' title='bbox 1673 3403 1723 3440; x_wconf 87' lang='lat' dir='ltr'><strong>ovo</strong></span> 
     </span>
     <span class='ocr_line' id='line_1_37' title="bbox 85 3475 1724 3550; baseline -0.004 -16"><span class='ocrx_word' id='word_1_472' title='bbox 85 3477 165 3534; x_wconf 89' lang='lat' dir='ltr'><strong>this</strong></span> <span class='ocrx_word' id='word_1_473' title='bbox 179 3479 286 3532; x_wconf 87' lang='lat' dir='ltr'><strong>similia</strong></span> <span class='ocrx_word' id='word_1_474' title='bbox 308 3479 464 3546; x_wconf 91' lang='lat' dir='ltr'><strong>intuentes,</strong></span> <span class='ocrx_word' id='word_1_475' title='bbox 482 3485 510 3534; x_wconf 91' lang='lat' dir='ltr'><strong>et</strong></span> <span class='ocrx_word' id='word_1_476' title='bbox 528 3486 691 3534; x_wconf 90' lang='lat' dir='ltr'><strong>sanctorum</strong></span> <span class='ocrx_word' id='word_1_477' title='bbox 716 3479 823 3532; x_wconf 91' lang='lat' dir='ltr'><strong>multo·</strong></span> <span class='ocrx_word' id='word_1_478' title='bbox 876 3481 1048 3535; x_wconf 89' lang='lat' dir='ltr'><strong>intemerata</strong></span> <span class='ocrx_word' id='word_1_479' title='bbox 1077 3480 1251 3550; x_wconf 89' lang='lat' dir='ltr'><strong>relinquant.</strong></span> <span class='ocrx_word' id='word_1_480' title='bbox 1282 3478 1373 3533; x_wconf 85' lang='lat' dir='ltr'><strong>luder</strong></span> <span class='ocrx_word' id='word_1_481' title='bbox 1401 3477 1478 3532; x_wconf 89' lang='lat' dir='ltr'><strong>enim</strong></span> <span class='ocrx_word' id='word_1_482' title='bbox 1509 3477 1557 3531; x_wconf 93' lang='lat' dir='ltr'><strong>ille</strong></span> <span class='ocrx_word' id='word_1_483' title='bbox 1582 3475 1627 3531; x_wconf 91' lang='lat' dir='ltr'><strong>eni</strong></span> <span class='ocrx_word' id='word_1_484' title='bbox 1650 3475 1724 3529; x_wconf 92' lang='lat' dir='ltr'><strong>hanc</strong></span> 
     </span>
     <span class='ocr_line' id='line_1_38' title="bbox 85 3563 1721 3639; baseline -0.002 -19"><span class='ocrx_word' id='word_1_485' title='bbox 85 3580 152 3636; x_wconf 86' lang='lat' dir='ltr'><strong>pera</strong></span> <span class='ocrx_word' id='word_1_486' title='bbox 166 3573 393 3637; x_wconf 84' lang='lat' dir='ltr'><strong>compensantes,</strong></span> <span class='ocrx_word' id='word_1_487' title='bbox 419 3568 607 3639; x_wconf 84' lang='lat' dir='ltr'><strong>victoriasque</strong></span> <span class='ocrx_word' id='word_1_488' title='bbox 624 3567 755 3621; x_wconf 90' lang='lat' dir='ltr'><strong>lidelium</strong></span> <span class='ocrx_word' id='word_1_489' title='bbox 772 3581 823 3620; x_wconf 84' lang='lat' dir='ltr'><strong>ex·</strong></span> <span class='ocrx_word' id='word_1_490' title='bbox 876 3568 1065 3623; x_wconf 87' lang='lat' dir='ltr'><strong>intentionem</strong></span> <span class='ocrx_word' id='word_1_491' title='bbox 1090 3567 1252 3622; x_wconf 83' lang='lat' dir='ltr'><strong>devolionis</strong></span> <span class='ocrx_word' id='word_1_492' title='bbox 1271 3567 1369 3635; x_wconf 87' lang='lat' dir='ltr'><strong>libavi,</strong></span> <span class='ocrx_word' id='word_1_493' title='bbox 1389 3582 1448 3620; x_wconf 92' lang='lat' dir='ltr'><strong>non</strong></span> <span class='ocrx_word' id='word_1_494' title='bbox 1467 3567 1621 3620; x_wconf 88' lang='lat' dir='ltr'><strong>verborum</strong></span> <span class='ocrx_word' id='word_1_495' title='bbox 1642 3563 1721 3630; x_wconf 87' lang='lat' dir='ltr'><strong>folia,</strong></span> 
     </span>
     <span class='ocr_line' id='line_1_39' title="bbox 85 3654 1723 3727; baseline -0.002 -18"><span class='ocrx_word' id='word_1_496' title='bbox 85 3669 117 3720; x_wconf 75' lang='lat' dir='ltr'><strong>ss,</strong></span> <span class='ocrx_word' id='word_1_497' title='bbox 134 3656 328 3725; x_wconf 84' lang='lat' dir='ltr'><strong>glorificemus</strong></span> <span class='ocrx_word' id='word_1_498' title='bbox 349 3657 514 3722; x_wconf 87' lang='lat' dir='ltr'><strong>Dominum,</strong></span> <span class='ocrx_word' id='word_1_499' title='bbox 536 3656 685 3712; x_wconf 91' lang='lat' dir='ltr'><strong>ctnodum</strong></span> <span class='ocrx_word' id='word_1_500' title='bbox 702 3655 823 3727; x_wconf 86' lang='lat' dir='ltr'><strong>ligamus</strong></span> <span class='ocrx_word' id='word_1_501' title='bbox 876 3658 924 3712; x_wconf 91' lang='lat' dir='ltr'><strong>sed</strong></span> <span class='ocrx_word' id='word_1_502' title='bbox 949 3657 1073 3711; x_wconf 89' lang='lat' dir='ltr'><strong>radicem</strong></span> <span class='ocrx_word' id='word_1_503' title='bbox 1102 3658 1196 3711; x_wconf 90' lang='lat' dir='ltr'><strong>cordis</strong></span> <span class='ocrx_word' id='word_1_504' title='bbox 1222 3655 1377 3710; x_wconf 88' lang='lat' dir='ltr'><strong>discernit:</strong></span> <span class='ocrx_word' id='word_1_505' title='bbox 1405 3671 1456 3709; x_wconf 87' lang='lat' dir='ltr'><strong>nec</strong></span> <span class='ocrx_word' id='word_1_506' title='bbox 1485 3656 1518 3709; x_wconf 91' lang='lat' dir='ltr'><strong>ad</strong></span> <span class='ocrx_word' id='word_1_507' title='bbox 1544 3654 1723 3708; x_wconf 88' lang='lat' dir='ltr'><strong>curationem</strong></span> 
     </span>
     <span class='ocr_line' id='line_1_40' title="bbox 85 3741 1724 3816; baseline -0.002 -19"><span class='ocrx_word' id='word_1_508' title='bbox 85 3743 153 3812; x_wconf 87' lang='lat' dir='ltr'><strong>ibus,</strong></span> <span class='ocrx_word' id='word_1_509' title='bbox 169 3751 199 3798; x_wconf 91' lang='lat' dir='ltr'><strong>et</strong></span> <span class='ocrx_word' id='word_1_510' title='bbox 214 3746 298 3800; x_wconf 89' lang='lat' dir='ltr'><strong>dente</strong></span> <span class='ocrx_word' id='word_1_511' title='bbox 313 3746 410 3801; x_wconf 89' lang='lat' dir='ltr'><strong>ravido</strong></span> <span class='ocrx_word' id='word_1_512' title='bbox 426 3746 518 3801; x_wconf 92' lang='lat' dir='ltr'><strong>nostri</strong></span> <span class='ocrx_word' id='word_1_513' title='bbox 534 3746 728 3810; x_wconf 88' lang='lat' dir='ltr'><strong>immemores,</strong></span> <span class='ocrx_word' id='word_1_514' title='bbox 745 3744 823 3816; x_wconf 89' lang='lat' dir='ltr'><strong>quie·</strong></span> <span class='ocrx_word' id='word_1_515' title='bbox 876 3761 1021 3801; x_wconf 87' lang='lat' dir='ltr'><strong>coruscam</strong></span> <span class='ocrx_word' id='word_1_516' title='bbox 1041 3760 1142 3815; x_wconf 78' lang='lat' dir='ltr'><strong>prose,</strong></span> <span class='ocrx_word' id='word_1_517' title='bbox 1172 3744 1221 3798; x_wconf 90' lang='lat' dir='ltr'><strong>sed</strong></span> <span class='ocrx_word' id='word_1_518' title='bbox 1242 3744 1337 3814; x_wconf 87' lang='lat' dir='ltr'><strong>operis</strong></span> <span class='ocrx_word' id='word_1_519' title='bbox 1359 3742 1445 3797; x_wconf 82' lang='lat' dir='ltr'><strong>tinem</strong></span> <span class='ocrx_word' id='word_1_520' title='bbox 1469 3741 1602 3796; x_wconf 89' lang='lat' dir='ltr'><strong>intendit.</strong></span> <span class='ocrx_word' id='word_1_521' title='bbox 1630 3743 1724 3810; x_wconf 75' lang='lat' dir='ltr'><strong>Agant</strong></span> 
     </span>
     <span class='ocr_line' id='line_1_41' title="bbox 94 3830 1721 3907; baseline -0.003 -21"><span class='ocrx_word' id='word_1_522' title='bbox 94 3831 155 3904; x_wconf 81' lang='lat' dir='ltr'><strong>jem</strong></span> <span class='ocrx_word' id='word_1_523' title='bbox 170 3834 301 3888; x_wconf 85' lang='lat' dir='ltr'><strong>laetantes</strong></span> <span class='ocrx_word' id='word_1_524' title='bbox 316 3840 433 3902; x_wconf 83' lang='lat' dir='ltr'><strong>veterna,</strong></span> <span class='ocrx_word' id='word_1_525' title='bbox 457 3841 486 3890; x_wconf 91' lang='lat' dir='ltr'><strong>et</strong></span> <span class='ocrx_word' id='word_1_526' title='bbox 500 3836 562 3907; x_wconf 86' lang='lat' dir='ltr'><strong>regi</strong></span> <span class='ocrx_word' id='word_1_527' title='bbox 578 3852 630 3889; x_wconf 91' lang='lat' dir='ltr'><strong>suo</strong></span> <span class='ocrx_word' id='word_1_528' title='bbox 646 3835 718 3889; x_wconf 87' lang='lat' dir='ltr'><strong>facie</strong></span> <span class='ocrx_word' id='word_1_529' title='bbox 739 3839 823 3890; x_wconf 91' lang='lat' dir='ltr'><strong>lenus</strong></span> <span class='ocrx_word' id='word_1_530' title='bbox 875 3838 1040 3890; x_wconf 87' lang='lat' dir='ltr'><strong>eructuosas</strong></span> <span class='ocrx_word' id='word_1_531' title='bbox 1075 3833 1249 3903; x_wconf 73' lang='lat' dir='ltr'><strong>questiones</strong></span> <span class='ocrx_word' id='word_1_532' title='bbox 1285 3831 1462 3903; x_wconf 91' lang='lat' dir='ltr'><strong>philosophi,</strong></span> <span class='ocrx_word' id='word_1_533' title='bbox 1494 3837 1522 3885; x_wconf 91' lang='lat' dir='ltr'><strong>et</strong></span> <span class='ocrx_word' id='word_1_534' title='bbox 1556 3830 1721 3893; x_wconf 81' lang='lat' dir='ltr'><strong>Donatistae,</strong></span> 
     </span>
     <span class='ocr_line' id='line_1_42' title="bbox 87 3918 1722 3994; baseline -0.002 -20"><span class='ocrx_word' id='word_1_535' title='bbox 87 3924 140 3980; x_wconf 85' lang='lat' dir='ltr'><strong>tes.</strong></span> <span class='ocrx_word' id='word_1_536' title='bbox 157 3921 293 3976; x_wconf 87' lang='lat' dir='ltr'><strong>belluinis</strong></span> <span class='ocrx_word' id='word_1_537' title='bbox 309 3924 452 3978; x_wconf 88' lang='lat' dir='ltr'><strong>morsibus</strong></span> <span class='ocrx_word' id='word_1_538' title='bbox 468 3939 526 3978; x_wconf 91' lang='lat' dir='ltr'><strong>non</strong></span> <span class='ocrx_word' id='word_1_539' title='bbox 542 3927 725 3994; x_wconf 85' lang='lat' dir='ltr'><strong>impetamus.</strong></span> <span class='ocrx_word' id='word_1_540' title='bbox 875 3922 958 3994; x_wconf 87' lang='lat' dir='ltr'><strong>genis</strong></span> <span class='ocrx_word' id='word_1_541' title='bbox 978 3922 1095 3993; x_wconf 92' lang='lat' dir='ltr'><strong>impuri,</strong></span> <span class='ocrx_word' id='word_1_542' title='bbox 1120 3923 1235 3988; x_wconf 87' lang='lat' dir='ltr'><strong>latratu,</strong></span> <span class='ocrx_word' id='word_1_543' title='bbox 1260 3935 1376 3987; x_wconf 89' lang='lat' dir='ltr'><strong>canum,</strong></span> <span class='ocrx_word' id='word_1_544' title='bbox 1401 3918 1539 3990; x_wconf 86' lang='lat' dir='ltr'><strong>grunnitu</strong></span> <span class='ocrx_word' id='word_1_545' title='bbox 1567 3932 1722 3988; x_wconf 90' lang='lat' dir='ltr'><strong>porcorum</strong></span> 
     </span>
     <span class='ocr_line' id='line_1_43' title="bbox 85 4005 1723 4082; baseline -0.005 -17"><span class='ocrx_word' id='word_1_546' title='bbox 85 4007 137 4065; x_wconf 76' lang='lat' dir='ltr'><strong>sea</strong></span> <span class='ocrx_word' id='word_1_547' title='bbox 164 4009 188 4063; x_wconf 88' lang='lat' dir='ltr'><strong>si</strong></span> <span class='ocrx_word' id='word_1_548' title='bbox 215 4009 300 4065; x_wconf 83' lang='lat' dir='ltr'><strong>tidem</strong></span> <span class='ocrx_word' id='word_1_549' title='bbox 327 4011 441 4066; x_wconf 87' lang='lat' dir='ltr'><strong>Domini</strong></span> <span class='ocrx_word' id='word_1_550' title='bbox 462 4012 534 4066; x_wconf 90' lang='lat' dir='ltr'><strong>sicut</strong></span> <span class='ocrx_word' id='word_1_551' title='bbox 556 4012 676 4082; x_wconf 89' lang='lat' dir='ltr'><strong>dignum</strong></span> <span class='ocrx_word' id='word_1_552' title='bbox 700 4016 822 4065; x_wconf 92' lang='lat' dir='ltr'><strong>estnon</strong></span> <span class='ocrx_word' id='word_1_553' title='bbox 875 4012 956 4067; x_wconf 89' lang='lat' dir='ltr'><strong>fauce</strong></span> <span class='ocrx_word' id='word_1_554' title='bbox 984 4026 1057 4076; x_wconf 85' lang='lat' dir='ltr'><strong>rasa,</strong></span> <span class='ocrx_word' id='word_1_555' title='bbox 1087 4015 1116 4064; x_wconf 89' lang='lat' dir='ltr'><strong>et</strong></span> <span class='ocrx_word' id='word_1_556' title='bbox 1139 4008 1273 4064; x_wconf 90' lang='lat' dir='ltr'><strong>dentibus</strong></span> <span class='ocrx_word' id='word_1_557' title='bbox 1301 4007 1464 4074; x_wconf 87' lang='lat' dir='ltr'><strong>stridentes,</strong></span> <span class='ocrx_word' id='word_1_558' title='bbox 1487 4006 1575 4060; x_wconf 91' lang='lat' dir='ltr'><strong>saliva</strong></span> <span class='ocrx_word' id='word_1_559' title='bbox 1594 4005 1723 4076; x_wconf 91' lang='lat' dir='ltr'><strong>spumosi</strong></span> 
     </span>
     <span class='ocr_line' id='line_1_44' title="bbox 85 4093 1719 4171; baseline -0.004 -21"><span class='ocrx_word' id='word_1_560' title='bbox 85 4111 176 4163; x_wconf 85' lang='lat' dir='ltr'><strong>smus,</strong></span> <span class='ocrx_word' id='word_1_561' title='bbox 214 4099 309 4152; x_wconf 85' lang='lat' dir='ltr'><strong>saltim</strong></span> <span class='ocrx_word' id='word_1_562' title='bbox 346 4099 455 4154; x_wconf 89' lang='lat' dir='ltr'><strong>occulte</strong></span> <span class='ocrx_word' id='word_1_563' title='bbox 491 4101 679 4171; x_wconf 76' lang='lat' dir='ltr'><strong>predicantes</strong></span> <span class='ocrx_word' id='word_1_564' title='bbox 710 4100 822 4154; x_wconf 78' lang='lat' dir='ltr'><strong>dextras</strong></span> <span class='ocrx_word' id='word_1_565' title='bbox 874 4098 1054 4170; x_wconf 88' lang='lat' dir='ltr'><strong>grammatici</strong></span> <span class='ocrx_word' id='word_1_566' title='bbox 1092 4101 1212 4152; x_wconf 91' lang='lat' dir='ltr'><strong>ructent.</strong></span> <span class='ocrx_word' id='word_1_567' title='bbox 1253 4097 1308 4150; x_wconf 87' lang='lat' dir='ltr'><strong>Nos</strong></span> <span class='ocrx_word' id='word_1_568' title='bbox 1338 4111 1404 4149; x_wconf 86' lang='lat' dir='ltr'><strong>vero</strong></span> <span class='ocrx_word' id='word_1_569' title='bbox 1439 4093 1598 4165; x_wconf 89' lang='lat' dir='ltr'><strong>evangelici</strong></span> <span class='ocrx_word' id='word_1_570' title='bbox 1636 4093 1719 4159; x_wconf 91' lang='lat' dir='ltr'><strong>servi,</strong></span> 
     </span>
     <span class='ocr_line' id='line_1_45' title="bbox 88 4178 1722 4257; baseline -0.006 -17"><span class='ocrx_word' id='word_1_571' title='bbox 88 4183 200 4240; x_wconf 90' lang='lat' dir='ltr'><strong>demus.</strong></span> <span class='ocrx_word' id='word_1_572' title='bbox 222 4186 366 4257; x_wconf 83' lang='lat' dir='ltr'><strong>Rogantes</strong></span> <span class='ocrx_word' id='word_1_573' title='bbox 385 4188 640 4242; x_wconf 88' lang='lat' dir='ltr'><strong>clementissimum</strong></span> <span class='ocrx_word' id='word_1_574' title='bbox 665 4185 821 4243; x_wconf 89' lang='lat' dir='ltr'><strong>Dominum</strong></span> <span class='ocrx_word' id='word_1_575' title='bbox 877 4185 981 4243; x_wconf 86' lang='lat' dir='ltr'><strong>Christi</strong></span> <span class='ocrx_word' id='word_1_576' title='bbox 1009 4183 1153 4256; x_wconf 89' lang='lat' dir='ltr'><strong>discipuli,</strong></span> <span class='ocrx_word' id='word_1_577' title='bbox 1183 4182 1393 4237; x_wconf 88' lang='lat' dir='ltr'><strong>rusticanorum</strong></span> <span class='ocrx_word' id='word_1_578' title='bbox 1426 4179 1587 4251; x_wconf 87' lang='lat' dir='ltr'><strong>sequipedi,</strong></span> <span class='ocrx_word' id='word_1_579' title='bbox 1617 4178 1722 4250; x_wconf 90' lang='lat' dir='ltr'><strong>quibus</strong></span> 
     </span>
     <span class='ocr_line' id='line_1_46' title="bbox 86 4261 1723 4347; baseline -0.006 -18"><span class='ocrx_word' id='word_1_580' title='bbox 86 4273 290 4329; x_wconf 71' lang='lat' dir='ltr'><strong>devenientem</strong></span> <span class='ocrx_word' id='word_1_581' title='bbox 307 4275 541 4347; x_wconf 89' lang='lat' dir='ltr'><strong>delinquentibus</strong></span> <span class='ocrx_word' id='word_1_582' title='bbox 552 4277 649 4330; x_wconf 85' lang='lat' dir='ltr'><strong>lesum</strong></span> <span class='ocrx_word' id='word_1_583' title='bbox 664 4275 819 4339; x_wconf 87' lang='lat' dir='ltr'><strong>Christum,</strong></span> <span class='ocrx_word' id='word_1_584' title='bbox 840 4261 1069 4345; x_wconf 79' lang='lat' dir='ltr'><strong>Dinjunguntur</strong></span> <span class='ocrx_word' id='word_1_585' title='bbox 1092 4275 1188 4344; x_wconf 88' lang='lat' dir='ltr'><strong>plena,</strong></span> <span class='ocrx_word' id='word_1_586' title='bbox 1218 4271 1321 4343; x_wconf 89' lang='lat' dir='ltr'><strong>quibus</strong></span> <span class='ocrx_word' id='word_1_587' title='bbox 1345 4269 1553 4341; x_wconf 77' lang='lat' dir='ltr'><strong>praecipiuntur</strong></span> <span class='ocrx_word' id='word_1_588' title='bbox 1573 4266 1669 4335; x_wconf 83' lang='lat' dir='ltr'><strong>fortia,</strong></span> <span class='ocrx_word' id='word_1_589' title='bbox 1695 4271 1723 4319; x_wconf 90' lang='lat' dir='ltr'><strong>et</strong></span> 
     </span>
     <span class='ocr_line' id='line_1_47' title="bbox 102 4353 1721 4429; baseline -0.006 -12"><span class='ocrx_word' id='word_1_590' title='bbox 102 4367 244 4418; x_wconf 88' lang='lat' dir='ltr'><strong>retroacta</strong></span> <span class='ocrx_word' id='word_1_591' title='bbox 270 4368 299 4419; x_wconf 91' lang='lat' dir='ltr'><strong>et</strong></span> <span class='ocrx_word' id='word_1_592' title='bbox 314 4381 390 4419; x_wconf 92' lang='lat' dir='ltr'><strong>nunc</strong></span> <span class='ocrx_word' id='word_1_593' title='bbox 409 4367 552 4420; x_wconf 89' lang='lat' dir='ltr'><strong>multoties</strong></span> <span class='ocrx_word' id='word_1_594' title='bbox 574 4367 713 4419; x_wconf 88' lang='lat' dir='ltr'><strong>intentala</strong></span> <span class='ocrx_word' id='word_1_595' title='bbox 726 4362 822 4416; x_wconf 91' lang='lat' dir='ltr'><strong>indul·</strong></span> <span class='ocrx_word' id='word_1_596' title='bbox 877 4380 936 4419; x_wconf 92' lang='lat' dir='ltr'><strong>non</strong></span> <span class='ocrx_word' id='word_1_597' title='bbox 951 4378 1029 4429; x_wconf 87' lang='lat' dir='ltr'><strong>cava,</strong></span> <span class='ocrx_word' id='word_1_598' title='bbox 1048 4362 1131 4425; x_wconf 89' lang='lat' dir='ltr'><strong>levia,</strong></span> <span class='ocrx_word' id='word_1_599' title='bbox 1149 4365 1177 4415; x_wconf 90' lang='lat' dir='ltr'><strong>et</strong></span> <span class='ocrx_word' id='word_1_600' title='bbox 1192 4359 1301 4428; x_wconf 83' lang='lat' dir='ltr'><strong>inflata,</strong></span> <span class='ocrx_word' id='word_1_601' title='bbox 1319 4358 1367 4412; x_wconf 89' lang='lat' dir='ltr'><strong>sed</strong></span> <span class='ocrx_word' id='word_1_602' title='bbox 1382 4358 1611 4412; x_wconf 87' lang='lat' dir='ltr'><strong>holocautomata</strong></span> <span class='ocrx_word' id='word_1_603' title='bbox 1625 4353 1721 4426; x_wconf 87' lang='lat' dir='ltr'><strong>injun-</strong></span> 
     </span>
     <span class='ocr_line' id='line_1_48' title="bbox 85 4446 1721 4522; baseline -0.006 -17"><span class='ocrx_word' id='word_1_604' title='bbox 85 4465 113 4505; x_wconf 84' lang='lat' dir='ltr'><strong>te</strong></span> <span class='ocrx_word' id='word_1_605' title='bbox 135 4466 172 4506; x_wconf 89' lang='lat' dir='ltr'><strong>ne</strong></span> <span class='ocrx_word' id='word_1_606' title='bbox 197 4450 331 4522; x_wconf 91' lang='lat' dir='ltr'><strong>deinceps</strong></span> <span class='ocrx_word' id='word_1_607' title='bbox 353 4467 481 4522; x_wconf 80' lang='lat' dir='ltr'><strong>praeceps</strong></span> <span class='ocrx_word' id='word_1_608' title='bbox 501 4452 573 4506; x_wconf 85' lang='lat' dir='ltr'><strong>actio</strong></span> <span class='ocrx_word' id='word_1_609' title='bbox 596 4457 729 4506; x_wconf 90' lang='lat' dir='ltr'><strong>consuete</strong></span> <span class='ocrx_word' id='word_1_610' title='bbox 754 4467 821 4521; x_wconf 87' lang='lat' dir='ltr'><strong>pro·</strong></span> <span class='ocrx_word' id='word_1_611' title='bbox 877 4458 922 4508; x_wconf 91' lang='lat' dir='ltr'><strong>cta</strong></span> <span class='ocrx_word' id='word_1_612' title='bbox 950 4455 1017 4506; x_wconf 88' lang='lat' dir='ltr'><strong>sunt</strong></span> <span class='ocrx_word' id='word_1_613' title='bbox 1042 4449 1202 4515; x_wconf 88' lang='lat' dir='ltr'><strong>medulata;</strong></span> <span class='ocrx_word' id='word_1_614' title='bbox 1240 4452 1383 4502; x_wconf 90' lang='lat' dir='ltr'><strong>sectemur</strong></span> <span class='ocrx_word' id='word_1_615' title='bbox 1410 4446 1510 4509; x_wconf 86' lang='lat' dir='ltr'><strong>solida,</strong></span> <span class='ocrx_word' id='word_1_616' title='bbox 1547 4449 1576 4499; x_wconf 91' lang='lat' dir='ltr'><strong>et</strong></span> <span class='ocrx_word' id='word_1_617' title='bbox 1606 4448 1721 4497; x_wconf 83' lang='lat' dir='ltr'><strong>senten-</strong></span> 
     </span>
     <span class='ocr_line' id='line_1_49' title="bbox 85 4532 1723 4608; baseline -0.005 -16"><span class='ocrx_word' id='word_1_618' title='bbox 85 4537 168 4606; x_wconf 77' lang='lat' dir='ltr'><strong>tsdat,</strong></span> <span class='ocrx_word' id='word_1_619' title='bbox 193 4553 244 4591; x_wconf 88' lang='lat' dir='ltr'><strong>sua</strong></span> <span class='ocrx_word' id='word_1_620' title='bbox 263 4537 367 4592; x_wconf 91' lang='lat' dir='ltr'><strong>invicta</strong></span> <span class='ocrx_word' id='word_1_621' title='bbox 380 4539 563 4593; x_wconf 85' lang='lat' dir='ltr'><strong>intirmorum</strong></span> <span class='ocrx_word' id='word_1_622' title='bbox 586 4539 673 4592; x_wconf 87' lang='lat' dir='ltr'><strong>corda</strong></span> <span class='ocrx_word' id='word_1_623' title='bbox 694 4537 823 4608; x_wconf 90' lang='lat' dir='ltr'><strong>polentia</strong></span> <span class='ocrx_word' id='word_1_624' title='bbox 877 4541 983 4595; x_wconf 84' lang='lat' dir='ltr'><strong>tiorum</strong></span> <span class='ocrx_word' id='word_1_625' title='bbox 1007 4537 1159 4592; x_wconf 81' lang='lat' dir='ltr'><strong>vivacitate</strong></span> <span class='ocrx_word' id='word_1_626' title='bbox 1180 4537 1341 4608; x_wconf 89' lang='lat' dir='ltr'><strong>perspicua,</strong></span> <span class='ocrx_word' id='word_1_627' title='bbox 1359 4550 1427 4602; x_wconf 92' lang='lat' dir='ltr'><strong>non,</strong></span> <span class='ocrx_word' id='word_1_628' title='bbox 1444 4533 1519 4605; x_wconf 91' lang='lat' dir='ltr'><strong>quod</strong></span> <span class='ocrx_word' id='word_1_629' title='bbox 1534 4532 1619 4600; x_wconf 89' lang='lat' dir='ltr'><strong>absit,</strong></span> <span class='ocrx_word' id='word_1_630' title='bbox 1634 4547 1723 4584; x_wconf 88' lang='lat' dir='ltr'><strong>vacua</strong></span> 
     </span>
     <span class='ocr_line' id='line_1_50' title="bbox 104 4622 1722 4698; baseline -0.005 -17"><span class='ocrx_word' id='word_1_631' title='bbox 104 4625 169 4681; x_wconf 77' lang='lat' dir='ltr'><strong>llaec</strong></span> <span class='ocrx_word' id='word_1_632' title='bbox 188 4625 367 4680; x_wconf 90' lang='lat' dir='ltr'><strong>nostrisuon</strong></span> <span class='ocrx_word' id='word_1_633' title='bbox 387 4627 532 4692; x_wconf 84' lang='lat' dir='ltr'><strong>malivole,</strong></span> <span class='ocrx_word' id='word_1_634' title='bbox 548 4627 595 4682; x_wconf 90' lang='lat' dir='ltr'><strong>sed</strong></span> <span class='ocrx_word' id='word_1_635' title='bbox 613 4626 729 4698; x_wconf 87' lang='lat' dir='ltr'><strong>pacilice</strong></span> <span class='ocrx_word' id='word_1_636' title='bbox 750 4627 821 4682; x_wconf 89' lang='lat' dir='ltr'><strong>dixi·</strong></span> <span class='ocrx_word' id='word_1_637' title='bbox 877 4637 906 4684; x_wconf 87' lang='lat' dir='ltr'><strong>el</strong></span> <span class='ocrx_word' id='word_1_638' title='bbox 933 4628 1032 4684; x_wconf 87' lang='lat' dir='ltr'><strong>lethali</strong></span> <span class='ocrx_word' id='word_1_639' title='bbox 1059 4632 1140 4697; x_wconf 88' lang='lat' dir='ltr'><strong>peste</strong></span> <span class='ocrx_word' id='word_1_640' title='bbox 1167 4626 1323 4696; x_wconf 88' lang='lat' dir='ltr'><strong>turgentia,</strong></span> <span class='ocrx_word' id='word_1_641' title='bbox 1353 4631 1440 4696; x_wconf 90' lang='lat' dir='ltr'><strong>alque</strong></span> <span class='ocrx_word' id='word_1_642' title='bbox 1469 4622 1560 4678; x_wconf 88' lang='lat' dir='ltr'><strong>laudis</strong></span> <span class='ocrx_word' id='word_1_643' title='bbox 1588 4623 1722 4676; x_wconf 82' lang='lat' dir='ltr'><strong>hnmanae</strong></span> 
     </span>
     <span class='ocr_line' id='line_1_51' title="bbox 86 4711 1721 4788; baseline -0.004 -19"><span class='ocrx_word' id='word_1_644' title='bbox 86 4713 215 4769; x_wconf 75' lang='lat' dir='ltr'><strong>adversis</strong></span> <span class='ocrx_word' id='word_1_645' title='bbox 240 4730 307 4768; x_wconf 89' lang='lat' dir='ltr'><strong>vcro</strong></span> <span class='ocrx_word' id='word_1_646' title='bbox 337 4719 501 4770; x_wconf 87' lang='lat' dir='ltr'><strong>constanter</strong></span> <span class='ocrx_word' id='word_1_647' title='bbox 524 4718 658 4782; x_wconf 80' lang='lat' dir='ltr'><strong>ateleto,</strong></span> <span class='ocrx_word' id='word_1_648' title='bbox 683 4716 822 4771; x_wconf 89' lang='lat' dir='ltr'><strong>catholica</strong></span> <span class='ocrx_word' id='word_1_649' title='bbox 876 4720 953 4775; x_wconf 87' lang='lat' dir='ltr'><strong>ultro</strong></span> <span class='ocrx_word' id='word_1_650' title='bbox 969 4717 1100 4788; x_wconf 90' lang='lat' dir='ltr'><strong>citroque</strong></span> <span class='ocrx_word' id='word_1_651' title='bbox 1121 4714 1243 4781; x_wconf 82' lang='lat' dir='ltr'><strong>fumosa,</strong></span> <span class='ocrx_word' id='word_1_652' title='bbox 1258 4730 1323 4786; x_wconf 80' lang='lat' dir='ltr'><strong>quae</strong></span> <span class='ocrx_word' id='word_1_653' title='bbox 1339 4713 1431 4785; x_wconf 86' lang='lat' dir='ltr'><strong>magis</strong></span> <span class='ocrx_word' id='word_1_654' title='bbox 1446 4717 1572 4767; x_wconf 90' lang='lat' dir='ltr'><strong>mentem</strong></span> <span class='ocrx_word' id='word_1_655' title='bbox 1597 4711 1721 4765; x_wconf 88' lang='lat' dir='ltr'><strong>auctoris</strong></span> 
     </span>
     <span class='ocr_line' id='line_1_52' title="bbox 85 4798 1722 4876; baseline -0.004 -19"><span class='ocrx_word' id='word_1_656' title='bbox 85 4801 228 4874; x_wconf 89' lang='lat' dir='ltr'><strong>tjnnctum</strong></span> <span class='ocrx_word' id='word_1_657' title='bbox 243 4808 286 4857; x_wconf 91' lang='lat' dir='ltr'><strong>est</strong></span> <span class='ocrx_word' id='word_1_658' title='bbox 310 4803 439 4858; x_wconf 86' lang='lat' dir='ltr'><strong>Ecclesiae</strong></span> <span class='ocrx_word' id='word_1_659' title='bbox 455 4803 532 4872; x_wconf 89' lang='lat' dir='ltr'><strong>tiliis,</strong></span> <span class='ocrx_word' id='word_1_660' title='bbox 558 4805 753 4876; x_wconf 88' lang='lat' dir='ltr'><strong>prompsimus</strong></span> <span class='ocrx_word' id='word_1_661' title='bbox 770 4821 777 4860; x_wconf 85' lang='lat' dir='ltr'><strong>t</strong></span> <span class='ocrx_word' id='word_1_662' title='bbox 794 4813 823 4862; x_wconf 90' lang='lat' dir='ltr'><strong>et</strong></span> <span class='ocrx_word' id='word_1_663' title='bbox 877 4805 1112 4861; x_wconf 85' lang='lat' dir='ltr'><strong>attrectantium</strong></span> <span class='ocrx_word' id='word_1_664' title='bbox 1140 4806 1275 4871; x_wconf 88' lang='lat' dir='ltr'><strong>macerat,</strong></span> <span class='ocrx_word' id='word_1_665' title='bbox 1310 4818 1397 4874; x_wconf 90' lang='lat' dir='ltr'><strong>quam</strong></span> <span class='ocrx_word' id='word_1_666' title='bbox 1425 4806 1534 4857; x_wconf 84' lang='lat' dir='ltr'><strong>textum</strong></span> <span class='ocrx_word' id='word_1_667' title='bbox 1568 4798 1722 4871; x_wconf 90' lang='lat' dir='ltr'><strong>aperiendo</strong></span> 
     </span>
    </p>
   </div>
   <div class='ocr_carea' id='block_1_5' title="bbox 85 4885 1809 4963">
    <p class='ocr_par' dir='ltr' id='par_1_6' title="bbox 85 4885 1809 4963">
     <span class='ocr_line' id='line_1_53' title="bbox 85 4885 1809 4963; baseline -0.005 -16"><span class='ocrx_word' id='word_1_668' title='bbox 85 4891 122 4948; x_wconf 89' lang='lat' dir='ltr'><strong>lte</strong></span> <span class='ocrx_word' id='word_1_669' title='bbox 142 4891 340 4963; x_wconf 76' lang='lat' dir='ltr'><strong>eloquioque</strong></span> <span class='ocrx_word' id='word_1_670' title='bbox 361 4894 770 4963; x_wconf 83' lang='lat' dir='ltr'><strong>suntnostraevisainscitiae,</strong></span> <span class='ocrx_word' id='word_1_671' title='bbox 792 4898 824 4949; x_wconf 88' lang='lat' dir='ltr'><strong>nt</strong></span> <span class='ocrx_word' id='word_1_672' title='bbox 877 4893 1006 4950; x_wconf 90' lang='lat' dir='ltr'><strong>lectionis</strong></span> <span class='ocrx_word' id='word_1_673' title='bbox 1046 4893 1160 4947; x_wconf 88' lang='lat' dir='ltr'><strong>animos</strong></span> <span class='ocrx_word' id='word_1_674' title='bbox 1192 4891 1261 4946; x_wconf 76' lang='lat' dir='ltr'><strong>lece</strong></span> <span class='ocrx_word' id='word_1_675' title='bbox 1298 4896 1437 4946; x_wconf 88' lang='lat' dir='ltr'><strong>conturna</strong></span> <span class='ocrx_word' id='word_1_676' title='bbox 1460 4917 1467 4961; x_wconf 55' lang='grc' dir='ltr'>Ι</span> <span class='ocrx_word' id='word_1_677' title='bbox 1494 4889 1614 4944; x_wconf 86' lang='lat' dir='ltr'><strong>iniectos</strong></span> <span class='ocrx_word' id='word_1_678' title='bbox 1646 4885 1721 4941; x_wconf 92' lang='lat' dir='ltr'><strong>inlu·</strong></span> <span class='ocrx_word' id='word_1_679' title='bbox 1806 4934 1809 4938; x_wconf 90' lang='lat'>.</span> 
     </span>
    </p>
   </div>
   <div class='ocr_carea' id='block_1_6' title="bbox 85 5059 1219 5343">
    <p class='ocr_par' dir='ltr' id='par_1_7' title="bbox 85 5059 1107 5141">
     <span class='ocr_line' id='line_1_54' title="bbox 85 5059 1107 5141; baseline -0.002 -28"><span class='ocrx_word' id='word_1_680' title='bbox 85 5076 139 5141; x_wconf 68' lang='lat' dir='ltr'><strong>po,</strong></span> <span class='ocrx_word' id='word_1_681' title='bbox 151 5076 218 5131; x_wconf 88' lang='lat' dir='ltr'><strong>pag.</strong></span> <span class='ocrx_word' id='word_1_682' title='bbox 237 5063 297 5126; x_wconf 84' lang='lat' dir='ltr'><strong>too,</strong></span> <span class='ocrx_word' id='word_1_683' title='bbox 314 5063 404 5117; x_wconf 85' lang='lat' dir='ltr'><strong>lectas.</strong></span> <span class='ocrx_word' id='word_1_684' title='bbox 422 5062 452 5118; x_wconf 87' lang='lat' dir='ltr'><strong>F.</strong></span> <span class='ocrx_word' id='word_1_685' title='bbox 470 5063 550 5118; x_wconf 84' lang='lat' dir='ltr'><strong>lotos.</strong></span> <span class='ocrx_word' id='word_1_686' title='bbox 912 5062 997 5125; x_wconf 66' lang='lat' dir='ltr'><strong>alls..</strong></span> <span class='ocrx_word' id='word_1_687' title='bbox 1013 5059 1107 5115; x_wconf 85' lang='lat' dir='ltr'><strong>oculis.</strong></span> 
     </span>
    </p>

    <p class='ocr_par' dir='ltr' id='par_1_8' title="bbox 85 5131 1155 5276">
     <span class='ocr_line' id='line_1_55' title="bbox 85 5131 1155 5203; baseline -0.003 -18"><span class='ocrx_word' id='word_1_688' title='bbox 85 5147 142 5198; x_wconf 88' lang='lat' dir='ltr'><strong>tvo,</strong></span> <span class='ocrx_word' id='word_1_689' title='bbox 185 5148 251 5203; x_wconf 90' lang='lat' dir='ltr'><strong>pag.</strong></span> <span class='ocrx_word' id='word_1_690' title='bbox 292 5134 353 5197; x_wconf 78' lang='lat' dir='ltr'><strong>tol,</strong></span> <span class='ocrx_word' id='word_1_691' title='bbox 395 5133 579 5203; x_wconf 82' lang='lat' dir='ltr'><strong>praetermisit</strong></span> <span class='ocrx_word' id='word_1_692' title='bbox 619 5132 821 5189; x_wconf 84' lang='lat' dir='ltr'><strong>conlaudantes.</strong></span> <span class='ocrx_word' id='word_1_693' title='bbox 912 5133 999 5198; x_wconf 80' lang='lat' dir='ltr'><strong>¹Ms,</strong></span> <span class='ocrx_word' id='word_1_694' title='bbox 1014 5131 1155 5184; x_wconf 77' lang='lat' dir='ltr'><strong>catholico.</strong></span> 
     </span>
     <span class='ocr_line' id='line_1_56' title="bbox 96 5200 1135 5276; baseline -0.005 -18"><span class='ocrx_word' id='word_1_695' title='bbox 96 5207 194 5258; x_wconf 63' lang='lat' dir='ltr'><strong>umen</strong></span> <span class='ocrx_word' id='word_1_696' title='bbox 211 5207 263 5268; x_wconf 87' lang='lat' dir='ltr'><strong>est,</strong></span> <span class='ocrx_word' id='word_1_697' title='bbox 281 5219 331 5257; x_wconf 91' lang='lat' dir='ltr'><strong>eos</strong></span> <span class='ocrx_word' id='word_1_698' title='bbox 345 5204 478 5258; x_wconf 91' lang='lat' dir='ltr'><strong>adversos</strong></span> <span class='ocrx_word' id='word_1_699' title='bbox 494 5221 566 5274; x_wconf 88' lang='lat' dir='ltr'><strong>quos</strong></span> <span class='ocrx_word' id='word_1_700' title='bbox 583 5209 682 5258; x_wconf 91' lang='lat' dir='ltr'><strong>auctor</strong></span> <span class='ocrx_word' id='word_1_701' title='bbox 699 5204 823 5276; x_wconf 87' lang='lat' dir='ltr'><strong>insurgit</strong></span> <span class='ocrx_word' id='word_1_702' title='bbox 913 5217 928 5260; x_wconf 83' lang='lat' dir='ltr'><strong>s</strong></span> <span class='ocrx_word' id='word_1_703' title='bbox 943 5204 1002 5268; x_wconf 71' lang='lat' dir='ltr'><strong>lds,</strong></span> <span class='ocrx_word' id='word_1_704' title='bbox 1017 5200 1135 5270; x_wconf 82' lang='lat' dir='ltr'><strong>aliquid.</strong></span> 
     </span>
    </p>

    <p class='ocr_par' dir='ltr' id='par_1_9' title="bbox 85 5273 1219 5343">
     <span class='ocr_line' id='line_1_57' title="bbox 85 5273 1219 5343; baseline -0.003 -15"><span class='ocrx_word' id='word_1_705' title='bbox 85 5288 109 5327; x_wconf 85' lang='lat' dir='ltr'><strong>re</strong></span> <span class='ocrx_word' id='word_1_706' title='bbox 121 5275 192 5329; x_wconf 83' lang='lat' dir='ltr'><strong>alios</strong></span> <span class='ocrx_word' id='word_1_707' title='bbox 202 5276 251 5343; x_wconf 84' lang='lat' dir='ltr'><strong>qut</strong></span> <span class='ocrx_word' id='word_1_708' title='bbox 260 5275 395 5343; x_wconf 66' lang='lat' dir='ltr'><strong>homeres</strong></span> <span class='ocrx_word' id='word_1_709' title='bbox 408 5276 628 5330; x_wconf 74' lang='lat' dir='ltr'><strong>contendebant·</strong></span> <span class='ocrx_word' id='word_1_710' title='bbox 912 5277 926 5318; x_wconf 80' lang='lat' dir='ltr'><strong>h</strong></span> <span class='ocrx_word' id='word_1_711' title='bbox 942 5275 971 5328; x_wconf 81' lang='lat' dir='ltr'><strong>F.</strong></span> <span class='ocrx_word' id='word_1_712' title='bbox 987 5275 1062 5338; x_wconf 79' lang='lat' dir='ltr'><strong>rico,</strong></span> <span class='ocrx_word' id='word_1_713' title='bbox 1077 5273 1219 5326; x_wconf 74' lang='lat' dir='ltr'><strong>contentio.</strong></span> 
     </span>
    </p>
   </div>
   <div class='ocr_carea' id='block_1_7' title="bbox 85 5344 1719 5486">
    <p class='ocr_par' dir='ltr' id='par_1_10' title="bbox 85 5344 1719 5486">
     <span class='ocr_line' id='line_1_58' title="bbox 92 5344 1666 5420; baseline -0.003 -22"><span class='ocrx_word' id='word_1_714' title='bbox 92 5344 252 5399; x_wconf 76' lang='lat' dir='ltr'><strong>biothenato</strong></span> <span class='ocrx_word' id='word_1_715' title='bbox 275 5345 338 5400; x_wconf 92' lang='lat' dir='ltr'><strong>vide</strong></span> <span class='ocrx_word' id='word_1_716' title='bbox 351 5351 431 5400; x_wconf 89' lang='lat' dir='ltr'><strong>tomo</strong></span> <span class='ocrx_word' id='word_1_717' title='bbox 445 5346 477 5413; x_wconf 89' lang='lat' dir='ltr'><strong>ll,</strong></span> <span class='ocrx_word' id='word_1_718' title='bbox 490 5351 571 5402; x_wconf 88' lang='lat' dir='ltr'><strong>tract.</strong></span> <span class='ocrx_word' id='word_1_719' title='bbox 588 5362 683 5413; x_wconf 84' lang='lat' dir='ltr'><strong>rrrvu,</strong></span> <span class='ocrx_word' id='word_1_720' title='bbox 704 5361 767 5418; x_wconf 87' lang='lat' dir='ltr'><strong>cap.</strong></span> <span class='ocrx_word' id='word_1_721' title='bbox 794 5349 822 5413; x_wconf 86' lang='lat'><strong>8,</strong></span> <span class='ocrx_word' id='word_1_722' title='bbox 912 5344 1331 5413; x_wconf 77' lang='lat' dir='ltr'><strong>¹lds.,doqmoteneplepcntur.</strong></span> <span class='ocrx_word' id='word_1_723' title='bbox 1451 5408 1518 5420; x_wconf 29' lang='lat'><strong>&#39;¹</strong></span> <span class='ocrx_word' id='word_1_724' title='bbox 1630 5407 1666 5418; x_wconf 42' lang='grc' dir='ltr'>Η</span> 
     </span>
     <span class='ocr_line' id='line_1_59' title="bbox 85 5411 1719 5486; baseline -0.004 -18"><span class='ocrx_word' id='word_1_725' title='bbox 85 5419 101 5468; x_wconf 89' lang='lat' dir='ltr'><strong>t.</strong></span> <span class='ocrx_word' id='word_1_726' title='bbox 915 5443 922 5486; x_wconf 90' lang='lat' dir='ltr'><strong>t</strong></span> <span class='ocrx_word' id='word_1_727' title='bbox 943 5416 1094 5473; x_wconf 68' lang='lat' dir='ltr'><strong>cosumus</strong></span> <span class='ocrx_word' id='word_1_728' title='bbox 1114 5430 1167 5485; x_wconf 90' lang='lat' dir='ltr'><strong>pro</strong></span> <span class='ocrx_word' id='word_1_729' title='bbox 1182 5413 1268 5481; x_wconf 85' lang='lat' dir='ltr'><strong>llexu,</strong></span> <span class='ocrx_word' id='word_1_730' title='bbox 1293 5411 1414 5480; x_wconf 83' lang='lat' dir='ltr'><strong>detlexn,</strong></span> <span class='ocrx_word' id='word_1_731' title='bbox 1434 5411 1719 5479; x_wconf 87' lang='lat' dir='ltr'><strong>ctrcurtu,acc1pttur</strong></span> 
     </span>
    </p>
   </div>
   <div class='ocr_carea' id='block_1_8' title="bbox 85 5485 1265 5567">
    <p class='ocr_par' dir='ltr' id='par_1_11' title="bbox 85 5485 1265 5567">
     <span class='ocr_line' id='line_1_60' title="bbox 85 5485 1265 5567; baseline -0.014 -13"><span class='ocrx_word' id='word_1_732' title='bbox 85 5525 104 5554; x_wconf 64' lang='lat' dir='ltr'><strong>a</strong></span> <span class='ocrx_word' id='word_1_733' title='bbox 115 5499 187 5540; x_wconf 64' lang='lat'><em>”⁶7⁰-</em></span> <span class='ocrx_word' id='word_1_734' title='bbox 878 5487 1052 5559; x_wconf 89' lang='lat' dir='ltr'><strong>quandoque</strong></span> <span class='ocrx_word' id='word_1_735' title='bbox 1067 5485 1143 5556; x_wconf 90' lang='lat' dir='ltr'><strong>apud</strong></span> <span class='ocrx_word' id='word_1_736' title='bbox 1159 5485 1265 5567; x_wconf 83' lang='lat' dir='ltr'><strong>Gange.</strong></span> 
     </span>
    </p>
   </div>
   <div class='ocr_carea' id='block_1_9' title="bbox 0 0 1970 6098">
    <p class='ocr_par' dir='ltr' id='par_1_12' title="bbox 0 0 1970 6098">
     <span class='ocr_line' id='line_1_61' title="bbox 0 0 1970 6098; baseline 0 0"><span class='ocrx_word' id='word_1_737' title='bbox 0 0 1970 6098; x_wconf 95' lang='lat' dir='ltr'><strong> </strong></span> 
     </span>
    </p>
   </div>
  </div>
 </body>
</html>
