3930 6098
551 272 667 331 santio
688 273 734 330 ut:
754 271 854 328 atur.
872 270 973 329 CORP.
995 274 1022 328 S.
1039 273 1185 329 tabunt.
1702 278 1755 333 est

85 430 88 460 t
102 407 267 463 elevationis
280 408 357 462 illius
372 408 552 475 imminebat,
569 426 632 481 quae
648 410 744 464 minus
763 409 850 480 digno
869 407 1019 464 Acoelitus
1033 409 1109 482 ignis
1123 411 1245 465 candore
1266 411 1372 482 reperit
1389 410 1557 466 radiantem.
1574 412 1663 476 Quem
1685 414 1753 467 dum

85 497 165 552 tionis
180 496 272 551 studio
288 497 423 551 solemnis
446 497 582 552 exstabat.
608 498 755 569 Siquidem
779 513 851 568 quo·
909 498 943 552 ab
961 498 1024 553 aliis
1044 499 1168 553 aestimat
1190 499 1396 564 illuminatum,
1421 500 1522 554 iterato
1547 500 1637 555 credit
1656 500 1756 554 exstin-

85 585 122 639 tis
146 585 247 639 diebus
269 590 405 639 consueto
428 590 562 639 contenta
585 587 679 640 oistcio
702 587 783 640 nullo
809 586 852 640 i·
908 586 1065 658 guendum.
1090 587 1134 642 Sic
1153 588 1303 658 asingulis
1318 588 1441 642 vicissim
1466 589 1681 644 succedentibus
1696 594 1753 643 ter·

90 672 268 728 honorabilis
283 678 344 726 erat
366 673 503 743 obsequio
521 689 527 727 :
543 689 631 743 quam
646 674 853 744 negligentiam
907 675 948 729 tio
972 675 1140 741 exstinctus,
1160 676 1244 729 tertio
1270 675 1458 730 nihilominus
1486 677 1620 747 apparuit
1646 676 1752 732 coelesti

85 778 101 815 o
127 767 284 815 correctam
304 761 436 830 prodigio
461 762 592 830 sequenti
615 763 795 816 manifestius
818 762 851 815 ii·
907 763 975 830 igne
999 779 1147 818 coruscus.
1169 763 1228 827 Qua
1244 764 1279 816 de
1306 779 1335 816 rc
1359 780 1416 832 quo
1443 771 1591 834 supererat
1605 764 1635 817 in
1663 781 1753 819 unum

85 850 106 904 it
120 850 244 920 eloquio.
262 851 321 904 Non
339 850 427 914 euim,
444 855 474 902 ut
487 849 593 921 aliquid
608 851 694 904 eliam
715 851 744 904 in
760 856 852 904 trans·
908 850 1120 918 convenientes,
1136 868 1169 905 ac
1187 851 1294 920 singuli
1309 867 1338 904 se
1354 852 1487 905 eumdem
1502 852 1668 906 exstinxisse
1693 868 1754 907 me·

85 938 252 1004 tdicamus,
275 937 323 992 Dei
341 938 548 1008 omnipotentis
570 938 708 993 miracula
729 939 787 992 sive
802 955 854 1009 per
907 945 1062 1007 morantes,
1084 945 1112 995 et
1129 940 1290 1010 quiipsum
1318 939 1511 993 reaccenderit
1538 941 1752 1010 conquirentes,

85 1043 111 1093 tt,
125 1026 251 1098 siteper
266 1027 412 1080 ministros
427 1042 493 1080 suos
509 1031 580 1093 ueta,
597 1032 711 1081 tantum
726 1027 761 1080 ad
777 1032 853 1082 stre·
907 1029 947 1083 ita
966 1029 1100 1083 eumdem
1124 1030 1219 1082 denuo
1248 1027 1487 1097 exstinguendum
1512 1034 1691 1098 putaverunt,
1722 1034 1754 1083 ut

85 1131 99 1168 n
130 1123 160 1169 et
188 1117 321 1185 plausum
347 1114 530 1185 favoremque
562 1116 641 1185 vulgi
671 1116 851 1171 excitandum
907 1117 995 1172 etiam
1018 1117 1171 1170 carbonem
1187 1116 1237 1187 qui
1252 1132 1285 1169 ex
1303 1115 1352 1169 tilo
1375 1121 1552 1169 remanserat
1566 1117 1752 1171 entttnctoriis

85 1219 149 1257 mes
178 1209 305 1274 patrata3
335 1205 382 1256 scd
423 1203 459 1257 ad
487 1201 574 1258 fidem
611 1205 852 1259 corroborandam
907 1206 1004 1277 digitis
1033 1206 1204 1270 adimerent,
1230 1204 1351 1274 probare
1382 1205 1507 1257 volentes
1532 1209 1628 1257 utrum
1654 1221 1752 1260 rursus

85 1292 184 1347 tntintn
211 1292 475 1362 correctionemque
507 1291 669 1346 animarum
692 1293 851 1348 errantium
905 1294 1028 1364 repetito
1048 1293 1166 1347 luminis
1188 1293 1310 1346 candore
1336 1291 1476 1346 radiatilis
1500 1297 1660 1362 appareret.
1682 1294 1751 1346 Nec·

85 1380 129 1435 tin
143 1380 297 1452 terrigenis
318 1380 473 1433 monstrari
498 1395 585 1450 opera
605 1386 737 1435 tenemus
752 1381 850 1436 certis·
905 1383 973 1437 dum
989 1382 1098 1453 quippe
1111 1397 1171 1435 retn
1182 1381 1255 1435 tanti
1267 1381 1397 1435 miraculi
1409 1380 1532 1450 pleniter
1543 1381 1750 1451 agnoscebant:

85 1485 109 1523 m
126 1485 133 1523 :
151 1475 182 1523 ut
197 1471 265 1540 quia
280 1468 456 1541 quotidianis
471 1473 681 1539 praeceptorum
703 1485 850 1524 sacrorum
906 1471 1060 1542 quamdam
1081 1476 1177 1523 tumen
1202 1468 1298 1522 aniano
1323 1468 1545 1522 sollicitudinem
1561 1469 1664 1522 dehoc
1679 1469 1753 1523 iacto

85 1557 320 1611 mitionibusnon
345 1557 542 1621 emendamur,
567 1557 708 1627 portentis
732 1558 850 1628 quibus·
903 1560 963 1629 jam
991 1558 1163 1612 omnimodis
1189 1557 1349 1628 capiebant.
1368 1557 1429 1621 Qua
1456 1558 1490 1611 de
1517 1573 1548 1611 re
1572 1558 1640 1612 dum
1657 1559 1753 1628 ipsum

85 1646 167 1717 qnasi
183 1645 396 1700 stimulatorum
412 1646 519 1700 aculeis
532 1645 721 1716 corrigamur.
735 1649 769 1702 Et
783 1648 852 1718 quia
906 1662 1020 1701 cereum
1033 1651 1135 1718 quarto
1153 1661 1334 1700 reaccensum
1351 1644 1559 1715 conspicerent,
1589 1645 1751 1716 stupefacti,

100 1749 274 1805 generorum
288 1733 340 1787 Lot
358 1733 502 1800 obdurati,
519 1734 702 1803 ulperitnroe
718 1734 850 1790 Sodomae
869 1746 890 1800 Β
906 1735 965 1790 imo
989 1734 1145 1806 perterriti,
1173 1734 1251 1805 quod
1280 1732 1589 1805 quasitemerari0,ut
1616 1733 1753 1788 itadixe-

91 1821 424 1892 fugiendopraebaamus‚
434 1826 519 1893 atque
530 1821 701 1876 admoutcm
711 1822 850 1876 virtutum
904 1824 971 1893 rim,
991 1840 1062 1879 ausu
1077 1823 1170 1878 eidem
1186 1821 1319 1894 prodigio
1332 1821 1447 1876 obviare
1463 1822 1671 1893 exstinguendo
1684 1828 1750 1876 ten·

85 1908 191 1963 damus
206 1908 323 1963 obedire
336 1902 486 1975 nolumus;
501 1908 534 1962 tit
545 1914 577 1962 ut
592 1910 676 1964 nobis
686 1926 850 1966 sermonem
905 1913 1052 1979 tavissent,
1069 1912 1165 1983 ipsum
1188 1911 1274 1965 toties
1299 1910 1493 1963 evindicatum
1521 1925 1537 1962 a
1558 1910 1668 1964 lumina
1695 1909 1752 1980 ipsi

85 2013 132 2050 unt
143 1998 192 2068 qui
208 2013 259 2066 per
273 1997 324 2052 Lot
334 1997 487 2067 liguratur,
502 1997 584 2067 quasi
595 2014 647 2068 per
661 1999 760 2054 ludum
772 1999 851 2070 loqui
905 2005 1114 2056 concesserunt.
1132 1999 1207 2064 Quid
1231 1998 1351 2053 mulus?
1365 1997 1523 2069 permissus
1539 2002 1582 2052 cst
1605 1998 1667 2068 ejus
1690 2015 1751 2054 esse

86 2100 160 2150 mus,
183 2085 380 2157 terribiliaque
393 2091 538 2158 praecepta
560 2092 682 2142 mortem
697 2104 729 2142 ac
753 2089 851 2159 perdi·
901 2091 985 2161 J'uris,
1002 2090 1083 2160 cujus
1098 2088 1210 2142 virtutis
1235 2089 1382 2158 majestate
1392 2086 1479 2141 tantis
1495 2086 1604 2140 vicibus
1617 2087 1753 2158 apparuit

85 2189 111 2228 tn
137 2173 277 2228 minantia
291 2174 372 2244 juxta
392 2174 565 2245 prophetam
587 2175 618 2229 in
634 2175 777 2230 canticam
792 2175 850 2230 oris
904 2178 1087 2234 invincibilis.
1104 2177 1159 2232 Diu
1173 2177 1270 2248 itaque
1285 2191 1370 2247 super
1395 2176 1448 2231 hac
1464 2174 1607 2245 repentini
1625 2174 1751 2230 nouitate

85 2262 94 2315 i
110 2266 263 2316 vertamus·
906 2267 1037 2322 miraculi
1049 2266 1153 2337 gaudio
1169 2281 1282 2320 summo
1300 2263 1422 2326 attoniti,
1445 2263 1618 2334 tandemque
1645 2263 1751 2317 dormi·

85 2349 115 2403 id
130 2347 226 2420 itaque
250 2349 305 2403 isto
327 2349 440 2421 dequo
463 2350 543 2420 loqui
564 2351 734 2421 incoepimus
756 2351 848 2421 signo,
905 2360 967 2410 tum
989 2359 1101 2424 euntes,
1127 2352 1365 2424 stupidosoculos
1385 2349 1551 2421 soporiferae
1571 2349 1751 2405 tradiderunt

93 2437 225 2492 videlicet
238 2437 329 2491 divini
346 2437 514 2493 accensione
529 2454 583 2492 nos
608 2440 770 2494 admonitos
793 2456 850 2511 pu·
904 2445 1005 2516 quieti.

85 2525 345 2592 debemus,nisiut
365 2525 512 2580 flammam
536 2527 658 2599 geminae
680 2528 849 2598 dilectionis,
939 2533 1059 2604 Jamque
1089 2546 1144 2584 nox
1170 2529 1232 2600 ipsa
1253 2532 1333 2581 tanto
1358 2527 1499 2581 illustrata
1522 2527 1632 2581 lumine
1661 2542 1750 2599 prope

85 2615 200 2671 idelicct
216 2621 245 2669 et
267 2614 402 2686 proximi,
429 2615 460 2669 in
477 2616 583 2669 nostris
603 2617 736 2670 cordibus
754 2633 851 2672 accen·
904 2620 1067 2676 transierat.
1084 2623 1112 2672 et
1128 2633 1233 2672 aurora
1243 2616 1409 2670 rubescente
1425 2614 1630 2670 Matutinorum
1644 2616 1748 2670 solem·

85 2717 113 2769 ts,
130 2718 186 2773 qua
207 2702 237 2755 in
261 2706 414 2772 conspectu
430 2718 550 2757 summae
572 2704 730 2774 majestatis
757 2707 850 2761 lucere
904 2709 979 2763 nitas
998 2706 1221 2779 propinquabat,
1247 2720 1312 2758 cum
1337 2705 1447 2758 interea
1470 2705 1601 2758 custodes
1624 2705 1750 2775 grabatis

85 2783 156 2854 mus,
174 2790 366 2862 vitiorumque
389 2791 551 2861 rubiginem
567 2792 601 2846 de
622 2792 730 2845 actibus
746 2793 851 2848 nostris
905 2797 1009 2867 quibus
1026 2796 1193 2867 quieverant
1207 2797 1402 2859 surrexerunt,
1428 2808 1460 2845 ae
1475 2793 1509 2847 de
1535 2793 1624 2846 cereis
1641 2798 1750 2863 septem

85 2894 109 2934 tt
121 2879 200 2933 illius
210 2878 295 2950 ignit,
313 2895 399 2950 quem
415 2879 553 2932 D⁰ffli¹11¹³
571 2883 667 2932 ¹1⁰Sie1'
682 2879 711 2931 in
732 2884 848 2941 terrem,
904 2884 1037 2939 maximis
1052 2882 1102 2954 qui
1116 2883 1151 2937 ad
1164 2887 1250 2951 caput
1263 2880 1317 2935 riri
1333 2880 1384 2934 Dei
1398 2879 1450 2933 sub
1460 2880 1521 2950 ipso
1539 2881 1693 2935 mansoloeo
1711 2882 1751 2935 in.

85 2972 117 3022 tsi
129 2973 244 3023 terrenti
258 2967 345 3021 corda
360 2966 448 3035 misit,
464 2967 499 3021 ad
516 2983 621 3037 purum
638 2982 847 3037 expurgemus3
904 2979 948 3027 tra
962 2972 1102 3027 cancellos
1116 2971 1168 3025 sub
1197 2968 1325 3023 conclavi
1349 2968 1435 3038 positi
1451 2968 1574 3035 stabant,
1600 2968 1672 3022 duos
1699 2985 1750 3040 gc·

85 3055 165 3126 pulsa
185 3055 308 3126 plumbi,
324 3054 351 3109 id
368 3059 410 3108 est
424 3055 584 3125 iniquitatis
601 3059 630 3109 ct
645 3054 752 3125 pcccati
768 3071 849 3108 atto-
868 3037 984 3116 Cmino
999 3061 1120 3115 caudore
1146 3058 1300 3128 flagrantes
1318 3061 1496 3126 repererunt.
1514 3058 1551 3110 Ex
1573 3057 1622 3111 illo
1652 3061 1749 3113 autem

85 3144 231 3206 teredine,
244 3144 278 3198 ad
295 3144 408 3198 coeleste
422 3143 555 3197 diadema
566 3143 657 3197 nostri
669 3143 754 3213 Regis
767 3144 849 3214 quasi
904 3151 939 3206 nd
954 3151 1041 3221 pedes
1064 3148 1150 3219 positi
1169 3162 1256 3219 quem
1271 3146 1357 3217 paulo
1372 3151 1436 3199 ante
1466 3144 1582 3229 accendi
1606 3145 1747 3211 viderant,

85 3247 108 3286 n
122 3232 309 3303 purissimum
321 3247 374 3285 nos
391 3234 608 3302 preparemus?
622 3231 678 3286 Sed
699 3231 734 3285 de
748 3231 793 3286 his
807 3248 850 3286 se·
904 3241 980 3295 unae
995 3240 1041 3293 isti
1056 3238 1090 3291 ud
1105 3241 1191 3307 eaput
1205 3234 1302 3289 statuti
1316 3232 1426 3288 accensi
1441 3234 1559 3288 inierunt
1574 3249 1632 3287 non
1661 3233 1749 3289 dubi--

85 3320 209 3392 tnomvis
239 3325 415 3390 prepostero
444 3321 546 3374 ordine
582 3321 700 3374 dicendo
731 3320 848 3388 tuerint,
903 3328 1012 3382 unani.
1029 3323 1129 3379 Finitis
1144 3338 1211 3377 veru
1240 3321 1443 3376 Matutinarum
1469 3320 1625 3380 solemniis,
1641 3336 1673 3375 ae
1701 3320 1747 3375 die

85 3410 230 3480 ccupsndo
246 3409 390 3464 diximus:
407 3425 484 3464 nnnc
495 3410 529 3463 ad
545 3409 636 3480 ipsius
650 3409 723 3480 signi
736 3410 847 3479 magni·
899 3415 960 3485 J’am
976 3415 1157 3477 clarescente,
1172 3411 1288 3482 vulgata
1304 3407 1370 3463 iacti
1393 3408 1468 3464 fama
1490 3424 1576 3463 omne
1592 3409 1747 3464 monacho-

87 3514 133 3553 em
156 3499 263 3569 linguae
289 3500 396 3569 plectro
428 3503 457 3551 et
485 3499 594 3552 calamo
623 3499 747 3554 scribere
773 3514 848 3554 accc·
902 3520 967 3559 rum
982 3518 1087 3574 agmen
1102 3501 1132 3554 in
1158 3499 1304 3554 basilicam
1326 3497 1403 3553 venit
1427 3506 1511 3569 atque
1531 3513 1662 3565 summae,
1679 3514 1748 3553 san-

85 3603 113 3640 tt·
902 3599 954 3648 ctae
964 3597 993 3648 et
1007 3590 1162 3646 individuae
1176 3587 1309 3644 'trinitati
1324 3588 1442 3642 excelsis
1464 3587 1596 3641 laudibus
1617 3586 1746 3641 vocibus·

85 3674 188 3745 rigitur
198 3674 247 3745 qui
260 3673 320 3743 jam
336 3674 442 3728 dictam
457 3675 646 3728 elevationem
662 3673 763 3728 ordino
773 3679 846 3729 tem·
902 3698 958 3753 qne
967 3678 1156 3752 innitentibus
1170 3675 1325 3738 benedixit,
1344 3676 1495 3730 missurum
1511 3674 1614 3729 deinde
1639 3676 1748 3730 sotem-

92 3763 282 3835 prnoedebat,
297 3763 453 3817 terminata
467 3763 566 3833 synaxi
588 3763 756 3832 vespertine
773 3764 846 3817 cete·
902 3771 950 3824 nin
964 3785 1017 3840 pru
1037 3767 1163 3838 ejusden
1184 3765 1295 3819 honore
1308 3763 1399 3818 Putris
1415 3763 1488 3816 ultra
1502 3763 1619 3816 solitum
1629 3763 1748 3817 devotis-

85 3853 123 3919 13,
140 3869 197 3907 nott
209 3853 250 3906 iit
265 3853 361 3924 pleno,
379 3858 410 3906 tlt
423 3852 542 3923 dignum
559 3855 631 3918 erni.
648 3856 787 3922 appareill
799 3852 847 3905 lu·
902 3854 1122 3925 simeimplevit.
1142 3853 1229 3924 Cujus
1242 3851 1452 3921 inexplicabilis
1469 3849 1601 3904 melodiae
1625 3851 1746 3904 cantile-

85 3959 98 4006 i
114 3956 208 4011 neque
228 3941 316 3994 eiiam
331 3939 588 3994 fetiil⁰⁰⁰¹1tttssltt
609 3944 641 3993 ut
657 3939 769 3994 dicebat
783 3945 848 3993 tur·
902 3963 968 4002 nam
983 3944 1091 4000 diutius
1106 3942 1275 4013 protelatam
1291 3955 1344 4010 ego
1360 3939 1421 4009 ipse
1437 3939 1487 4009 qui
1504 3939 1565 3992 haec
1579 3938 1744 4009 qualiacun-

85 4029 220 4101 epularis,
236 4029 414 4083 ⁵01t0b³t³0i
427 4029 486 4098 jam
500 4027 757 4083 ntutttlfltmffltw
771 4028 847 4100 igni·
902 4052 959 4109 que
976 4038 1041 4089 sunt
1057 4031 1198 4096 describo,
1213 4045 1309 4083 coram
1320 4029 1429 4099 positus
1453 4032 1481 4080 et
1499 4027 1597 4081 audiri
1617 4027 1745 4094 auribus,

85 4134 102 4171 ¹⁵
127 4117 339 4187 quadrupedes,
357 4133 388 4171 ⁰⁰
414 4117 541 4170 ftaitttffl
564 4117 846 4172 ⁸m010³⁰t⁰riffi¹¹·
902 4125 1041 4196 etignem
1060 4117 1233 4185 oculisvidi,
1260 4122 1346 4187 atque
1373 4117 1425 4170 hos
1447 4115 1531 4170 etiam
1561 4114 1700 4169 versiculo
1715 4114 1746 4168 in

96 4203 230 4258 vicariam
256 4203 432 4258 functionem
448 4204 608 4273 praebebat;
624 4206 736 4276 hacque
761 4205 847 4259 vicis·
901 4214 970 4286 ipsis
980 4209 1164 4267 concentibus
1178 4211 1256 4261 tanto
1267 4205 1396 4275 pontifici
1410 4204 1490 4258 diri:

85 4291 128 4347 ine
142 4292 312 4359 alternante,
329 4293 434 4345 aemttla
455 4308 510 4344 nox
530 4293 651 4346 caeruleo
666 4293 846 4347 circumami-
867 4333 890 4388 D
940 4332 1047 4385 Lumen
1074 4327 1105 4381 in
1130 4325 1254 4380 ae,hereo
1271 4337 1356 4394 quam
1378 4321 1470 4375 clarus
1501 4319 1615 4377 haberis
1631 4320 1746 4391 olympo

85 4379 305 4449 ³9¹⁰V0¹1i0b³i2
321 4379 581 4450 C⁰mll¹⁰i⁰si¹⁸q¹ff
601 4381 749 4450 ⁰⁰mi³¹⁰ii³
764 4387 843 4435 ient·
969 4397 1117 4455 Monstrnti
1132 4394 1289 4456 monacbis,
1305 4392 1410 4462 praesul
1425 4392 1561 4451 Amande,
1576 4389 1643 4445 tuis.

85 4482 178 4538 imque
193 4467 295 4521 horror
304 4469 366 4535 jam
382 4467 506 4522 lucernis
522 4467 640 4539 egebat3
656 4485 688 4522 ac
707 4470 845 4540 quoniam
936 4472 976 4526 Da
990 4467 1106 4524 tumulis
1121 4467 1230 4546 ambire
1240 4469 1298 4519 tuae
1312 4463 1453 4545 consortia
1467 4462 1544 4542 ritae,

85 4552 168 4610 cendi
180 4561 295 4626 tempus
304 4556 365 4626 jam
381 4561 506 4619 venerat,
521 4557 728 4611 monachorum
742 4557 848 4629 singuli
972 4542 1009 4595 Ui
1022 4539 1137 4616 Ytleflni
1154 4538 1237 4591 d⁰¹¹¹⁸
1251 4539 1422 4605 palumbare
1438 4538 1503 4586 ”¹¹³-

85 4644 176 4699 ternia
201 4644 348 4715 petierunt
374 4645 540 4699 custodibus
572 4645 602 4698 in
631 4647 696 4700 aula
722 4647 847 4701 basilicae
937 4650 996 4704 lloc
1009 4646 1099 4718 igitur
1113 4643 1262 4713 geminum
1275 4640 1437 4695 divinorum
1463 4638 1667 4693 beneficiorum
1683 4652 1745 4691 mu·

85 4733 118 4788 '¹⁸-
154 4732 209 4797 Qui
234 4747 314 4786 m⁰r0
342 4731 396 4786 tibi
430 4733 515 4787 nolito
543 4733 666 4787 lucernis
700 4735 848 4790 nocturnis
902 4755 967 4801 nus,
995 4732 1185 4790 elevationem
1209 4729 1317 4784 scilicet
1340 4727 1413 4781 sacri
1438 4727 1568 4797 corporis
1592 4724 1747 4780 admirabi-

104 4821 204 4875 ardere
233 4820 321 4874 suetis
351 4822 485 4888 accensis,
515 4826 601 4892 atque
630 4806 768 4877 universis
797 4840 849 4894 per
901 4829 969 4891 lem,
990 4822 1182 4879 sedationem
1197 4817 1319 4888 ignisde
1339 4816 1409 4871 coelo
1425 4815 1505 4870 missi
1520 4813 1746 4874 memorabilem.

85 4908 142 4963 edis
156 4909 248 4978 spatia
270 4909 358 4963 cereis
382 4909 535 4973 exstinctis,
556 4910 624 4964 dom
648 4926 722 4965 nnus
747 4928 847 4969 corum
902 4929 1015 4969 summo
1034 4908 1192 4966 denotionis
1207 4904 1334 4979 tripudio
1350 4905 1401 4976 qtti
1423 4903 1539 4958 adfuere
1557 4902 1747 4963 celebrarunt,

91 4996 254 5068 pertissimi
285 4997 529 5068 intercapedinem
559 4999 698 5070 temporis
724 5001 848 5072 diligen·
903 4996 1190 5073 atqueutaposteris
1207 5010 1305 5050 corum
1317 4993 1475 5048 honoretur
1490 4991 1677 5044 decreverunt
1692 5006 1749 5045 cre·

100 5085 202 5156 templi
228 5086 380 5140 observans
410 5087 551 5148 rediisset,
568 5102 683 5142 cereum
708 5090 743 5144 ad
758 5091 849 5145 sancti
903 5090 1003 5145 dentes
1018 5089 1149 5142 levamen
1161 5086 1318 5153 adepturos
1335 5092 1485 5145 oeternum,
1501 5078 1621 5150 quiejus
1637 5094 1747 5131 memo-

85 5171 121 5242 tia
135 5173 234 5228 ardere
249 5174 368 5228 solitum
383 5191 415 5229 ac
431 5175 517 5245 paulo
533 5178 598 5228 ante
610 5176 767 5232 extinctum
783 5179 847 5234 suso
903 5179 976 5234 riam
988 5191 1054 5231 cum
1066 5172 1161 5228 debita
1176 5171 1329 5226 habuerint
1343 5169 1455 5223 actione
1472 5166 1640 5234 gratiarum.

717 5425 1034 5440 νὴ*
