3930 6098
418 203 636 265 TRANSLATIO
654 212 702 268 SS.
725 211 789 269 ltu.
814 214 1006 272 Cflnrsturt
1025 217 1068 272 ET
1088 217 1213 274 ΒΑΜ.

288 335 352 390 Cer.
373 336 439 391 XIV.

85 422 202 476 mitem
225 438 291 477 cum
319 440 437 480 manum
467 431 554 497 atque
577 429 725 485 brachium
748 431 788 486 ita

85 509 92 546 ι
113 510 145 546 ac
169 493 262 548 debile
284 496 411 566 baberet,
437 500 469 551 ut
484 515 577 570 neque
598 501 632 554 ad
650 518 681 555 os
701 503 787 574 quid-

105 565 245 634 potuisset
260 565 410 634 deducere,
434 583 499 623 cum
515 576 582 624 aute
603 574 788 642 sepulchrum

85 635 169 689 adiu
193 638 336 705 prostrata
356 639 474 708 jaceret,
505 642 620 695 tandem
645 646 788 698 orationi-

85 720 105 761 n
119 705 211 778 pridie
227 708 390 763 Palmarum
406 709 452 764 die
467 711 595 781 pristinae
618 714 730 769 reddita
745 720 788 770 est

296 850 360 905 Car.
378 852 431 906 XV.

85 941 123 991 rte
145 941 274 1008 tempore
291 955 348 1009 quo
368 941 600 998 beatissimorum
627 950 787 1015 martyrum

85 1023 104 1061 n
118 1009 224 1069 lucum.
246 1010 296 1063 ubi
310 1026 387 1065 nunc
410 1013 579 1078 adorantur,
602 1014 696 1069 delata
709 1023 786 1084 sunt,

85 1078 184 1133 ibritas
215 1081 404 1136 anniversarii
430 1084 597 1138 immineret
622 1087 689 1149 diei,
712 1088 788 1142 inter

86 1164 131 1203 am
154 1151 346 1205 multitudinis
361 1169 425 1223 quae
443 1171 517 1224 pene
533 1157 600 1209 illuc
615 1158 787 1212 innumera-

85 1242 87 1270 ι
109 1222 285 1287 accurrebat,
310 1224 431 1295 contigit
446 1227 600 1296 quamdam
618 1228 755 1283 feminam
771 1245 788 1282 a

85 1291 257 1362 ilpaciense[
287 1296 311 1361 s.
345 1295 540 1369 tulpiacense]
583 1314 616 1352 ex
647 1299 787 1354 beneficio

85 1363 205 1418 tranire.
231 1364 296 1418 llaec
319 1366 434 1420 unicam
450 1368 539 1423 liliam
551 1367 612 1438 jam
628 1370 788 1442 quinquen·

85 1433 160 1488 mine
187 1435 403 1504 Ermenradam,
433 1439 514 1508 cujus
535 1440 631 1494 oculos
653 1441 788 1496 caecitatis

85 1510 99 1559 t
121 1505 224 1574 caligo,
251 1506 367 1573 babens,
384 1508 491 1563 doloris
510 1515 571 1564 acta
594 1511 726 1576 stimulis,
744 1529 787 1565 se·

85 1575 132 1629 itis
148 1575 366 1631 illuminandam
379 1585 544 1636 sanctorum
563 1582 664 1636 derote
680 1583 786 1637 attulit.

84 1661 120 1699 ra
135 1647 298 1701 custodibus
316 1655 436 1718 peteret,
452 1657 485 1704 ut
503 1652 533 1704 in
550 1653 647 1720 aliquo
663 1654 789 1708 ecclesias

85 1717 197 1787 regium
219 1721 414 1787 praestolatura
434 1729 599 1777 sanctornm
620 1733 787 1794 poneretur,

99 1794 142 1840 est
162 1789 191 1841 in
207 1790 312 1858 angulo
328 1795 445 1861 cryptae,
471 1794 518 1846 ubi
534 1796 568 1848 ad
583 1798 669 1864 pedes
688 1797 787 1850 adura·

85 1864 186 1924 torum,
203 1875 265 1912 eam
281 1861 435 1931 deponere.
453 1864 587 1935 Deposita
605 1867 702 1937 itaque
724 1883 788 1921 cum

84 1929 130 1982 illa
144 1936 172 1983 et
197 1937 279 1985 nocte
294 1948 326 1985 ac
341 1933 364 1985 si
385 1934 478 2002 rigida
501 1937 657 1990 immobilis
670 1937 788 2007 jaceret,

85 2001 164 2055 inum
184 2002 378 2056 celebraretur
397 2005 535 2072 cilicium,
551 2013 580 2060 et
592 2024 648 2061 nor
670 2010 727 2063 diei
742 2025 790 2062 se-

85 2070 155 2124 taret
167 2072 303 2139 initirrm;
320 2074 414 2128 subito
430 2077 520 2130 virtus
541 2078 638 2132 divina
659 2096 710 2149 per
724 2096 789 2133 ora-

85 2141 148 2195 lfuit
170 2150 345 2209 sanctorum,
363 2153 392 2199 et
415 2146 533 2202 luminis
553 2155 667 2220 recepto
692 2150 790 2221 vigore

85 2213 258 2268 *triennium
275 2215 329 2269 sibi
345 2216 519 2287 denegatum
534 2235 635 2274 omnes
650 2237 790 2292 cognove-

88 2283 130 2353 pit
155 2288 297 2354 respicere
314 2287 398 2341 clare.
422 2292 479 2343 tloc
498 2290 596 2360 itaque
621 2293 790 2346 miraculum

88 2355 219 2409 omnium
234 2363 361 2410 curreret
373 2375 434 2426 ora,
450 2365 478 2414 et
492 2362 614 2417 Domino
630 2363 791 2433 sanctisque

86 2426 196 2495 tyribus
218 2428 318 2481 laudes
338 2430 505 2499 clamarent,
525 2433 616 2487 voluit
632 2435 719 2487 etiam
735 2435 790 2488 Do·

85 2497 187 2550 letibus
207 2498 321 2568 populis
339 2501 484 2570 geminato
505 2503 641 2558 miraculo
663 2506 791 2558 laetitiam

85 2583 93 2620 s
116 2569 280 2637 spiritatem,
306 2573 464 2642 quantique
489 2581 583 2628 essent
605 2576 696 2629 sancti
715 2592 793 2631 mar·

85 2638 113 2692 id
128 2654 193 2693 eum
207 2641 303 2694 meriti
316 2643 475 2698 ostendere.

292 2730 356 2783 Car.
376 2731 445 2785 XVI.

89 2816 198 2871 uaedam
217 2818 326 2872 femina
345 2820 462 2874 nomine
479 2822 623 2889 Bertrada,
641 2840 672 2878 er
686 2825 793 2880 familia

85 2887 203 2955 iximini‚
232 2889 266 2943 de
292 2891 358 2943 villa
385 2899 570 2963 nuncupante
601 2896 791 2963 Occiseslseim,

85 2959 124 3012 ria
146 2964 326 3030 premeretur
349 2961 556 3032 imbecillitate,
579 2966 618 3018 ita
642 2973 671 3019 ut
695 2968 789 3021 nervis

91 3036 234 3084 contracta
264 3037 293 3085 et
322 3031 423 3087 debilis
457 3036 591 3088 omuibus
622 3038 790 3092 redderetur

105 3101 225 3154 audiens
246 3106 411 3158 sanctorum
435 3105 581 3171 virtutem,
604 3108 639 3161 ad
664 3107 738 3162 hanc
763 3115 792 3163 et

102 3172 296 3226 celebritatem
327 3191 376 3244 spe
407 3175 535 3230 sanitatis
564 3194 624 3232 sese
651 3179 789 3233 contulit:

85 3256 103 3295 n
129 3242 232 3296 devota
257 3249 417 3314 martyrum
446 3246 616 3317 imploraret
641 3251 791 3317 auxilium,

85 3328 178 3366 eornm
194 3317 298 3368 meruit
319 3317 480 3371 sanitatem.
497 3318 588 3387 Igitur
604 3336 669 3374 cum
689 3321 792 3374 missa·

85 3386 187 3438 ebratio
212 3391 406 3456 perageretur,
439 3397 602 3443 sanctorum
627 3392 653 3444 ci
677 3390 793 3446 advenit

85 3460 108 3508 at
129 3471 194 3526 quae
220 3462 366 3510 contracte
389 3462 417 3511 et
441 3458 543 3513 debilis
568 3460 689 3516 aliorum
715 3468 793 3517 venit

85 3526 133 3595 ilo,
171 3528 294 3596 propriis
323 3527 436 3583 firmata
466 3530 610 3600 gressibus
644 3532 729 3588 rediit
756 3534 791 3588 ad

286 3669 351 3725 Cer.
370 3671 450 3726 xvu.

85 3773 131 3812 em
145 3757 176 3811 in
192 3757 265 3826 vico,
283 3759 333 3830 qui
348 3758 493 3815 sinciacus
509 3767 700 3832 nuncupatur,
717 3779 794 3833 quaa·

84 3828 153 3890 rina,
176 3830 292 3883 nomine
318 3830 498 3898 Caminildis,
524 3848 558 3886 ex
579 3833 689 3888 familia
703 3835 793 3890 sancti

85 3898 129 3969 jus
143 3899 227 3953 facies
249 3901 279 3954 in
300 3905 413 3954 tantum
436 3909 496 3956 erat
518 3903 687 3970 deformata,
703 3911 733 3958 ut
748 3905 793 3959 in·

85 3986 166 4025 suun
190 3986 310 4040 parvum
328 3972 477 4026 horrorem
502 3973 652 4030 incuteret.
676 3976 731 4031 Ore
755 3977 792 4030 si-

87 4041 123 4095 ad
147 4058 244 4096 aurem
267 4057 358 4112 prope
381 4049 510 4098 contorto
534 4047 681 4117 oculisque
703 4053 794 4101 trans·

85 4111 200 4177 antibus,
215 4118 374 4167 monstrum
390 4115 536 4184 quoddam
551 4117 706 4173 exstiterat.
728 4120 794 4173 llaee

85 4197 201 4247 rsuam,
224 4185 340 4238 nomine
356 4186 546 4250 Heritrudem,
570 4187 739 4257 deprecatur
758 4189 794 4242 ad

85 4268 111 4306 m
141 4254 289 4308 ecclesiam
328 4263 542 4326 properantem,
578 4264 610 4312 ut
644 4259 792 4314 candelam

85 4369 87 4376 .
107 4325 225 4379 modum
245 4325 346 4396 capitis
365 4327 409 4380 sui
427 4332 457 4381 ut
471 4343 582 4397 pauper
595 4329 733 4392 effecerat,
751 4346 793 4385 se·
812 4335 833 4389 D

85 4395 179 4449 erret:
196 4401 338 4466 quatenus
359 4412 412 4466 per
426 4398 658 4454 intercessionem
678 4406 791 4455 sancto·

88 4465 243 4536 nipotentis
264 4469 409 4522 miseratio
431 4469 594 4524 subveniret
609 4473 669 4541 ejus
691 4471 792 4526 diffor-

85 4541 215 4591 tnnuens
245 4537 362 4592 domina
385 4540 517 4608 precibus
540 4540 666 4609 famulae,
697 4558 792 4596 secum

85 4608 152 4678 [uod
177 4607 270 4662 fuerat
292 4610 444 4678 postulata.
466 4613 595 4682 Cumque
619 4614 793 4682 pervenisset

85 4693 108 4731 m
134 4685 285 4743 sacratum,
299 4681 447 4734 candelam
472 4682 546 4736 inter
568 4699 660 4737 sacras
682 4684 793 4754 vigilias

88 4750 122 4801 ax'
136 4764 226 4804 more.
248 4752 388 4805 Continuo
404 4753 595 4807 miserabilem
615 4755 700 4825 louge
715 4755 792 4825 posi·

86 4834 120 4872 us
139 4820 235 4874 divina
258 4823 424 4893 respiciens,
442 4839 555 4877 omnem
581 4825 792 4880 deformitatem

86 4888 187 4944 bstulit
200 4891 285 4946 facie:
299 4909 365 4946 nam
381 4894 493 4947 rediens
508 4896 625 4949 domina
639 4897 679 4950 ita
693 4912 793 4950 sanam

85 4963 154 5015 imni
177 4963 359 5018 deformitate
382 4970 536 5030 carentem,
558 4972 590 5020 ut
605 4982 658 5021 nec
677 4968 792 5038 signum

96 5033 248 5102 praeterita
273 5036 445 5089 remanserit
465 5036 649 5094 infirmitatis.
675 5038 792 5094 Gestum

85 5117 97 5156 r
112 5103 283 5159 miraculum
299 5105 459 5160 dienatalis
475 5123 586 5162 eorum.

282 5192 346 5248 Car.
368 5194 460 5249 llVlll.

86 5278 215 5348 quidam,
248 5281 438 5338 freosbaldus
466 5284 595 5350 nomine,
619 5285 654 5340 de
679 5288 791 5353 Benna,

92 5351 169 5405 inter
192 5367 258 5406 suos
275 5358 375 5407 auctus
419 5356 528 5409 ecuuiis
544 5359 621 5423 (nam
637 5356 792 5412 instituen-

85 5420 156 5475 :ibus
175 5439 292 5492 operam
318 5370 423 5496 dabatg,
457 5427 548 5481 valida
575 5428 792 5497 opprimebatur

85 5507 92 5546 s
113 5498 320 5560 membrorum,
344 5497 383 5549 ita
404 5502 436 5550 ut
451 5498 523 5551 nibil
539 5498 617 5552 aliud
636 5499 692 5553 nisi
707 5514 790 5569 para-

88 5563 254 5620 rederetur:
271 5567 377 5637 quippe
392 5567 479 5622 totius
500 5569 629 5650 corporis
651 5569 729 5624 bona
742 5569 791 5624 de-

92 5632 260 5701 ralitudine,
283 5636 481 5693 ministrorum
505 5645 600 5709 potrus
614 5655 701 5712 qnam
724 5656 792 5713 pro·

1639 223 1692 281 678

841 345 912 416 priis
927 346 1060 401 utebatur
1083 346 1236 414 gressibus.
1261 348 1312 402 llic
1332 348 1429 404 andita
1453 349 1556 406 virtute
1576 359 1688 408 sancto-

844 433 919 483 rum,
935 434 1022 488 quam
1045 420 1224 473 orationibus
1244 421 1303 474 suis
1319 420 1534 477 infirmantibus
1557 426 1688 479 confera-

842 489 923 555 bent,
939 489 1051 559 rogavit
1065 506 1094 543 se
1107 491 1142 543 ad
1158 506 1257 544 eorum
1273 491 1420 562 deportari
1436 494 1616 561 memoriam,
1629 512 1688 568 quo

844 566 875 613 ut
890 560 964 624 aliis,
981 561 1021 614 ita
1036 560 1090 614 sibi
1104 561 1234 614 sanitatis
1253 561 1454 631 impenderent
1472 581 1566 634 opem.
1588 567 1688 638 ltaque

843 646 877 685 eo
899 630 1027 686 vehiculo
1040 632 1222 702 deportatur;
1239 648 1315 699 nani,
1327 634 1400 688 sicut
1410 635 1478 702 dixi,
1496 637 1578 691 aliter
1590 640 1687 693 venire

843 701 989 772 nequibat.
1006 703 1077 758 Cum
1092 703 1180 772 igitur
1198 704 1268 757 rotis
1290 705 1408 774 expletis
1428 707 1548 760 minime
1564 711 1685 778 petitum

842 773 978 827 sensisset
995 771 1026 827 in
1041 790 1071 827 se
1088 774 1182 827 redire
1197 774 1334 843 rigorem,
1351 775 1419 830 fecit
1433 793 1462 830 se
1480 778 1555 832 unde
1569 786 1687 835 venerat

843 844 953 911 referri,
978 844 1019 898 nil
1041 850 1138 898 tamen
1160 845 1194 899 de
1210 848 1316 899 virtute
1333 846 1486 916 desperans
1510 855 1684 917 sanctorum,

842 930 971 985 congruo
995 915 1100 969 iterum
1123 931 1287 970 reversurus
1310 922 1446 987 tempore.
1472 919 1576 973 Verum
1595 923 1685 975 sancti

843 992 982 1055 martyres
995 985 1081 1041 tidem
1096 1002 1155 1040 non
1172 985 1253 1041 obliti
1270 987 1438 1055 recedentis,
1455 995 1487 1042 ut
1504 992 1687 1046 ostenderent

842 1073 872 1111 se
890 1072 947 1110 nun
969 1057 1053 1111 modo
1075 1063 1238 1127 presentes,
1255 1059 1456 1112 verumetiam
1473 1059 1602 1114 absentes
1619 1078 1685 1116 ora·

843 1127 968 1181 tionibus
992 1128 1050 1181 suis
1067 1144 1151 1198 possa
1168 1128 1277 1198 jurare,
1295 1129 1362 1183 huic
1385 1146 1500 1200 quoqne
1515 1132 1618 1186 virtute
1639 1149 1685 1186 so-

844 1199 894 1253 lita
917 1198 1017 1253 adesse
1041 1199 1153 1271 dignati
1169 1206 1245 1253 sunt.
1269 1201 1340 1254 Nam
1361 1199 1428 1254 dum
1449 1201 1549 1256 famuli
1565 1219 1630 1258 cum
1652 1220 1686 1257 eo

844 1275 960 1340 agerent
974 1269 1039 1335 iter,
1055 1271 1144 1324 sensit
1157 1287 1234 1342 ager
1249 1271 1360 1324 meritis
1375 1276 1536 1326 sanctorum
1552 1273 1687 1328 virtutem

844 1341 949 1394 sensim
976 1341 1031 1396 sibi
1057 1341 1201 1396 advenire.
1227 1341 1298 1397 Cum
1322 1341 1412 1412 igitur
1437 1343 1612 1413 pervenisset
1635 1345 1687 1398 do-

844 1426 934 1475 mum,
964 1416 1050 1482 atque
1083 1413 1238 1482 gestatorio
1268 1413 1473 1484 deponeretur,
1503 1415 1542 1468 ita
1567 1414 1688 1469 firmatis

843 1483 987 1549 gressibus
1006 1483 1198 1553 omnibusque
1217 1483 1345 1552 corporis
1360 1484 1496 1538 membris
1511 1487 1597 1556 coepit
1611 1486 1688 1540 ince-

844 1558 921 1618 dere,
936 1558 968 1606 ut
982 1553 1033 1624 qui
1045 1555 1191 1625 qnondam
1208 1554 1319 1608 diutino
1335 1556 1490 1609 tabefactus
1506 1557 1607 1610 morbo
1622 1557 1688 1611 inu·

809 1623 901 1690 ptilis
913 1629 1052 1693 jacuerat,
1073 1624 1221 1678 adomnia
1239 1640 1355 1695 prorsus
1373 1626 1509 1696 suffragio
1529 1633 1688 1697 martyrum

843 1694 922 1747 utilis
933 1695 1111 1750 redderetur.
1126 1697 1223 1766 ltaque
1235 1696 1353 1750 laudans
1365 1703 1391 1751 et
1404 1697 1575 1751 benedicens
1586 1700 1687 1762 Deum,

844 1766 893 1835 qui
913 1781 967 1834 per
987 1772 1100 1819 sanctos
1123 1782 1190 1819 suos
1213 1767 1363 1820 sanitatem
1383 1767 1436 1821 sibi
1460 1767 1553 1822 divine
1575 1774 1687 1838 gratam

843 1837 975 1904 eontulit,
987 1836 1124 1892 hacteuus
1142 1837 1246 1891 virtute
1260 1838 1351 1907 potita
1366 1837 1481 1894 fruitur.

1193 1927 1256 1980 Cer.
1277 1926 1342 1980 Xlll.

879 1994 944 2049 Fuit
965 1995 1083 2067 quidam
1108 1997 1194 2050 lromc
1209 1996 1278 2050 item
1300 2012 1333 2050 ex
1356 1997 1464 2051 familia
1486 1997 1576 2051 sancti
1599 1996 1687 2062 Petri,

844 2067 960 2120 nomine
982 2068 1138 2137 bagmans,
1161 2069 1192 2120 in
1216 2067 1282 2120 villa
1302 2083 1366 2138 quae
1392 2074 1508 2121 vocatur
1533 2067 1687 2134 albiniaca,

845 2153 929 2206 quem
947 2139 1045 2192 eodem
1068 2154 1142 2192 anno
1164 2154 1220 2208 quo
1240 2149 1338 2193 sancta
1361 2146 1428 2191 sunt
1448 2155 1568 2209 corpora
1590 2144 1687 2192 tumu—

845 2209 910 2275 lata,
928 2209 967 2262 ita
983 2209 1105 2279 contigit
1122 2209 1201 2263 tibiis
1224 2208 1366 2274 contrabi,
1391 2214 1424 2263 ut
1447 2213 1563 2279 penitus
1585 2210 1688 2264 ambu-

846 2280 904 2333 lare
926 2295 984 2333 uon
1007 2286 1115 2351 posset,
1145 2281 1195 2334 sed
1222 2280 1343 2350 genibus
1364 2283 1393 2333 et
1418 2282 1550 2335 manibus
1575 2282 1690 2350 reperet

846 2350 964 2404 claudus
986 2354 1045 2404 toto
1068 2366 1241 2421 permanens
1266 2367 1351 2405 anno.
1375 2352 1425 2406 llic
1448 2352 1483 2406 ad
1507 2352 1600 2405 locum
1624 2367 1690 2404 san-

845 2426 922 2475 ctum
937 2436 1017 2475 carro
1030 2421 1173 2486 devectus,
1187 2437 1240 2492 per
1254 2422 1381 2476 triduum
1404 2438 1464 2476 sese
1478 2422 1617 2491 reptando
1638 2437 1691 2492 per

846 2492 992 2547 ecclesiam
1009 2493 1105 2559 traxit,
1130 2493 1159 2546 ia
1175 2499 1272 2563 crypta
1293 2509 1368 2563 saepe
1391 2493 1519 2547 residens
1532 2493 1609 2562 apud
1623 2508 1689 2573 san-

846 2568 956 2617 ctorum
975 2565 1154 2618 memoriam.
1176 2566 1305 2634 Cumque
1320 2569 1402 2618 nocte
1421 2569 1522 2634 quarta
1542 2569 1690 2617 nocturnis

845 2634 965 2703 pulsatis
983 2635 1084 2688 solitus
1102 2635 1221 2701 adforet,
1241 2635 1330 2688 linitis
1346 2636 1397 2699 eis,
1414 2637 1560 2689 acustode
1573 2634 1691 2705 jubetur

846 2705 882 2758 ad
913 2707 1013 2759 horam
1045 2706 1164 2759 ecclesia
1194 2707 1334 2760 secedere.
1356 2706 1407 2761 ille
1422 2707 1601 2776 jussionibus
1629 2707 1691 2775 ejus

847 2777 1048 2847 obtemperans
1058 2777 1143 2830 traxit
1157 2792 1186 2829 se
1203 2777 1233 2830 iu
1245 2776 1419 2831 vestibulum
1435 2778 1569 2830 ecclesiae.
1586 2776 1690 2830 Verum

847 2847 937 2900 nimio
958 2852 1044 2900 vento
1067 2845 1106 2900 ibi
1124 2846 1220 2901 sedere
1244 2848 1417 2917 prohibitus,
1434 2849 1463 2901 in
1480 2848 1565 2901 aliem
1581 2863 1610 2900 se
1623 2862 1689 2901 con-

846 2918 912 2971 tulit
931 2918 1083 2987 porticum,
1107 2918 1258 2972 ducentem
1282 2933 1334 2987 per
1353 2918 1501 2972 ecclesiam
1522 2919 1558 2972 ad
1578 2933 1691 2988 paupe-

809 2983 910 3041 Crum
925 2988 1076 3059 hospitale,
1101 2993 1130 3042 et
1151 2989 1259 3058 inipso
1277 3003 1307 3042 se
1326 2989 1447 3058 proiecit
1469 2990 1589 3042 introitu
1605 2989 1691 3042 eccle·

845 3059 905 3112 siae.
924 3059 975 3113 Ubi
994 3074 1059 3112 cum
1079 3059 1247 3129 aliquandiu
1264 3059 1410 3129 jacuisset,
1427 3059 1508 3124 vidit,
1524 3064 1557 3112 ut
1573 3060 1634 3128 ipse
1650 3074 1692 3112 re·

845 3129 965 3194 ferebat,
989 3130 1062 3183 duos
1082 3130 1191 3183 albatos
1211 3145 1317 3201 pueros
1341 3130 1463 3183 nimium
1487 3132 1604 3183 decoros
1629 3145 1692 3199 per·

847 3200 922 3254 idem
943 3200 1046 3253 ostium
1067 3216 1195 3270 egressos
1215 3217 1311 3254 versus
1331 3200 1447 3254 domum
1467 3200 1610 3270 hospitum
1630 3215 1693 3268 per-

846 3286 930 3341 gere,
949 3271 997 3324 ubi
1018 3287 1119 3341 parum
1144 3272 1314 3325 commorati
1334 3287 1385 3341 per
1405 3271 1534 3325 eamdem
1550 3270 1692 3340 porticum

847 3343 1005 3408 redierunt,
1021 3350 1049 3395 et
1071 3342 1221 3396 ecclesiam
1244 3343 1384 3396 intrantes
1408 3357 1483 3395 unus
1505 3356 1605 3394 eorum
1631 3341 1693 3411 ejus

846 3413 1001 3467 humerum
1025 3413 1127 3484 tetigit,
1152 3413 1236 3484 eique
1261 3413 1347 3467 dixit:
1364 3413 1463 3483 Surge,
1489 3413 1557 3482 quia
1577 3419 1693 3493 sanatus

849 3500 889 3545 es,
907 3483 1015 3537 etrade
1031 3485 1066 3538 ad
1082 3484 1270 3539 mansionem.
1287 3485 1336 3538 illc
1353 3488 1490 3539 continuo
1505 3498 1591 3536 sanus
1605 3498 1694 3552 evigi-

847 3555 919 3621 lans,
934 3553 1074 3609 laudeset
1097 3554 1202 3625 gratias
1227 3555 1286 3625 egit
1311 3556 1379 3621 Deo,
1397 3555 1445 3626 qui
1471 3570 1537 3608 eum
1563 3568 1693 3624 persan-

846 3634 905 3679 utos
922 3641 986 3679 suos
999 3625 1039 3679 ita
1061 3626 1212 3692 curaverit,
1233 3634 1266 3680 ut
1285 3627 1416 3679 vehiculo
1438 3625 1554 3679 veniens
1577 3623 1693 3679 sedibus

847 3695 971 3767 propriis
985 3695 1020 3750 ad
1035 3711 1116 3749 snam
1131 3696 1251 3751 domum
1264 3698 1430 3767 perrexerit.

1051 3827 1052 3830 ,
1201 3784 1265 3839 Car.
1286 3785 1338 3839 XX.

883 3854 949 3908 Erat
963 3853 1079 3924 quidam
1096 3855 1235 3925 puerulus
1249 3871 1280 3909 ex
1303 3854 1411 3909 familia
1425 3853 1502 3908 beati
1520 3854 1605 3920 Petri,
1627 3853 1693 3908 novi

847 3925 955 3979 scilicet
974 3926 1151 3992 monasterii,
1169 3925 1332 3980 Berefridus
1351 3925 1478 3992 nomine,
1496 3926 1576 3994 cujus
1595 3925 1693 3978 oculos

846 3997 887 4050 ita
914 3995 1048 4050 caecitatis
1080 3998 1239 4067 repleverat
1263 3997 1365 4067 caligo,
1388 4000 1419 4050 ut
1443 3995 1562 4049 omnino
1588 3998 1692 4066 negato

848 4067 957 4121 lumine
977 4067 1064 4121 ductu
1084 4074 1234 4138 regeretur
1255 4068 1381 4121 alterius.
1403 4066 1575 4121 adveniente
1595 4067 1692 4136 itaque

851 4138 1006 4192 llominiere
1019 4138 1174 4192 nativitatis
1185 4138 1240 4205 die,
1255 4139 1347 4192 visum
1357 4143 1400 4191 est
1414 4138 1487 4208 patri
1499 4137 1571 4207 eius,
1587 4137 1648 4216 qui,
1660 4140 1693 4190 ut

847 4209 935 4276 lilius,
953 4209 1115 4265 Berefridus
1130 4209 1293 4274 vocabatur,
1310 4216 1453 4280 quatenns
1467 4208 1503 4262 ad
1523 4222 1692 4290 memcrram

848 4279 1070 4334 clarissimorum
1099 4280 1288 4335 deduceretur
1311 4285 1485 4333 sanctorum.
1508 4278 1579 4333 Cum
1604 4283 1693 4348 igitur

847 4350 995 4405 adveniret
1018 4356 1142 4421 tempus,
1158 4367 1215 4423 quo
1231 4351 1265 4406 de
1282 4366 1359 4404 more
1382 4350 1488 4420 vigiliae
1512 4349 1693 4404 celebraban-

847 4425 895 4474 tur
914 4426 1074 4489 nocturnae,
1089 4422 1235 4491 depositus
1248 4424 1290 4474 est
1304 4422 1334 4475 in
1347 4427 1446 4492 crypta
1458 4421 1494 4475 ad
1510 4421 1597 4491 pedes
1613 4436 1691 4474 mar-

848 4498 953 4561 tyrum,
974 4493 1192 4561 praestolaturus
1216 4491 1321 4546 ibidem
1345 4493 1557 4562 perorationes
1579 4495 1692 4571 sancto·

847 4577 911 4616 rum
928 4564 1043 4617 Domini
1055 4563 1209 4617 Salvatcris
1223 4562 1369 4616 virtutem.
1388 4563 1511 4632 Expletis
1525 4562 1632 4617 ibidem
1647 4578 1691 4615 vr-

847 4633 923 4714 giliis
940 4633 1016 4688 idem
1032 4649 1104 4705 puer
1119 4633 1153 4686 ad
1169 4634 1311 4703 hospitale
1328 4634 1435 4687 relatus
1458 4640 1500 4687 est
1518 4647 1689 4704 pauperum,

846 4713 952 4757 iterum
968 4703 1136 4758 manufacto
1153 4705 1187 4758 ad
1200 4704 1343 4757 tumulum
1358 4703 1434 4758 bona
1449 4721 1498 4775 spe
1515 4719 1690 4758 reversurus.

847 4774 900 4828 Sed
916 4774 1111 4829 misericordia
1123 4774 1236 4828 Domini
1255 4774 1459 4846 Redemptoris
1468 4775 1611 4844 suffragiis
1626 4789 1690 4827 san·

846 4850 958 4899 ctcrum
983 4850 1142 4926 martyrum
1157 4845 1319 4916 inopinanti
1338 4847 1367 4899 in
1392 4847 1454 4900 loco
1470 4846 1560 4900 adfuit
1574 4844 1690 4915 quietis.

847 4916 917 4969 Nam
948 4932 1013 4970 cum
1040 4917 1086 4971 die
1113 4916 1187 4971 facto
1213 4917 1320 4970 alecto
1346 4922 1522 4986 exsurgeret,
1540 4916 1580 4969 ita
1604 4914 1692 4984 coepit

847 4988 944 5041 omnia
964 4987 1032 5041 dare
1055 4987 1207 5058 inspicere,
1229 4992 1261 5041 ut
1278 4986 1419 5042 inoffenso
1439 5002 1538 5057 gressu
1557 4985 1691 5039 omnibus

846 5057 1065 5128 inspicientibus
1087 5058 1123 5112 ad
1147 5056 1295 5112 basilicam
1319 5063 1487 5129 properaret
1514 5061 1689 5123 sanctornm,

847 5130 953 5200 gratias
968 5129 1010 5183 illi
1024 5143 1123 5199 agens,
1145 5128 1196 5209 qui
1211 5144 1244 5182 ea
1265 5129 1310 5183 dic
1329 5135 1444 5183 exortus
1463 5127 1550 5182 estin
1565 5125 1691 5180 tenebris

846 5200 931 5254 rectis
945 5199 1039 5267 corde,
1056 5199 1108 5271 qui
1121 5205 1208 5254 etiam
1222 5199 1331 5254 meritis
1346 5199 1514 5254 eorumdem
1526 5204 1690 5252 sanctorum

846 5270 939 5326 risum
955 5276 1101 5325 meruerat
1115 5271 1243 5342 recipere
1258 5272 1416 5325 oculorum.

1194 5359 1258 5414 Car.
1274 5359 1338 5413 lllll.

883 5430 944 5483 Non
959 5430 1044 5500 longe
1059 5430 1265 5501 apcssassione
1285 5427 1445 5499 praestructi
1465 5425 1633 5482 monasterii
1648 5432 1692 5481 ast

846 5500 914 5554 villa
929 5501 1071 5571 quaedam,
1088 5516 1175 5572 quam
1190 5500 1346 5570 antiquitas
1361 5499 1519 5553 tabernam
1537 5497 1628 5552 voluit
1640 5514 1691 5570 ap-

866 5572 962 5627 ellare.
980 5572 1012 5626 ln
1034 5587 1069 5625 ea
1083 5571 1201 5642 quidam
1224 5575 1285 5625 erat
1300 5570 1397 5634 bomo,
1413 5570 1533 5624 nomine
1555 5569 1690 5625 Alvodus.

845 5587 936 5713 {injus
952 5643 1048 5712 itaque
1062 5640 1204 5711 aegritudo
1218 5639 1356 5712 paralysis
1371 5640 1412 5695 ita
1426 5645 1519 5696 totam
1533 5638 1587 5696 sibi
1600 5640 1692 5696 vindi·
