3930 6098
94 258 146 310 dil
611 251 902 313 waNuaLannTUs
920 254 1134 313 pituerensis
1154 253 1317 311 thlthlll.
1794 260 1847 313 628

94 385 165 441 Huic
180 386 259 441 laetos
269 385 361 440 crines
376 382 562 455 jucundaque
576 386 708 455 tempora
721 384 845 439 Phoebus
960 389 983 442 h
997 385 1056 440 Alis
1071 402 1147 457 sape
1161 385 1249 441 etiarn
1263 386 1373 441 bellurn
1387 386 1567 460 stimulisque
1587 390 1741 450 lacessunt.

98 474 229 530 Floribus
243 489 275 527 ae
286 470 370 526 viridi
383 470 510 541 primum
526 471 561 526 de
580 471 681 527 fronde
695 476 838 529 venustat.
998 474 1031 529 ln
1045 474 1253 546 pulchramque
1266 478 1355 529 ruunt
1368 475 1497 529 animoso
1511 480 1626 547 pectore
1641 480 1776 532 mortem.

94 565 153 619 lloc
167 577 233 617 nam
249 564 351 614 cuneta
366 576 432 615 suos
446 567 603 631 erumpunt
619 561 750 631 germina
766 567 883 632 partus;

94 652 153 706 lloc
165 648 258 720 campi
274 648 410 719 silvaeque
430 653 459 703 et
478 653 559 720 prata
574 650 700 704 recentia
720 666 828 719 mense,
1338 617 1381 670 DE
1399 616 1510 672 mmo·

92 736 236 805 Gramine,
253 736 366 805 froude,
386 737 465 806 satis,
480 738 568 792 variis
587 744 767 810 vernantque
782 739 905 804 frutetis,
997 743 1021 796 A
1034 743 1106 797 Jano
1119 744 1228 794 sartum
1243 740 1343 794 statuit
1356 757 1441 811 quem
1457 739 1550 795 Julius
1565 739 1635 795 anni

93 826 135 881 ild
150 830 326 898 pastumque
339 842 442 897 greges
459 826 578 881 mittunt
589 827 730 898 praesepia
744 832 872 883 cunctos.
999 831 1134 894 Mensem,
1148 828 1268 882 lunonis
1285 827 1443 882 retinemus
1464 829 1582 883 nomine
1597 828 1724 895 dictum;

92 917 164 971 Turn
180 914 334 987 philomela
349 930 401 969 suo
418 915 554 969 exercitet
567 915 692 986 impigra
706 920 817 982 eantrrs,
902 962 904 964 .
997 921 1055 975 Aut
1069 918 1195 989 populus
1206 917 1305 989 junior
1321 917 1450 988 patribus
1467 917 1501 972 de
1517 933 1597 972 mora
1613 919 1767 985 secundus,

93 1007 202 1074 Arguta
217 1003 338 1058 etteetis
356 1003 455 1058 nidum
472 1004 621 1076 suspendit
636 1005 760 1059 hirundo
778 1022 784 1059 :
1000 1010 1058 1064 lloc
1072 1006 1165 1061 mensi
1177 1006 1315 1077 imposuit
1332 1010 1443 1060 serrato
1460 1022 1492 1060 cx
1508 1006 1609 1061 ordine
1625 1023 1742 1062 nomeu.

93 1093 165 1147 Turn
177 1091 279 1156 sturni,
294 1092 422 1158 merulae,
440 1092 526 1159 turdi,
548 1092 683 1164 silvisque
698 1093 825 1147 volucres
999 1096 1070 1153 lluic
1085 1094 1197 1152 Gemini
1213 1099 1326 1166 aequata
1345 1094 1663 1166 praesignantlampada
1682 1094 1845 1161 Phoebum.
1884 1143 1910 1153 -

94 1182 197 1249 Snetse,
208 1181 363 1236 multisono
379 1183 556 1253 permulcent
569 1198 636 1237 aare
650 1189 746 1236 cantu.
999 1184 1096 1239 Sidere
1111 1187 1155 1237 ter
1165 1182 1253 1252 quino
1266 1182 1358 1236 celsus
1370 1198 1443 1253 quos
1458 1180 1578 1253 signiter
1597 1185 1689 1236 aurat.

94 1272 200 1326 Turiur
215 1276 276 1325 tum
292 1269 400 1341 gemitu
423 1270 540 1341 pariter,
557 1286 707 1340 raucaeque
722 1269 874 1341 palumbes
999 1269 1125 1326 Solstitio
1139 1269 1184 1324 hic
1199 1269 1450 1340 reliquossuperat
1463 1268 1614 1340 longisque
1632 1268 1734 1323 diebus

95 1359 196 1415 norun·
211 1358 453 1413 oblectanticssos
467 1359 561 1413 studio
576 1362 661 1429 atque
674 1358 785 1425 labore,
1000 1360 1119 1421 Menses,
1131 1358 1165 1412 ad
1181 1373 1309 1411 summos
1323 1356 1387 1412 coeli
1402 1357 1450 1428 qui
1466 1357 1600 1428 pervenit
1614 1358 1707 1412 orbes.

94 1447 404 1502 Vanandihoeeadcm
422 1452 463 1501 est
483 1447 578 1502 ldartis
602 1464 666 1519 qnae
682 1463 780 1502 mense
804 1448 944 1519 voluptas.
1000 1446 1554 1517 Torridaethoceestassegatesiorat,
1583 1447 1842 1518 arvaqueprimu..
1880 1478 1906 1500 0
1931 1480 1961 1504 ι

95 1537 207 1591 luteraa
222 1535 356 1607 agricolae
367 1535 516 1604 insistunt,
530 1534 684 1607 frugesque
698 1536 810 1591 futuras
1001 1535 1140 1590 Fluminis
1156 1535 1186 1589 in
1201 1535 1325 1606 speciem
1336 1534 1438 1589 culmis
1455 1535 1563 1590 undare
1583 1534 1695 1590 refertis

95 1624 216 1695 Sepibns
231 1627 279 1678 aut
295 1623 377 1678 fossis
391 1628 547 1695 properant
569 1625 682 1678 munire
702 1623 831 1679 caratis·
1000 1624 1093 1679 Efficit
1108 1639 1114 1678 :
1130 1624 1184 1678 hoc
1197 1623 1296 1677 hortos
1310 1623 1396 1677 etiam
1409 1640 1460 1677 sua
1475 1640 1545 1678 eura
1563 1624 1672 1693 revisit,

96 1714 179 1766 Prata
194 1712 237 1766 vel
252 1711 364 1767 emissis
379 1712 506 1766 celerant
521 1718 621 1783 potare
636 1712 767 1780 fluentie;
967 1689 987 1743 B
1001 1716 1094 1784 Atque
1109 1713 1220 1766 olerum
1227 1711 1288 1782 jam
1305 1716 1373 1767 tunc
1388 1712 1504 1783 prodest
1517 1716 1707 1783 transponere
1727 1714 1868 1785 plantas-
1889 1737 1962 1775 es

96 1800 206 1855 Vitihus
221 1806 271 1855 arat
284 1801 372 1855 vallos
387 1801 496 1855 addunt
509 1801 661 1873 furcasque
676 1801 818 1869 bicornes,
1002 1802 1075 1855 llum
1088 1804 1194 1855 tenerae
1210 1800 1240 1854 in
1251 1798 1375 1854 lructum
1387 1805 1507 1871 possunt
1519 1800 1679 1856 adolescere
1694 1802 1869 1873 pinguem}
1916 1827 1955 1863 ι

97 1889 313 1961 Corticihusque
328 1889 427 1960 ligant,
440 1893 538 1944 ventos
551 1895 583 1944 ut
594 1894 722 1945 temnere
739 1891 841 1946 ssantes
970 1951 975 1961 ¹
1001 1890 1062 1944 idox
1076 1889 1174 1955 violas,
1189 1893 1275 1960 atque
1291 1888 1357 1942 inde
1373 1904 1462 1956 rosas,
1477 1891 1505 1941 et
1519 1888 1579 1942 lilia
1595 1893 1709 1961 tempus

96 1976 257 2032 Pendentes
270 1977 352 2031 facile
367 1982 395 2033 st
408 1979 521 2049 possint
536 1983 650 2049 portare
664 1995 804 2045 racemos,
1001 1977 1134 2047 Carpere,
1150 1980 1178 2029 et
1193 1975 1222 2028 in
1237 1975 1356 2029 calathis
1370 1975 1515 2047 hyacinthi
1522 1975 1646 2046 jungere
1659 1975 1770 2031 florem.

97 2065 212 2121 Graiam
230 2081 286 2119 neu
300 2065 425 2136 speciem
438 2065 534 2120 vincta
544 2066 671 2137 jacentia
685 2071 812 2138 turpant,
1002 2064 1072 2118 lliuc
1086 2080 1149 2119 mos
1162 2064 1271 2117 lactuca
1284 2078 1378 2117 coenas
1395 2079 1566 2134 componere
1577 2064 1685 2134 dulces,

97 2156 154 2208 hut
169 2153 295 2208 validum
309 2153 429 2225 indigno
445 2160 557 2209 mutent
572 2156 750 2227 perdantque
762 2157 913 2228 saporem}
1000 2152 1139 2207 Suavibus
1150 2156 1236 2223 atque
1247 2151 1343 2206 herbis
1358 2151 1466 2207 validos
1483 2153 1611 2207 relevare
1626 2169 1744 2224 sapores

1000 2240 1084 2306 Allia,
1100 2256 1179 2311 cepe,
1196 2240 1253 2294 suis
1264 2244 1332 2294 trrnc
1347 2244 1414 2295 sunt
1427 2240 1590 2312 gratissima
1604 2242 1705 2308 suecis,

440 2297 486 2350 DE
505 2296 601 2351 ldle.
1000 2330 1071 2384 Turn
1085 2345 1201 2401 quoque
1213 2333 1312 2383 menta
1325 2328 1428 2398 placet,
1441 2335 1561 2400 tumque
1579 2335 1622 2384 cst
1642 2330 1768 2384 satureia
1777 2332 1851 2385 salu·
1868 2352 1946 2391 tr.

100 2418 231 2474 ldercurii
246 2423 349 2483 mater,
364 2417 435 2473 falso
450 2418 551 2473 delusa
562 2418 692 2490 priorum
1771 2417 1938 2492 husa,

99 2508 173 2562 AEtas
185 2522 271 2578 quam
286 2506 384 2572 coluit,
401 2506 517 2576 ldaium,
531 2508 702 2578 cognomina
717 2509 787 2564 Maia
1001 2506 1072 2560 Cum
1083 2505 1206 2559 necdum
1222 2505 1329 2560 validas
1343 2506 1486 2561 concrevit
1503 2522 1602 2562 succus
1617 2507 1647 2562 iu
1663 2507 1777 2563 herbas.

100 2594 235 2666 insignit,
249 2594 294 2648 vel
310 2594 453 2664 majorum
469 2595 504 2650 de
519 2596 635 2650 nomina
653 2600 769 2667 patrum
1000 2594 1078 2648 'lunc
1092 2597 1121 2648 et
1135 2592 1226 2648 dulcis
1239 2609 1321 2665 aquas
1335 2594 1485 2648 salientem
1496 2610 1625 2666 quaerere
1640 2611 1743 2651 venam

100 2684 205 2741 ltictus.
222 2700 288 2754 pars
303 2684 401 2754 populi
416 2701 480 2754 quaa
494 2685 609 2755 dignior
624 2686 694 2741 urba
709 2691 806 2759 togata
998 2680 1107 2753 iejunis
1121 2682 1223 2754 placat,
1239 2688 1327 2754 atque
1343 2682 1448 2737 haustu
1463 2683 1551 2737 vitare
1567 2684 1685 2739 calores.

99 2772 233 2849 Exstitit:
250 2772 315 2826 huie
329 2773 438 2828 Taurus
452 2778 495 2827 ter
508 2774 597 2845 quino
614 2774 709 2829 sidere
724 2774 838 2847 fulgens
1000 2772 1070 2825 llinc
1085 2771 1172 2827 etiam
1191 2787 1288 2825 cerasa
1300 2771 1452 2825 arboribus
1468 2770 1621 2844 decerpere
1635 2778 1759 2845 tempus.

99 2860 283 2916 Aurieomum
300 2861 415 2930 praefert
426 2862 524 2916 estiva
539 2863 672 2933 lampade
688 2864 839 2932 Phoebum,
1001 2859 1131 2913 Puniceis
1145 2859 1249 2914 cerasis
1260 2859 1415 2914 succedunt
1427 2877 1509 2914 cerea
1524 2877 1627 2932 pruna.

98 2950 264 3021 lulleroque
278 2966 354 3020 genu
368 2951 528 3005 scandentis
541 2951 570 3005 in
586 2953 692 3006 aethera
702 2953 788 3008 Tauri
965 2982 985 3037 G
1000 2948 1120 3019 lloxque
1137 2949 1214 3018 pyris
1229 2949 1331 3019 primis
1344 2949 1490 3004 adduntur
1506 2950 1586 3005 mitia
1596 2951 1681 3019 mala,

101 3039 234 3092 Frontem
250 3038 373 3093 llaiades
385 3039 511 3109 septenis
524 3039 640 3111 ignibus
655 3045 768 3095 ararent.
1001 3038 1153 3108 Postquam
1168 3037 1279 3091 desecto
1290 3037 1444 3092 viduantur
1459 3043 1540 3109 prata
1555 3039 1658 3106 virore,

100 3127 152 3184 Hic
165 3126 239 3182 veris
254 3125 389 3181 claudens
400 3127 511 3180 aestivos
525 3126 627 3198 incipit
641 3127 733 3196 orbes,
1001 3125 1139 3195 Agricola
1154 3130 1183 3179 et
1197 3124 1292 3179 clauso
1306 3129 1493 3180 contemnunt
1503 3126 1611 3197 frigora
1620 3128 1706 3183 ioeno.

98 3211 278 3282 Tellurisque
293 3227 381 3265 novas
396 3210 493 3282 fruges
503 3212 673 3266 mortalibus
686 3212 771 3284 aegris
1002 3212 1164 3269 Glandiiera
1183 3213 1249 3268 hinc
1259 3214 1361 3268 florem
1376 3230 1428 3284 per
1440 3215 1524 3268 silvas
1539 3214 1635 3270 induit
1649 3217 1742 3272 arbos.

101 3300 270 3367 Ostendens,
292 3300 409 3354 calathis
423 3300 535 3370 primus
549 3316 600 3355 sua
616 3302 720 3372 pocula
735 3301 844 3370 miscet,
1003 3301 1076 3372 lpsae
1091 3306 1120 3355 et
1130 3300 1223 3356 ricino
1239 3301 1309 3356 vites
1322 3317 1388 3356 curn
1402 3301 1473 3357 flore
1488 3309 1652 3359 tumescunt

102 3389 249 3459 Fragaque
265 3387 299 3442 de
314 3387 433 3442 modicis
449 3388 720 3459 praedrrlciacolligit
733 3389 841 3444 herbis.
1344 3444 1390 3499 DE
1404 3444 1502 3501 mmo

100 3477 132 3530 ln
147 3475 302 3547 spicastum
315 3476 376 3545 jam
388 3475 540 3530 viridantia
550 3476 660 3532 semina
674 3482 806 3549 surgunt,
1506 3487 1512 3498 '

100 3563 272 3634 auritosque
286 3566 388 3633 tegunt
402 3563 515 3634 lepores
530 3564 664 3619 lactentia
684 3565 770 3620 lurra.
1003 3566 1098 3621 Martis
1110 3565 1191 3637 origo
1206 3567 1261 3622 sibi
1276 3567 1410 3640 quintum
1425 3585 1512 3642 quem
1527 3569 1622 3641 signat
1630 3571 1662 3628 in
1677 3589 1764 3642 anno,

100 3653 160 3707 lloc
174 3651 271 3706 herbis
286 3651 391 3706 durum
408 3650 524 3724 prodest
538 3654 651 3709 mollire
667 3654 779 3725 lyaeum,
1003 3656 1216 3728 Quintilamqua
1230 3672 1296 3711 snos
1305 3658 1390 3728 jussit
1407 3658 1529 3713 vocitare
1544 3659 1693 3724 Quirinus.

100 3742 343 3814 Praesumptisque
358 3758 546 3798 novercarum
561 3744 650 3798 vitare
662 3759 772 3797 venena
1002 3744 1173 3814 Septimusa
1191 3746 1262 3799 lano
1279 3746 1407 3800 medium
1422 3763 1499 3803 nnnc
1515 3747 1624 3804 obtinet
1638 3765 1749 3806 annum

101 3830 226 3895 Potibus,
241 3831 272 3885 in
283 3831 392 3885 variam
406 3848 478 3903 quos
494 3833 617 3903 gignunt
630 3849 697 3887 arra
708 3831 859 3889 medelam.
1003 3833 1105 3902 Julius,
1120 3849 1136 3887 a
1151 3849 1316 3905 magnoque
1327 3836 1446 3889 excellet
1458 3835 1568 3891 Caesara
1585 3837 1688 3893 dictus.

100 3919 175 3985 Quin
190 3924 218 3976 at
232 3925 342 3975 mutato
352 3927 500 3991 serpentes
515 3937 578 3976 aere
590 3922 716 3987 morbos,
1004 3920 1129 3976 Solstitio
1144 3922 1271 3977 ardentis
1286 3923 1397 3991 Cancri,
1410 3924 1457 3978 cui
1473 3923 1569 3980 sidera
1582 3925 1696 3997 fulgent

98 4009 169 4064 Trrrn
185 4008 295 4063 medica
310 4023 343 4062 ex
360 4023 414 4061 nsu
429 4008 511 4062 facila
526 4014 569 4063 est
583 4008 727 4078 depellere
743 4023 820 4062 cura.
1005 4009 1132 4074 Quatuor
1145 4014 1173 4064 et
1187 4009 1268 4065 denis
1281 4010 1388 4081 pariter
1403 4012 1544 4066 radiantia
1557 4011 1695 4081 flammis,

100 4095 159 4149 lloe
174 4093 260 4149 ctiam
277 4110 376 4149 mense
392 4097 530 4148 autumno
547 4109 612 4165 quse
628 4094 680 4148 rite
695 4099 841 4161 seruntur,
1004 4098 1085 4152 Hunc
1098 4096 1215 4168 paribus
1228 4098 1327 4168 spatiis
1342 4099 1431 4154 centri
1444 4099 1569 4155 demissa
1583 4117 1635 4173 per
1649 4118 1731 4158 axem

101 4182 239 4253 Agricolas
254 4182 346 4236 ductis
360 4181 507 4235 invertunt
518 4185 599 4251 terga
609 4182 749 4252 juvencis.
1004 4184 1154 4239 Gonsociat
1163 4188 1242 4239 sexto
1256 4185 1323 4240 solis
1336 4186 1386 4241 lux
1398 4204 1486 4242 aurea
1501 4189 1605 4244 mensi.

101 4269 169 4333 lloc,
183 4268 288 4339 quibus
302 4267 440 4321 armentis
454 4284 537 4321 amor
551 4273 593 4322 est
606 4273 632 4323 at
643 4271 736 4324 cultus
750 4271 884 4326 habendi.
968 4275 990 4328 n
1006 4272 1143 4328 Fecunda
1157 4273 1211 4328 hoc
1222 4279 1333 4344 segetes
1348 4275 1449 4330 culmis
1460 4275 1613 4332 flavescere
1629 4278 1750 4334 summis

101 4356 233 4411 Facundo
249 4357 345 4427 pecori
355 4356 461 4410 lectum
472 4356 507 4411 da
521 4373 600 4411 more
615 4359 750 4413 maritum
1005 4360 1162 4431 Incipiunt,
1177 4365 1205 4416 et
1215 4378 1295 4433 spem
1312 4363 1412 4418 messis
1425 4370 1537 4419 matura
1552 4365 1659 4421 referre

101 4445 249 4509 Emittunt
264 4450 382 4517 gentem
396 4444 522 4499 dominis
538 4446 587 4517 qui
603 4452 696 4502 servet
709 4448 857 4519 equinam.
1006 4450 1118 4505 ilerden
1133 4450 1185 4505 sub
1200 4450 1302 4521 primis
1318 4453 1450 4506 autumni
1462 4452 1540 4524 jacta
1551 4454 1675 4524 pruinis.

101 4533 160 4590 lloc
174 4549 289 4606 quoque
304 4534 445 4588 delectum
460 4534 560 4589 eastris
574 4535 691 4607 acieque
706 4538 827 4607 probare
1005 4540 1063 4594 lloc
1077 4555 1192 4611 quoque
1207 4539 1441 4612 quandoquidem
1453 4540 1539 4611 justis
1558 4543 1635 4598 louet
1648 4543 1765 4616 ignibus
1785 4537 1934 4598 arria⁸

99 4621 235 4677 lironem
250 4626 329 4676 vatus
344 4621 470 4677 instituit
490 4623 630 4692 doctrina,
647 4625 791 4696 simulque
1003 4627 1138 4696 Phoebus,
1155 4628 1295 4683 triticeam
1311 4629 1442 4700 praebent
1454 4630 1531 4684 bona
1547 4630 1667 4687 ilamina
1682 4648 1811 4688 messem.

99 4708 212 4765 Turmis
222 4714 250 4763 et
263 4709 377 4780 legione
391 4710 481 4765 hostis
495 4727 626 4782 premere
641 4728 721 4766 arma
736 4714 852 4784 superbi
869 4731 876 4768 z
1005 4717 1075 4773 lliuc
1090 4717 1177 4771 etiam
1193 4716 1243 4771 lini
1255 4722 1381 4789 segetem
1394 4734 1497 4773 manus
1511 4723 1578 4790 apta
1592 4721 1732 4792 requirit;

100 4797 156 4853 Seu
170 4797 289 4852 classem
302 4797 469 4853 instructam
483 4800 688 4876 ventisgaptare
701 4802 841 4857 secundis.
1005 4806 1076 4859 Nam
1091 4810 1152 4859 sata
1171 4821 1235 4876 quae
1250 4805 1337 4860 fucrit
1351 4806 1445 4861 llartis
1461 4806 1513 4861 sub
1527 4822 1638 4875 mense,
1653 4808 1766 4864 refertis

99 4886 229 4958 Tumque
244 4885 315 4941 iaris
331 4892 403 4941 aestu
418 4888 523 4942 croceis
537 4889 642 4943 emissa
657 4891 792 4958 juventus
1005 4892 1150 4948 Follienlis
1164 4893 1257 4949 reddit
1266 4899 1411 4950 maturum
1429 4895 1538 4962 Julius;
1554 4902 1641 4969 atque

101 4977 175 5029 here
190 4973 242 5029 snb
257 4975 334 5029 nudo
353 4974 435 5042 ludit,
452 4977 627 5048 stabulisque
645 4977 750 5031 relictis
1004 4984 1058 5036 Per
1074 4985 1223 5037 mensemb
1237 4983 1353 5038 Veneris
1369 4983 1454 5038 sulcis
1464 5000 1529 5055 quae
1543 4984 1650 5040 eredita
1665 4987 1747 5052 raris,

102 5063 221 5134 lgnotaa
232 5069 367 5135 querunt
381 5064 551 5134 vagabunda
566 5064 697 5120 examina
711 5064 791 5120 sedes
808 5082 815 5121 ε
1003 5073 1132 5143 Augusto
1147 5087 1276 5126 mensam
1289 5087 1391 5144 campo
1403 5072 1483 5128 debit
1494 5073 1558 5144 ipsa
1569 5079 1698 5145 perusto.

136 5231 150 5258 ⁸
163 5225 272 5304 hinnire
295 5226 407 5279 caratis.
437 5225 468 5279 ln
486 5224 581 5278 codice
611 5224 710 5296 bigot..
737 5227 845 5295 colotis,
861 5227 948 5282 mala.
999 5226 1132 5297 jacentia,
1160 5229 1212 5284 uhi
1241 5235 1303 5286 erat
1329 5233 1422 5286 vincto
1446 5233 1585 5302 jaceatio3
1608 5236 1638 5287 et
1665 5232 1742 5289 iavet
1769 5213 1935 5289 colel)

102 5293 235 5348 Garatom
264 5310 294 5349 rn
323 5294 418 5349 media
444 5295 595 5350 Latinitate
620 5312 674 5366 pro
699 5296 772 5351 vallo
794 5313 845 5351 seu
872 5299 950 5353 fossa
1005 5298 1099 5370 bigot.

101 5369 272 5446 usurpatum
286 5381 347 5419 esse
364 5365 448 5437 pauci
472 5365 615 5436 ignorant.
637 5366 738 5422 Statim
762 5374 845 5436 prato
859 5369 949 5424 edidi·
1037 5371 1119 5425 beer
1139 5386 1264 5427 mensem.
1294 5371 1339 5428 Sic
1354 5372 1445 5428 codex
1471 5373 1562 5445 Bigot
1587 5376 1681 5429 Antea
1704 5355 1927 5447 remeatus

103 5447 180 5502 mus,
204 5434 255 5490 ubr
270 5435 421 5507 legabatur
447 5441 530 5504 grato
545 5439 623 5492 nullo
646 5453 745 5506 sansu;
765 5454 832 5495 mox
858 5441 951 5496 vineto
1000 5455 1052 5510 per·
1075 5444 1174 5496 eremis
1194 5442 1248 5497 :in
1276 5443 1379 5499 eodem
1404 5459 1490 5500 versu
1508 5445 1641 5501 voculam
1666 5461 1729 5515 quer
1746 5445 1910 5502 audilis

1003 5525 1078 5566 rnna.
