3930 6098
67 196 119 250 ¹49
625 200 669 256 DE
689 200 854 258 CORPORE
877 203 921 259 ET
940 201 1115 261 sanamus
1135 205 1270 262 uolttru.
1768 218 1819 274 iso

62 329 233 394 orationem,
255 330 308 386 hoc
320 335 348 385 et
360 334 461 402 postea
479 331 647 387 consistant.
672 333 756 388 Panis
770 337 798 388 at
813 333 910 389 vinnm
925 336 947 389 Α
967 338 1025 390 tem
1039 335 1108 407 qaia
1121 336 1192 392 fides
1205 341 1298 393 totum
1321 339 1462 411 quidquid
1474 341 1545 399 illud
1560 347 1654 401 totum
1675 350 1727 415 est,
1743 349 1818 421 aspi·

64 417 148 488 prius
171 419 348 487 exstitere;·
373 420 402 474 ia
429 436 487 492 qua
510 421 596 475 etiam
620 422 715 492 specie
732 422 793 493 jam
816 439 913 477 conss·
969 425 1015 491 eit,
1031 431 1059 480 ct
1074 426 1276 481 oculnscarais
1292 428 1363 482 nihil
1379 430 1578 500 apprehendit,
1594 432 1819 507 intelligatquod

63 512 145 561 crata
160 523 329 577 permanere
352 508 496 563 videntur.
527 511 574 564 Est
599 526 668 580 ergo
695 509 816 565 interius
837 527 914 565 eom·
968 529 1026 568 noa
1052 514 1083 568 ia
1107 514 1212 585 specis,
1243 514 1292 569 sed
1321 516 1350 570 ia
1374 517 1477 573 virtute
1506 536 1611 591 corpus
1644 527 1672 578 et
1702 525 1819 594 sangnis

62 599 208 650 mutatum
227 596 349 666 Spiritus
373 597 462 652 saneti
482 598 592 668 potenti
612 598 726 664 virtute,
751 599 826 669 quod
844 600 914 653 tides
968 601 1074 656 Christi
1084 603 1208 657 existant
1231 619 1296 674 quse
1315 611 1481 660 cernuntur.
1508 608 1584 662 Unde
1611 609 1679 663 dicit
1702 612 1815 684 (lotar

62 683 176 753 aspicit,
208 685 333 738 animam
361 687 463 755 pascit,
488 691 603 739 returnar
631 686 696 740 vitae
723 686 911 742 substantiam
969 691 1132 746 «Ordinem
1153 698 1264 745 naturas
1290 708 1348 746 non
1367 693 1413 747 hic
1436 693 1619 763 intuendum,
1642 699 1691 753 sed
1712 701 1817 756 Christi

61 771 274 828 subministrat.
966 780 1336 850 potentiamrcaerandam,
1350 798 1415 852 quie
1429 783 1566 854 quidquid
1582 787 1651 852 vult,
1672 789 1817 859 quomodo

97 858 152 913 LV.
189 861 259 915 ltem
293 861 323 916 in
362 861 548 932 sequentibus
579 861 689 933 (lbid.):
723 882 737 915 u
770 864 842 929 Quid
868 864 913 920 hic
967 870 1036 935 vult,
1064 869 1255 941 quodcunque
1284 871 1392 924 vallet
1412 876 1489 925 creat
1510 872 1587 942 quod
1608 888 1667 929 aaa
1693 882 1763 942 erat,
1788 881 1816 932 et

59 949 170 1019 quaeris
194 954 303 1004 natasse
339 950 469 1005 ordinem
500 951 530 1005 iu
560 950 664 1006 Christi
688 967 818 1022 corpore,
847 969 911 1008 cum

60 1041 170 1108 praeter
197 1042 330 1093 naturam
354 1038 391 1093 sit
413 1039 474 1111 ipse
498 1039 634 1094 Dominus
662 1040 742 1095 lesus
767 1048 864 1112 partas
879 1058 912 1096 ex

59 1124 229 1195 Virginei»

97 1213 165 1269 Llll.
194 1214 243 1269 llic
268 1215 329 1286 jam
356 1215 449 1286 surgit
473 1216 597 1285 auditor,
628 1218 691 1271 iet
718 1217 786 1272 dicit
809 1234 910 1289 corpus

59 1317 123 1356 esse
147 1302 253 1358 Christi
274 1303 352 1374 quod
368 1304 508 1370 cernitur,
534 1309 563 1359 et
576 1305 746 1375 sanguinem
772 1307 821 1376 qui
840 1306 911 1361 hibi·

966 961 1093 1011 creatum
1121 962 1265 1028 permutat
1286 958 1316 1012 in
1341 958 1368 1013 id
1392 959 1471 1029 quod
1499 964 1584 1015 autea
1605 977 1661 1015 aon
1687 963 1813 1020 fuerat.»

966 1045 1119 1116 thjangit
1143 1046 1219 1100 idem
1245 1051 1344 1101 auctor
1364 1047 1458 1118 (ibid.)
1474 1066 1508 1101 :u
1526 1049 1595 1102 Vera
1615 1050 1714 1122 utique
1738 1068 1814 1122 caro,

966 1148 1029 1203 quse
1054 1133 1189 1187 crucilixa
1219 1138 1272 1200 est,
1299 1150 1363 1205 quae
1388 1135 1498 1205 sepulta
1523 1140 1566 1190 est
1576 1154 1584 1200 ;
1614 1137 1627 1179 d
1653 1154 1718 1193 vere
1746 1156 1814 1210 ergo

965 1220 1150 1275 carnisillius
1180 1227 1389 1276 sacramentum
1414 1228 1471 1291 esl;
1499 1223 1560 1295 ipse
1583 1225 1687 1281 clamat
1717 1228 1812 1281 Domi·

965 1326 1018 1364 nus
1034 1310 1114 1364 lesus
1129 1326 1136 1364 :
1151 1312 1205 1365 llos
1217 1315 1255 1365 est
1270 1326 1366 1380 corpus
1380 1327 1476 1366 mrum.
1494 1333 1504 1360 r
1597 1322 1603 1329 '

58 1393 121 1455 tar;
149 1405 202 1444 aec
222 1392 413 1462 quaerendum
439 1393 584 1462 quomodo
601 1393 717 1458 lactum,
744 1394 792 1448 sed
810 1400 909 1448 tenea·
1001 1398 1185 1463 tillonem
1211 1399 1373 1468 diligenter,
1397 1416 1483 1470 quam
1506 1399 1664 1470 prudenter
1684 1404 1757 1459 lacta
1772 1405 1812 1459 di-

58 1477 132 1533 dam
157 1479 411 1549 quodsiciactum
437 1480 482 1534 sit.
515 1481 721 1552 Bsaequidsm
742 1482 847 1536 sentire
867 1483 909 1536 vi-
964 1485 1092 1540 stinrtiol
1121 1488 1158 1540 lte
1180 1502 1264 1540 earne
1291 1487 1404 1555 Christi,
1432 1505 1497 1559 quse
1517 1490 1650 1544 crucillxa
1675 1500 1727 1555 est,
1746 1509 1809 1565 qaae

56 1565 147 1620 deris.
177 1567 232 1622 Sed
257 1567 282 1622 si
306 1569 364 1623 vim
385 1569 537 1624 verborum
559 1569 714 1641 diligenter
740 1570 907 1643 inspexeris,
964 1574 1073 1643 sepulta
1089 1574 1183 1644 est,lid
1204 1578 1255 1641 est,
1275 1578 1433 1631 secundum
1456 1593 1542 1648 quam
1559 1578 1685 1634 Christus
1700 1580 1809 1652 atteru-

56 1663 187 1726 ‘eorpus
208 1656 323 1728 quidem
340 1657 445 1712 Christi
466 1658 694 1736 sanguinemque
709 1658 834 1714 fideliter
847 1676 906 1714 ere·
924 1631 944 1685 B
963 1662 1063 1716 cilixus
1080 1666 1123 1716 est
1137 1667 1165 1717 et
1180 1663 1319 1733 sepultus,
1336 1662 1389 1718 ait:
1415 1665 1487 1719 Vera
1501 1665 1599 1736 itaque
1613 1684 1679 1723 caro
1694 1669 1807 1723 Christi.

56 1743 111 1799 dis.
128 1744 184 1800 Sed
200 1746 226 1800 si
244 1745 421 1817 perspiceres
436 1747 504 1818 quia
519 1748 595 1818 quod
610 1747 701 1803 credis
725 1748 853 1802 nondum
866 1750 907 1803 vi·
962 1755 997 1805 At
1011 1749 1046 1805 dc
1065 1751 1113 1805 illa
1137 1767 1202 1822 qne
1227 1752 1350 1805 sumitur
1365 1752 1394 1806 iu
1413 1752 1607 1821 Sacramenta,
1631 1755 1712 1810 dicit:
1739 1758 1808 1812 Vere

55 1833 120 1900 des;
147 1834 262 1888 namsi
287 1834 407 1901 videres,
431 1834 556 1890 diceres:
583 1836 758 1891 Videuzaou
778 1837 905 1892 diceres:
962 1852 1030 1908 ergo
1054 1838 1147 1891 caruis
1169 1838 1248 1893 illius
1272 1846 1483 1895 sacramentum
1511 1847 1563 1908 est,
1591 1852 1602 1878 ⁸
1629 1843 1808 1914 distinguens
1848 1892 1851 1897 .

56 1920 150 1977 Credo
165 1938 271 1994 corpus
294 1924 523 1996 sanguinemque
543 1939 604 1980 csse
619 1925 738 1980 Christi:
755 1941 832 1980 auae
855 1942 905 1980 aa·
960 1930 1172 1981 sacramentum
1192 1926 1284 1981 carnis
1306 1942 1323 1980 a
1343 1928 1461 1983 veritate
1488 1929 1597 1984 carnis:
1620 1937 1761 2001 quatenus
1776 1932 1807 1986 iu

56 2077 150 2130 liusin
165 2079 398 2147 incorruptibilem
410 2086 436 2135 et
450 2083 600 2150 angelicam
614 2082 798 2138 substantium
818 2086 907 2150 resor-
960 2085 1009 2138 sed
1023 2084 1157 2139 adversus
1184 2099 1231 2138 eos
1251 2083 1301 2155 qui
1329 2084 1449 2139 credunt
1474 2101 1573 2139 verram
1600 2090 1628 2140 et
1657 2088 1806 2158 proprium

55 2148 195 2202 nubatur.
212 2150 295 2220 Apud
317 2152 536 2216 Tertullianum,
563 2153 634 2207 libro
659 2154 693 2208 de
716 2155 905 2225 monogamia,
961 2170 1063 2225 corpus
1077 2154 1181 2209 Christi
1196 2155 1226 2208 iu
1254 2172 1287 2208 ea
1302 2155 1432 2210 sensibus
1454 2155 1567 2224 subjici,
1588 2156 1686 2228 ibique
1700 2159 1805 2212 contri·

56 2233 122 2288 pag.
138 2222 202 2286 887,
220 2221 276 2274 litt.
294 2222 323 2275 lt.
342 2224 512 2290 :Resurqere
529 2226 558 2276 in
577 2228 759 2292 operuearnis
774 2225 807 2279 de
819 2228 904 2279 conti·
960 2232 1021 2279 tum
1037 2230 1066 2279 et
1087 2228 1208 2279 fractum
1233 2225 1319 2279 nullis
1343 2227 1411 2280 velis
1425 2231 1476 2281 aut
1495 2227 1597 2297 liguris
1612 2228 1804 2297 reconditum,

55 2292 154 2344 sarrire
173 2293 240 2356 otio,
274 2297 313 2345 est
338 2292 493 2347 substantia
517 2295 649 2348 luterum:
678 2296 712 2348 ad
739 2295 904 2365 signilieaa·
959 2297 1002 2350 ssd
1019 2296 1145 2366 propriis
1161 2297 1252 2349 oculis
1265 2296 1383 2366 percipi.

56 2360 121 2440 dam
138 2364 196 2415 vim
219 2369 249 2416 et
262 2363 388 2431 vigorem
416 2365 547 2417 laterum.
576 2364 660 2418 Libro
678 2365 905 2421 udeCultnle-
994 2368 1131 2435 ⁰Ccrpus
1165 2367 1273 2434 quidem
1302 2367 1404 2424 Christi
1437 2369 1648 2436 terracinamque
1689 2369 1806 2437 fideliter

56 2446 213 2493 minarum,
231 2448 296 2502 pag.
323 2433 386 2499 175,
413 2435 466 2488 litt.
493 2436 522 2488 B.
547 2450 554 2488 :
579 2436 711 2490 Debemus
737 2437 846 2506 quidem
865 2441 905 2493 ita
958 2437 1095 2502 eredis,id
1113 2443 1165 2501 est,
1181 2437 1360 2491 omnidnbio
1376 2441 1551 2508 postposito;
1569 2440 1756 2509 quippedum
1772 2445 1804 2508 fi·

56 2508 269 2581 sancienttota
289 2504 354 2572 fidei
375 2505 532 2560 substantia
551 2506 690 2573 incedere;
719 2512 747 2560 et
772 2507 845 2561 libro
869 2509 904 2562 de
959 2508 1055 2561 daliter
1078 2508 1192 2571 eredere,
1226 2509 1382 2562 secundum
1415 2509 1616 2578 theologorum
1645 2509 1755 2564 dicendi
1778 2515 1806 2564 et

58 2573 259 2627 inhumatione
280 2575 425 2640 castitatis,
441 2591 516 2646 pag.¹
533 2577 594 2642 670,
616 2577 669 2631 litt.
687 2577 727 2631 C:
744 2580 794 2632 Per
817 2581 905 2633 conti·
959 2577 1100 2632 scribendi
1113 2579 1255 2632 rationem
1270 2586 1402 2632 accnratc
1417 2582 1445 2633 el
1459 2595 1511 2649 per
1523 2579 1623 2647 lidum,
1641 2579 1712 2634 nihil
1727 2580 1804 2635 aliud

56 2647 176 2697 nentium
203 2647 382 2713 negotiatoris
404 2662 531 2712 maasiam
552 2647 733 2701 substantium
757 2652 902 2704 castitatis.
959 2648 1099 2717 siguificat
1113 2665 1199 2719 quam
1211 2649 1311 2718 procul
1323 2649 1410 2703 dubio
1422 2655 1492 2703 eleo
1503 2650 1671 2721 postposito,
1695 2652 1745 2721 qai
1763 2657 1805 2705 est

56 2716 133 2783 lpud
147 2723 280 2768 sanetum
295 2718 484 2785 angustinum
497 2718 781 2787 lapsalmnmamm,
796 2720 851 2773 litt.
866 2722 902 2774 B:
958 2719 1091 2773 credendi
1107 2720 1237 2773 omnium
1257 2719 1326 2773 lidei
1340 2720 1527 2774 articulorum
1543 2721 1655 2775 modus.
1673 2751 1706 2760 -
1722 2723 1803 2776 lalel-

56 2787 102 2839 Per
128 2788 307 2854 iniquitatem
322 2788 399 2841 homo
413 2788 507 2856 lapsus
528 2793 567 2842 est
580 2788 736 2843 substantia
751 2791 779 2843 in
792 2805 846 2859 qua
858 2794 901 2856 su·
924 2830 930 2838 .
958 2790 1011 2856 liqe
1025 2790 1097 2858 quod
1111 2806 1164 2845 sian
1179 2793 1208 2844 in
1217 2793 1310 2858 specie,
1324 2791 1370 2844 sed
1383 2793 1412 2843 in
1422 2793 1523 2846 uirtute
1537 2807 1636 2860 corpus
1651 2797 1676 2846 et
1690 2795 1802 2859 sanquis

57 2861 109 2910 etus
118 2863 169 2910 est.
183 2856 265 2927 npud
277 2863 406 2911 sunctum
418 2859 533 2912 Petrum
544 2857 761 2930 Chrysalogum,
773 2876 903 2915 sermono
958 2861 1060 2916 Christi
1073 2863 1193 2915 esistunt
1217 2877 1276 2929 quae
1297 2867 1452 2917 cernamur.
1479 2862 1535 2915 Vox
1558 2864 1670 2931 species,
1692 2863 1716 2915 si
1730 2864 1802 2916 ratio

57 2928 96 2991 tl,
112 2927 143 2981 in
160 2927 228 2993 line,
245 2926 279 2981 da
300 2927 406 2983 Christi
425 2930 635 2983 resurreetione
658 2930 719 2984 haee
734 2935 900 2987 occurrunt:
918 2925 938 2982 C
957 2929 1096 2985 habeatur
1116 2931 1192 2986 modi
1207 2931 1318 2985 dicendi
1335 2936 1363 2985 et
1379 2930 1520 2986 scribendi
1540 2932 1698 2998 Hatramai‚
1715 2933 1802 2987 dubio

56 2997 108 3053 Sed
123 3002 250 3051 mutatur
263 2999 367 3066 effipies
382 2999 447 3053 dum
464 3001 584 3068 efficitur
596 3016 630 3055 en
640 3002 750 3057 mortali
761 3003 901 3056 immortu·
958 3003 1055 3071 procul
1066 3001 1208 3072 signilleat
1218 3004 1417 3070 apparitionem
1429 3003 1500 3056 visui
1513 3002 1680 3072 subjectam.
1693 3002 1723 3057 ld
1734 3019 1801 3056 vero

57 3069 131 3124 lieet
154 3085 191 3123 ea
209 3068 382 3136 corruptibili
404 3070 639 3139 irreorruptibitis3
664 3077 695 3125 ut
714 3073 761 3126 hoc
782 3075 818 3127 sit
838 3088 901 3126 ma-
955 3087 1015 3125 aoa
1031 3072 1086 3124 alia
1110 3072 1220 3140 indiget
1242 3071 1409 3140 probatione
1436 3088 1522 3143 quam
1548 3088 1580 3125 ex
1605 3074 1697 3127 verbis
1712 3074 1802 3127 saneti

58 3145 124 3195 usse
138 3141 324 3194 substantiam
345 3155 398 3194 non
411 3147 530 3195 mutasse
542 3156 692 3210 personum.
711 3142 777 3197 llaec
792 3146 899 3210 omnia,
955 3141 1097 3196 ambrosii
1123 3157 1187 3211 quae
1203 3141 1321 3211 profert,
1344 3141 1447 3211 quibus
1466 3142 1567 3196 asserit
1580 3142 1683 3195 virtute
1703 3158 1735 3195 ac
1748 3159 1801 3212 po-

57 3225 85 3264 ex
111 3210 241 3280 antiquis
263 3210 393 3264 Patribus
416 3213 563 3282 exscripta,
589 3212 699 3282 liquido
725 3213 902 3283 patefaciunt
955 3216 1056 3266 testate
1081 3213 1147 3265 lesu
1172 3211 1274 3266 Christi
1302 3227 1346 3264 res
1361 3211 1514 3281 productas
1541 3227 1601 3264 esse
1618 3211 1648 3265 ia
1667 3211 1737 3264 alias
1756 3228 1801 3265 res

57 3280 150 3335 Patres
164 3297 232 3335 usos
247 3297 308 3334 esse
325 3283 415 3335 instar
434 3282 583 3336 Ratramni
604 3298 673 3336 voce
693 3286 851 3340 substantia
865 3284 901 3337 ad
955 3299 1018 3354 quse
1043 3287 1125 3337 erant
1143 3288 1227 3336 antea
1251 3286 1453 3336 commutatas:
1480 3285 1514 3336 El
1532 3287 1652 3336 creatum
1662 3287 1801 3351 permutat

57 3351 259 3422 significandas
288 3352 442 3423 qualitates
471 3369 522 3406 seu
551 3354 739 3424 proprietates
770 3355 901 3408 sensibus
954 3356 983 3407 tn
998 3353 1029 3407 id
1040 3353 1112 3421 quod
1126 3357 1206 3406 unica
1219 3368 1272 3406 non
1282 3355 1383 3419 sacrat.

56 3424 214 3493 subjectas:
245 3423 487 3494 quemadmodum
522 3426 632 3492 psalmo
663 3439 760 3479 axvvn:
795 3427 901 3489 luficus
988 3424 1098 3477 staa
1120 3438 1182 3489 erqo
1206 3425 1297 3477 curnis
1321 3424 1394 3478 itlius
1417 3428 1615 3477 sacramentum
1637 3426 1686 3478 est.
1709 3423 1799 3476 later·

56 3507 111 3547 rum
137 3496 168 3546 in
194 3493 257 3546 lima
278 3494 412 3562 profundi
436 3500 462 3549 et
476 3510 529 3548 non
547 3500 586 3549 est
600 3495 770 3550 substantia:
787 3499 837 3546 Καὶ
854 3495 900 3547 οὐκ
974 3510 1019 3548 res
1034 3494 1215 3548 Calvinianus
1229 3494 1297 3547 anni
1314 3497 1391 3563 loti,
1413 3509 1446 3547 ex
1461 3493 1506 3546 his
1525 3494 1718 3564 cirajeeturam
1734 3492 1801 3548 lacit

55 3560 121 3615 ἐστιν
145 3565 305 3628 brueriam,
323 3571 352 3617 et
375 3566 483 3634 psalmo
508 3581 615 3624 cxxxix.
644 3581 717 3618 vers.
736 3569 782 3620 ll:
803 3569 834 3620 ln
849 3569 899 3619 mi·
953 3511 1016 3619 ibeo
1031 3564 1208 3690 hgjssiwssis
1230 3581 1301 3628 uere,
1317 3580 1382 3688 qqse
1397 3564 1562 3618 adverbium
1576 3564 1799 3690 cst3ulegeadam

952 3641 1799 3760 titiis:illinamustlitlllillltlittt

953 3775 1110 3846 aequilibris
1121 3780 1149 3828 et
1165 3791 1339 3855 magnopere
1353 3775 1526 3829 indifferens.
1544 3775 1596 3829 Sed
1608 3791 1674 3829 cum
1689 3783 1798 3830 veteres

54 3639 128 3689 seriis
160 3650 216 3690 non
248 3636 409 3688 subsistent:
445 3638 496 3686 Kal
526 3635 555 3687 οὐ
582 3640 618 3708 μὴ
647 3636 805 3690 ὑποστῶσιν.
837 3637 901 3690 llaee

54 3706 127 3760 raim
143 3721 207 3759 noa
229 3705 391 3774 significant
412 3706 577 3761 substantias
603 3707 770 3775 carentiam,
792 3706 841 3760 sed
857 3707 898 3761 di-

54 3776 175 3830 scrimen
190 3775 360 3847 qualitatum
377 3782 414 3851 ¹at
430 3777 643 3900 lproprietatum
661 3776 789 3831 sensibus
805 3777 899 3845 suhja-

54 3853 182 3901 etarnm:
211 3844 247 3900 ud
276 3853 401 3900 meatem
453 3847 587 3915 utramni,
616 3849 684 3900 dum
713 3849 766 3901 ait:
797 3850 899 3916 Corpus
952 3847 1063 3901 codices
1079 3845 1515 3914 manuscriptssanctiambrosn
1526 3851 1554 3897 et
1567 3845 1714 3898 llatramai
1725 3846 1798 3899 hanc

54 3917 318 3986 Christisusreptum
333 3920 362 3970 iu
385 3917 563 3972 Eucharistia
577 3923 682 3972 erema
696 3918 898 3974 vitasubslau-
952 3933 1048 3971 vocem
1073 3917 1242 3986 adjectivum
1274 3931 1332 3969 noa
1357 3915 1491 3980 reserant,
1516 3915 1663 3968 communi
1683 3917 1798 3970 lectioni

53 3989 115 4042 bum
136 3988 340 4054 subministrat,
356 3988 385 4042 id
401 3993 444 4042 est
462 3989 582 4059 gratiam
599 3987 684 4058 digne
699 3988 898 4042 manducanti·
953 3988 1099 4042 adherere
1124 4002 1182 4040 non
1206 3985 1377 4040 destitimus.
1395 3986 1514 4054 iusuper
1541 4000 1607 4038 evim
1624 3986 1796 4040 Ratramuns

52 4054 103 4112 bos
117 4074 235 4112 carnem
249 4058 453 4113 ethibentihus
467 4059 648 4129 sanguinem,
665 4075 768 4130 corpus
786 4059 899 4113 bomini
952 4074 985 4112 es
1003 4058 1088 4112 verbu
1104 4059 1268 4112 sacramenti
1283 4062 1331 4110 aut
1344 4057 1470 4125 mysterii
1482 4054 1625 4134 intelligat
1635 4055 1711 4126 quod
1727 4071 1794 4109 coa·

53 4128 286 4199 dijudicantibus.
952 4129 1024 4183 tinet
1039 4129 1164 4198 aliquam
1181 4143 1242 4181 rem
1267 4128 1404 4181 occultam
1422 4131 1450 4180 et
1474 4132 1650 4180 reconditam
1666 4126 1796 4179 sensibus

84 4209 97 4234 ⁸
112 4202 144 4255 la
171 4216 229 4269 qua
256 4202 339 4254 etium
364 4201 451 4268 speeie
473 4215 535 4269 pam
562 4203 717 4255 consecratu
741 4215 898 4269 permanere
952 4199 1084 4254 humanis
1111 4199 1230 4252 minime
1254 4198 1421 4267 subjectam,
1443 4202 1473 4250 at
1496 4197 1537 4250 ait
1558 4212 1679 4251 numero
1696 4199 1722 4263 9,
1739 4212 1795 4251 non

53 4271 188 4325 videntur.
212 4270 405 4324 Concinaator
428 4270 540 4325 Gallicas
568 4270 704 4323 versionis
733 4272 791 4323 lioec
812 4270 932 4325 verbuli
952 4271 1060 4324 alienus
1079 4287 1097 4324 a
1121 4268 1284 4335 Paschasio,
1302 4267 1445 4339 conceptis
1469 4267 1562 4322 verbis
1576 4268 1686 4321 dicente
1705 4268 1796 4337 capite

54 4348 272 4415 ηραφραστικὼς
296 4340 337 4393 sic
357 4340 503 4410 explanat:
521 4343 556 4397 m
576 4341 704 4395 uideretur
726 4346 787 4410 post
807 4356 897 4395 conse·
953 4344 968 4397 3
999 4340 1043 4395 sui
1068 4343 1204 4393 tractatus
1232 4338 1266 4393 de
1293 4339 1418 4407 Corpore
1447 4342 1476 4392 ct
1503 4338 1649 4409 Sanguine
1677 4337 1793 4392 Christi:

55 4416 203 4465 natantem
239 4411 399 4466 substantiae
434 4416 529 4466 neate
562 4427 720 4481 permanere
747 4415 776 4465 in
807 4412 899 4466 eadem
955 4412 1029 4467 Unde
1053 4412 1212 4481 mysterium
1235 4411 1277 4464 uel
1299 4414 1508 4472 oruamentum,
1534 4408 1606 4478 quad
1630 4411 1697 4463 Deus
1721 4409 1796 4463 horno

52 4485 151 4552 speeie.
171 4481 236 4536 llsec
250 4482 346 4543 rerba,
366 4483 524 4537 suberanus
545 4488 641 4538 creata
654 4483 684 4536 ia
709 4486 786 4537 texta
801 4482 899 4536 Latino
952 4484 1106 4548 (natusest,
1129 4481 1192 4549 jure
1212 4480 1328 4547 diuitum
1343 4480 1390 4534 sed
1410 4482 1567 4547 nvpsterium
1588 4479 1748 4534 dictumest
1768 4496 1796 4534 eo

54 4553 232 4625 autographo
248 4567 307 4607 aua
328 4551 488 4608 incurrunt.
508 4553 588 4618 Quod
607 4557 715 4624 spectat
728 4552 863 4623 speeiem,
877 4553 900 4607 si
953 4552 1026 4621 quod
1044 4557 1172 4606 secretum
1194 4556 1220 4605 et
1242 4551 1408 4606 reconditam
1430 4553 1459 4604 in
1480 4565 1508 4604 se
1527 4549 1623 4604 habeut
1639 4549 1795 4619 dispositio-

54 4625 86 4680 sd
101 4631 232 4679 meatem
258 4623 406 4679 Ratramai
430 4639 481 4694 pro
505 4622 685 4694 apparitione
702 4623 900 4678 autsimititu-
953 4639 1022 4677 riom.
1041 4622 1133 4676 Nimio
1149 4637 1234 4692 opere
1254 4627 1364 4674 coastat
1381 4621 1425 4675 his
1440 4622 1627 4676 Ratramnum
1645 4622 1686 4674 vel
1703 4622 1796 4691 potius

52 4694 118 4750 diae
133 4700 267 4749 sumatur
281 4693 435 4765 (nusquam
450 4709 517 4748 voro
533 4710 585 4764 pro
600 4693 661 4765 ipsa
679 4693 762 4764 panis
778 4698 828 4748 aut
841 4693 900 4747 viai
953 4699 1083 4747 sanetum
1095 4690 1331 4747 ambrosiumhtc
1341 4707 1375 4745 ex
1388 4694 1627 4746 voeesocramenti
1637 4691 1796 4760 intelligere

52 4772 157 4821 astura
184 4765 229 4819 uti
244 4764 421 4819 ostendimus
444 4765 480 4820 ad
501 4780 654 4820 numerum
671 4767 723 4832 ll),
737 4764 899 4834 haecpara·
953 4765 1101 4819 carbasum
1113 4767 1141 4816 et
1151 4763 1272 4833 liguram
1286 4762 1436 4833 qaseintus
1445 4763 1550 4816 occulit
1561 4777 1663 4832 corpus
1673 4762 1796 4831 Christi3

51 4835 165 4908 phrasis
189 4834 307 4890 delendi
330 4840 435 4906 posset,
461 4836 510 4890 sed
532 4835 682 4891 dubitandi
703 4836 781 4891 locas
803 4835 900 4890 nullus
953 4835 1011 4888 sive
1031 4850 1095 4889 vere
1109 4834 1204 4887 velam
1219 4833 1312 4886 caruis
1337 4848 1387 4885 seu
1409 4848 1484 4887 serre
1508 4832 1610 4898 carrus,
1638 4839 1669 4885 ut
1684 4834 1723 4884 ait
1744 4849 1797 4885 au·

954 4921 1034 4960 mera
1059 4904 1205 4975 sequenti:
1226 4905 1301 4959 Vere
1323 4901 1398 4956 illius
1422 4905 1513 4957 carreis
1530 4905 1558 4956 in
1582 4918 1637 4971 qna
1652 4905 1796 4970 cruciarus

954 4983 993 5031 est
1006 4975 1105 5030 diceret
1113 4990 1168 5029 esse
1181 4979 1389 5030 sacramentum.

990 5056 1001 5081 ⁸
1020 5049 1192 5113 Distinguam
1212 5049 1411 5100 sumamenlam
1432 5046 1524 5099 carnis
1549 5060 1565 5097 a
1589 5057 1717 5096 veniraru
1736 5057 1796 5096 cur·

954 5118 1007 5172 nis.
1030 5116 1219 5181 Quaestionem
1235 5116 1372 5185 disceptat
1392 5116 1564 5170 llatramnus
1587 5128 1623 5166 aa
1649 5128 1746 5166 revera
1760 5113 1798 5167 sit

954 5203 1019 5241 caro
1034 5185 1138 5241 Christi
1161 5201 1226 5266 qnae
1254 5187 1385 5241 sensibus
1411 5184 1578 5255 percipitur.
1603 5183 1745 5251 lrangitur
1771 5190 1798 5237 et

954 5258 1096 5312 frustatim
1118 5256 1263 5311 dividitur.
1290 5257 1371 5322 Quod
1393 5255 1497 5309 scilicet
1517 5254 1571 5308 sihi
1588 5251 1798 5322 persuadebant

954 5327 1046 5383 artatis
1060 5344 1119 5382 suae
1133 5328 1186 5380 viri
1198 5328 1338 5395 catholici,
1356 5325 1514 5397 postposito
1531 5323 1663 5378 exaurine
1680 5324 1798 5378 rationis

955 5415 1004 5453 sen
1025 5397 1103 5453 modi
1117 5413 1176 5469 quo
1196 5414 1240 5452 res
1260 5398 1428 5470 mysterium
1448 5397 1477 5449 ia
1498 5394 1674 5449 Euctrarislia
1688 5400 1800 5464 poterat

89 5473 229 5539 astionis,
247 5478 320 5525 etse
342 5470 421 5525 nulla
440 5473 654 5526 concertatione
670 5469 832 5542 digladiari,
853 5475 901 5524 aut
954 5469 1064 5526 eflieri:
1082 5468 1157 5524 sicut
1169 5485 1222 5523 uec
1236 5485 1272 5523 aa
1288 5469 1383 5523 velum
1398 5475 1426 5521 et
1445 5481 1626 5536 conopaeum,
1642 5480 1691 5519 seu
1707 5467 1800 5592 ligura

56 5488 227 5615 depretiari,
253 5547 304 5595 aut
327 5557 429 5595 manus
444 5558 592 5597 conserere
607 5557 671 5596 cum
689 5542 724 5595 iis
738 5542 788 5613 qui
799 5556 901 5612 carpus
955 5541 1063 5623 aliqua,
1077 5541 1107 5595 ia
1119 5545 1297 5595 sacramanto
1311 5539 1502 5611 contingeret,
1520 5535 1598 5610 quod
1614 5535 1701 5591 iidem
1717 5543 1729 5592 t
1752 5552 1799 5592 aa·

60 5613 155 5670 turim
175 5614 209 5670 in
236 5611 413 5668 Eucharistia
441 5628 611 5685 permanere
631 5611 686 5667 sihi
707 5610 900 5685 persuadeat:
955 5613 1013 5685 logi
1028 5610 1370 5683 firmiterpernegahant.

51 4906 228 4980 relinquitur
252 4907 328 4961 hvruc
351 4906 538 4976 interpretem
567 4906 752 4960 vernaculum
784 4905 900 4959 intelle-

52 4978 123 5034 xisse
147 4994 202 5050 per
215 4976 340 5047 speciem
357 4982 489 5031 asturam
503 4982 531 5031 et
550 4976 740 5031 substantiam
756 4975 847 5046 pauis,
864 4975 900 5030 ad

52 5056 179 5104 meatem
210 5047 380 5111 Aristotelis,
403 5048 532 5118 adeoque
556 5047 648 5101 versio
662 5047 797 5101 Gallicas
816 5062 899 5100 seusu

52 5119 178 5175 meroris
201 5118 298 5173 aliena
309 5116 439 5172 rideatur
453 5134 566 5173 necesse
581 5121 633 5172 est.

83 5192 149 5247 idi
166 5189 239 5244 dicit
260 5203 356 5258 corpas
374 5204 429 5243 esse
447 5190 551 5245 Christi
568 5189 642 5259 qaod
656 5190 776 5243 cerrriiur
789 5189 901 5256 sanqui-

53 5275 108 5317 nem
121 5263 171 5331 qui
184 5262 298 5315 bibitur.
316 5261 395 5315 llaac
409 5260 638 5314 adversariorum
648 5274 763 5313 suorum
780 5274 900 5328 respon·

55 5331 161 5388 nonem
191 5346 269 5401 saepe
299 5330 430 5401 recoquit
454 5347 487 5384 ae
516 5330 626 5384 revellit
653 5331 841 5385 Ratramnus:
870 5333 902 5383 ut

54 5403 140 5458 seiam
152 5418 185 5458 se
200 5416 352 5472 uunquam
367 5416 424 5454 nou
439 5399 553 5471 assequi
573 5401 675 5455 mentis
687 5399 747 5454 acie
761 5404 899 5468 punctum
