3930 6098
166 245 219 301 527
845 240 974 296 straet
993 239 1241 298 cobooeessls.
1874 245 1922 297 528

164 395 231 434 narn
257 379 319 449 ejus
343 377 415 430 iram
440 369 554 428 Domini
579 368 738 441 mitigantis
763 380 774 407 ι
800 369 1148 440 (ilum.xxr11),Aretis.
1186 370 1401 440 Conspexerunt
1428 369 1592 424 certaminis
1622 370 1756 441 pralium
1788 387 1796 426 :
1831 371 1922 427 adorsi

164 467 204 521 ita
219 470 250 520 ut
264 482 313 520 ore
334 460 501 534 prophetico
516 460 551 514 de
572 475 605 512 eo
628 457 751 528 Spiritus
777 456 853 511 dicat
875 457 1011 511 divinus:
1068 465 1136 514 silut
1159 460 1227 514 lidei
1253 460 1342 513 lorica
1363 459 1456 513 induti
1471 460 1697 529 pulcherrimum
1712 461 1839 527 bellum,
1861 478 1923 532 pro·

164 557 243 612 Stetit
274 555 396 618 Plcinees,
434 555 459 604 et
482 549 627 603 exhoravit
663 552 688 600 et
734 550 848 623 cessauit
874 548 1015 614 quassatio
1068 563 1139 618 pero
1174 564 1269 614 cursu,
1310 547 1434 618 impigro
1468 563 1578 618 gressu,
1608 553 1762 620 postquam
1795 550 1919 604 occisum

164 642 249 710 (Psoi.
280 656 321 706 cr,
347 642 398 700 30).
422 640 453 692 Et
475 644 551 691 certe
575 635 701 690 exoratio
725 635 774 688 illa
799 650 867 688 voce
887 634 1015 688 Psalmo·
1070 653 1170 703 unum,
1192 642 1219 690 el
1246 637 1368 690 alterum
1392 636 1594 691 vulneratuml
1613 638 1756 703 viderunt,
1779 639 1920 693 adcerta-

164 729 267 800 graphi
284 732 467 799 praecantata,
486 725 574 795 gladii
589 724 709 778 immitis
723 724 753 776 in
771 723 1015 793 contemptoribus
1070 724 1155 779 minis
1169 740 1303 796 campum
1316 725 1351 778 ob
1364 724 1465 795 gloriae
1480 726 1605 796 palmam
1617 732 1813 781 occurrerunt.

161 818 217 872 fuit
249 816 402 871 sententia.
442 814 563 869 Videant
593 813 683 867 nostri
711 811 911 866 misericordes
937 812 1012 866 hanc
1103 813 1149 867 l3.
1178 812 1234 866 Viri
1261 819 1342 866 erant
1371 814 1482 868 strenui
1510 819 1539 868 et
1565 815 1724 882 bellatores,
1753 832 1920 888 pugnaeque

162 905 363 959 crudelitatem
388 903 581 958 exorationem
607 901 728 956 existere
755 916 762 955 :
788 906 817 954 et
834 900 967 955 desinant
982 899 1012 953 in
1068 900 1209 970 spiritalis
1224 901 1419 956 desiderantes
1434 918 1567 972 agonem,
1597 903 1771 958 ubisetelis
1798 904 1924 974 praebuit

163 995 249 1048 rebus
262 993 360 1048 divino
383 1008 516 1047 sermone
540 990 657 1044 sacratis
677 987 1016 1060 pietatemethumilita·
1070 988 1154 1055 ectio,
1182 989 1276 1060 qualis
1297 991 1451 1060 optabatur
1475 991 1594 1044 occasio.
1624 990 1763 1046 Cohibere
1795 1009 1854 1046 non
1880 1010 1923 1046 ra-

163 1087 222 1137 tem
235 1082 425 1152 pretendere,
452 1096 504 1151 pre
527 1096 585 1151 qna
599 1080 714 1133 Saulem
729 1095 745 1131 a
760 1093 849 1148 regno
864 1077 1013 1148 rejectum,
1071 1075 1187 1130 luerunt
1208 1092 1333 1142 cursum,
1349 1078 1417 1149 quia
1433 1080 1528 1133 conati
1543 1086 1611 1133 snnt
1621 1079 1743 1150 implere
1758 1080 1864 1136 aeterni
1879 1085 1920 1136 sui

165 1171 250 1225 etEli
273 1170 431 1225 sacerdotio
458 1171 501 1223 vel
523 1170 580 1223 rita
604 1169 702 1238 legunt
724 1173 887 1238 exemptum
911 1165 1012 1237 (llteo.
1070 1165 1184 1218 Domini
1199 1165 1321 1235 jussum.
1348 1167 1923 1243 Quidimbecilliumdebilitatcmoppo-

165 1274 196 1313 ιιι
223 1264 251 1313 ct
276 1260 323 1330 rr).
349 1259 486 1313 Recolant
512 1257 693 1311 severitatem
723 1256 798 1310 Petri
823 1262 850 1310 et
880 1255 961 1309 Pauli
984 1256 1014 1308 in
1069 1256 1221 1320 nis,etne
1246 1257 1408 1309 terreantur
1431 1256 1539 1310 inlirmi
1563 1257 1925 1329 iertesinlriugislSiin·

71 1398 73 1405 ,
166 1346 313 1402 Simonem
328 1348 371 1400 vel
388 1347 508 1400 Elimarn
523 1361 632 1417 magos,
657 1360 706 1398 seu
722 1345 752 1398 iu
774 1344 914 1398 Ananiam
928 1348 1014 1413 atque
1069 1340 1179 1409 firmus,
1210 1341 1320 1410 debilis,
1364 1344 1467 1408 inanis,
1506 1345 1624 1399 timidus
1656 1361 1696 1414 es,
1729 1352 1758 1400 et
1792 1347 1921 1414 inflatus,

166 1435 296 1492 Saitirem
314 1436 389 1506 (Act.
412 1451 439 1502 v,
455 1451 514 1501 ιιιι,
538 1434 606 1501 mul.
624 1435 656 1488 lit
669 1434 719 1504 qui
741 1433 772 1486 in
788 1433 847 1487 suis
869 1437 1015 1486 contume·
1070 1431 1193 1501 quiesce,
1219 1437 1248 1485 et
1270 1431 1330 1485 noli
1343 1438 1442 1486 contra
1463 1433 1538 1487 cives
1561 1434 1737 1489 certantibus
1763 1437 1922 1506 praeliare:

165 1526 212 1580 liis
240 1525 336 1591 erecti,
361 1522 439 1591 elati,
463 1522 580 1594 superbi
604 1528 672 1576 sunt
692 1521 844 1588 etinileri,
872 1525 1015 1575 etcontra
1069 1518 1119 1572 sed
1130 1519 1258 1572 residens
1271 1524 1441 1575 eteventum
1454 1521 1496 1575 rei
1513 1528 1680 1592 exspectans
1698 1523 1774 1578 disce
1791 1525 1930 1595 lingnam

166 1615 260 1669 hostes
286 1615 336 1668 Dei
362 1614 496 1676 humiles,
523 1610 675 1676 mansueti,
703 1610 847 1681 simplices
875 1614 1016 1681 apparent
1069 1607 1188 1661 tacendo
1204 1607 1335 1665 fraenare.
1363 1610 1391 1664 Si
1408 1608 1522 1677 habilis,
1548 1611 1571 1664 si
1595 1611 1685 1676 fortis,
1715 1612 1738 1664 si
1764 1613 1872 1681 audax,
1901 1616 1941 1667 si.

166 1709 196 1758 et
223 1703 328 1773 quieti·,
356 1702 465 1756 discant
489 1718 505 1755 a
530 1701 640 1755 Christo
661 1715 757 1754 rerum
783 1699 916 1753 omnium
947 1700 1014 1765 lieo,
1035 1677 1213 1761 Bconstans,
1238 1701 1267 1751 et
1281 1697 1409 1768 abjectus
1434 1699 1448 1732 ¹¹
1476 1715 1506 1753 es
1532 1699 1608 1754 belle
1624 1700 1675 1754 bei
1699 1707 1800 1755 contra
1827 1703 1947 1758 hostes

167 1808 251 1864 quam
268 1791 303 1845 ab
325 1790 459 1845 omnibus
474 1789 633 1860 prophetis,
649 1788 796 1859 apostolis,
813 1804 861 1842 seu
886 1787 1016 1842 Patribus
1070 1789 1102 1838 ut
1117 1789 1262 1844 strenuus,
1279 1792 1307 1840 et
1322 1802 1381 1840 non
1406 1790 1437 1840 ut
1457 1787 1577 1857 ignavus
1601 1793 1699 1842 contra
1723 1795 1798 1856 tuos,
1826 1791 1949 1860 jacula.

165 1880 315 1945 universis,
338 1879 373 1933 ad
394 1879 483 1933 inlata
505 1878 660 1949 opprobria
682 1879 800 1947 propria
823 1877 944 1930 existere
961 1876 1014 1929 hu·
1070 1877 1183 1944 torque.
1207 1874 1300 1938 Quare
1325 1875 1516 1930 intentionem
1544 1877 1716 1943 mirabilem,
1743 1879 1875 1950 igneam,
1897 1889 1955 1936 et*-

166 1970 258 2033 miles,
287 1975 316 2022 et
348 1968 451 2037 dejecti
476 1985 481 2022 :
509 1974 538 2021 et
560 1983 611 2037 pro
637 1965 794 2021 divinitatis
819 1965 1016 2019 ulciscendum
1071 1963 1287 2016 resurrectionis
1309 1963 1487 2019 admirande
1511 1964 1955 2039 fiduciaru,etspeigloriosae

167 2062 363 2128 contemptum
388 2057 474 2109 lortes
498 2061 525 2109 et
549 2055 656 2124 rigidos
679 2065 740 2108 esse
765 2053 880 2121 debere,
905 2058 934 2107 et
957 2069 1014 2106 non
1069 2050 1270 2116 constantiam,
1298 2056 1328 2105 et
1353 2053 1446 2106 zelum
1467 2053 1533 2107 lidei
1556 2070 1587 2108 ac
1603 2054 1753 2126 religionis
1775 2058 1885 2114 catholi
1907 2083 1965 2105 ³-

167 2146 272 2217 pietate
292 2148 395 2199 horum
411 2145 579 2213 incongrua,
596 2142 644 2196 scd
663 2142 830 2196 crudelitate
845 2142 897 2195 hac
919 2144 1017 2195 saneta
1071 2139 1201 2209 gloriam,
1231 2156 1290 2193 non
1313 2142 1455 2195 advertis?
1480 2144 1497 2196 ¹.
1515 2143 1571 2197 Cur
1597 2144 1662 2197 vitae
1678 2146 1871 2214 prepositum
1894 2157 1912 2183 ⁸

166 2240 256 2289 utere.
272 2234 334 2287 Non
360 2237 403 2286 est
424 2231 501 2285 enim
516 2231 682 2293 crudelitas,
708 2236 739 2284 ul
761 2229 864 2284 beatus
883 2230 1018 2299 Hierony·
1071 2231 1100 2281 et
1120 2228 1251 2282 ordinem
1274 2244 1397 2295 sacrum,
1411 2235 1440 2283 et
1458 2231 1644 2285 confessionis
1660 2233 1807 2302 prolixum
1823 2234 1902 2304 disp

167 2338 232 2377 mus
259 2322 308 2386 ait,
334 2337 388 2391 pro
411 2320 469 2374 Deo
491 2319 582 2390 pietas
607 2333 613 2372 :
645 2320 720 2388 quod
749 2318 779 2372 in
803 2318 928 2372 secundo
944 2318 1017 2371 libro
1070 2317 1167 2384 situm,
1184 2321 1212 2370 et
1226 2316 1373 2371 internum
1386 2319 1504 2390 longum
1519 2320 1607 2373 animi
1621 2321 1766 2391 prelium,
1781 2328 1810 2376 et
1826 2330 1909 2377 contr
1939 2351 1965 2368 ‚-

168 2410 357 2481 apertioribus
372 2407 495 2475 indiciis,
524 2413 553 2461 et
570 2406 797 2461 evidentioribus
820 2405 1017 2477 probamentis
1070 2405 1217 2459 diabolum
1240 2406 1284 2459 vel
1310 2407 1532 2461 amalecitarum
1562 2424 1670 2462 cuneos
1694 2411 1851 2465 erectionis
1878 2428 1909 2466 re

170 2510 204 2548 ex
218 2496 365 2549 doctorum
382 2494 502 2549 oraculis
518 2494 723 2563 comprobabo.
748 2494 802 2549 Sed
825 2497 884 2548 bec
899 2499 927 2548 et
949 2493 1017 2547 alias
1069 2493 1171 2548 xillum
1186 2500 1236 2548 tua
1258 2496 1456 2564 persecutione
1475 2496 1626 2567 infringis?
1653 2499 1756 2570 thuid
1774 2501 1932 2555 catholici-

170 2599 246 2637 nunc
261 2585 295 2637 ad
312 2584 491 2655 propositum
507 2592 692 2637 revertamus.
1071 2585 1101 2636 et
1114 2589 1218 2636 saneta
1235 2583 1364 2636 Ecclesiae
1379 2584 1456 2653 liliis,
1473 2591 1501 2639 et
1523 2586 1571 2656 pio
1598 2586 1732 2657 dogmate
1747 2587 1881 2655 eruditis,
1903 2612 1965 2636 --

206 2674 248 2725 ln.
275 2672 436 2726 Persecutio
460 2672 536 2725 unde
560 2677 622 2725 orta
639 2671 786 2740 sitaperte
803 2670 1013 2740 digestumest,
1070 2670 1175 2727 Christi
1202 2671 1415 2741 sequipedibus,
1440 2680 1468 2727 et
1492 2691 1508 2726 a
1530 2675 1630 2728 mundi
1655 2676 1768 2730 actione
1791 2677 1920 2732 seclusi

168 2763 196 2814 el
211 2761 275 2814 ideo
295 2761 331 2815 ad
346 2767 457 2814 nostros
472 2765 647 2830 spontaneos
662 2766 802 2829 martyres
817 2774 1015 2828 properemus.
1071 2765 1099 2813 et
1118 2762 1177 2814 Deo
1201 2761 1261 2814 selo
1286 2762 1471 2829 haerentibus,
1498 2763 1639 2818 mendacii
1654 2779 1771 2818 naevum
1788 2764 1904 2820 inducis

168 2848 232 2902 Zelo
249 2849 390 2902 beilsaac
409 2848 570 2918 religiosus,
591 2864 648 2901 uon
673 2848 799 2901 humana
822 2846 1017 2917 instigatione,
1072 2847 1128 2902 Cur
1157 2864 1214 2903 uon
1239 2851 1355 2916 vereris,
1383 2850 1488 2905 bonam
1518 2858 1549 2904 ut
1573 2852 1690 2907 llariam
1713 2854 1890 2924 eligentibus

168 2938 217 2991 sed
241 2937 336 2991 diviua
359 2944 530 3002 commotus,
549 2952 601 2990 uec
625 2936 760 2990 usitatum
787 2935 889 2989 callem
915 2935 1017 2988 uostris
1071 2941 1182 3006 partem
1217 2937 1370 3005 adversari,
1400 2944 1429 2992 et
1453 2941 1565 2994 aemulis
1590 2941 1694 2995 Christi
1720 2943 1752 2996 iu
1779 2945 1947 2999 scatenti

168 3026 356 3095 temporibus,
384 3026 432 3080 sed
449 3025 643 3079 oblitteratum
666 3024 808 3087 incedens,
834 3024 1018 3095 antiqnumt
1073 3025 1304 3080 ultioniscontra
1327 3032 1438 3082 sanctos
1462 3030 1570 3099 perlida
1594 3029 1661 3094 lata,
1688 3038 1830 3102 quantum
1851 3033 1947 3087 int

169 3115 376 3186 persecutionis
396 3116 508 3168 lumrun
533 3129 616 3183 aequo
637 3128 695 3166 non
715 3112 853 3166 sullerens
877 3120 887 3144 ⁶
908 3112 1016 3178 animo,
1071 3119 1124 3182 est,
1148 3117 1329 3169 consentire?
1345 3117 1389 3170 illi
1403 3118 1571 3172 occiderunt
1584 3119 1696 3188 gladiis,
1723 3137 1797 3191 quos
1823 3122 1956 3176 adven:-

165 3204 292 3275 judicem
306 3204 387 3267 adiit,
404 3210 432 3257 et
444 3219 477 3257 ee
492 3218 557 3274 quae
580 3201 627 3254 ille
641 3198 667 3265 ¹¹,
686 3200 800 3270 llagetlo
823 3201 885 3255 diro
901 3208 1017 3254 vexatus
1071 3219 1116 3256 sos
1129 3219 1188 3256 suae
1203 3204 1269 3258 lidei
1283 3205 1478 3274 probaverunt
1494 3211 1542 3260 :tu
1560 3207 1663 3262 occidis
1676 3210 1830 3264 sententiis
1852 3225 1962 3282 qnos

168 3293 301 3362 negabat.
327 3307 391 3361 quae
420 3289 628 3345 interrerbera
656 3304 685 3341 se
717 3305 775 3343 non
798 3289 901 3343 dixisse
925 3288 1017 3358 jactor
1070 3289 1136 3345 fidei
1158 3295 1214 3345 tuae
1231 3293 1385 3347 concordes
1407 3310 1465 3347 non
1490 3295 1590 3349 nescis.
1616 3295 1659 3349 llli
1683 3313 1765 3351 cosa
1782 3297 1955 3353 mundian

169 3380 287 3435 debilis
305 3381 488 3450 personabat.
530 3378 637 3431 athleta
664 3377 757 3441 fortis,
788 3377 908 3447 belliger
935 3379 1015 3431 miles
1071 3379 1420 3436 vitatollereconavere:
1445 3387 1475 3436 tu
1503 3399 1552 3437 eos
1577 3400 1593 3438 a
1617 3385 1673 3439 vita
1699 3386 1947 3442 aeternamm-is

169 3468 370 3522 abundantiori
398 3466 597 3536 prosecutione
622 3465 757 3532 firmarit,
782 3467 887 3535 potiori
916 3466 1016 3536 praelio
1070 3483 1230 3538 segregare.
1248 3469 1301 3524 Sed
1317 3469 1390 3523 absit
1405 3475 1436 3523 ut
1461 3479 1649 3542 segregentur
1669 3489 1686 3526 a
1707 3475 1777 3543 vita,
1794 3474 1938 3546 qniani·

168 3555 329 3617 intentavit,
359 3555 526 3625 etiugeuua
550 3558 645 3608 mente
672 3554 826 3620 inchoarit,
853 3555 966 3624 peregit
992 3563 1014 3621 ⁰,
1070 3569 1131 3608 mas
1160 3555 1349 3624 perdiderunt
1372 3573 1424 3627 pro
1449 3559 1516 3613 vita.
1546 3560 1635 3626 Absit,
1664 3567 1692 3616 et
1719 3565 1822 3632 procul
1846 3566 1880 3617 sit
1912 3578 1929 3615 a

168 3642 387 3709 consummavit,
425 3643 571 3714 implevit3
609 3649 641 3696 ut
681 3642 845 3696 ostenderet
881 3643 1015 3697 omnihus
1069 3642 1200 3696 sensibus
1223 3644 1337 3711 nostris,
1372 3649 1402 3698 ut
1435 3648 1558 3702 cultores
1591 3649 1728 3714 veritatis,
1761 3657 1790 3704 et
1819 3649 1921 3707 Christi

168 3732 235 3787 fidei
262 3749 292 3787 se
317 3733 379 3786 zelo
408 3736 584 3785 commotum
609 3746 616 3784 ε
647 3746 705 3784 uon
720 3730 822 3784 timore
838 3731 1014 3785 necessitatis
1067 3734 1147 3786 tauto
1166 3735 1295 3804 tempore
1319 3734 1507 3802 confessores,
1523 3736 1671 3791 inludente
1690 3738 1807 3793 diabolo
1824 3747 1915 3795 extre-
1960 3741 1965 3808 l

168 3832 356 3892 preventum,
382 3825 413 3874 nt
442 3819 583 3875 constanti
610 3818 717 3872 fiducia
741 3818 864 3872 Ecclesia
879 3818 1014 3888 praelians
1069 3835 1149 3874 mum
1178 3821 1326 3875 mendacio
1363 3823 1566 3878 concluderent
1593 3841 1719 3879 cursum.
1752 3827 1835 3881 Dicat
1860 3827 1910 3881 hec
1959 3817 1965 3828 “

166 3910 241 3966 bella
256 3917 353 3983 aperte
367 3910 509 3980 proferret
526 3914 554 3962 et
566 3907 662 3979 patule
677 3907 754 3977 quod
777 3907 949 3978 quibusdam
965 3906 1012 3961 in·
1070 3908 1221 3978 imperitia
1237 3909 1331 3976 factio,
1348 3917 1376 3964 et
1400 3912 1560 3981 praedurata
1584 3914 1695 3967 occulto
1710 3913 1823 3969 Christo
1842 3914 1907 3984 justo

166 4001 247 4056 diciis
271 4015 358 4069 super
372 3999 612 4068 comprehensum
629 3995 796 4065 satagebant
813 3995 1015 4063 lirmar·e;utr
1065 3995 1174 4066 judicio
1190 3998 1363 4052 insensibilis
1382 3999 1546 4067 multitudo,
1573 4007 1601 4056 et
1616 4017 1763 4057 summum
1786 4004 1904 4058 Christis·
1948 4012 1965 4070 Ι

165 4089 338 4160 produceret
375 4087 513 4141 [lominus
546 4084 718 4139 athletarum
750 4099 867 4138 suarum
906 4083 1013 4138 mundo
1068 4084 1180 4138 nissimi
1205 4086 1315 4140 ordinis
1336 4087 1458 4156 gradum
1480 4090 1611 4160 petulans
1636 4091 1769 4162 aeuisquis
1792 4092 1902 4146 illedia·
1948 4077 1965 4156 i

165 4179 324 4244 victoriam,
342 4182 370 4230 et
385 4176 509 4230 militurn
524 4189 641 4227 suerum
658 4171 723 4226 rudi
748 4183 763 4226 s
784 4172 890 4225 mundo
910 4187 1013 4242 prope·
1069 4172 1136 4227 bolo
1149 4172 1179 4227 in
1195 4173 1253 4227 line
1275 4181 1449 4244 prosternat,
1464 4184 1493 4231 et
1508 4178 1647 4248 evigilans
1669 4178 1732 4249 ipse
1752 4179 1835 4235 nobis
1849 4177 1902 4251 qnid
1943 4185 1965 4245 Ι

165 4265 239 4320 leret
252 4266 451 4333 constantiam,
475 4268 501 4316 rt
524 4261 687 4316 ostenderet
709 4259 785 4330 quod
806 4260 835 4313 in
851 4259 1013 4313 novissimis
1032 4263 1103 4333 pde
1118 4263 1217 4317 ceteris
1233 4264 1382 4319 ordinibus
1398 4266 1512 4333 sentiat,
1539 4267 1562 4320 si
1585 4268 1657 4322 forle
1677 4270 1762 4334 valet,
1784 4271 1899 4340 exponat.
1940 4296 1946 4305 ·

163 4354 341 4426 temporibus
355 4356 368 4398 Ιι
383 4354 503 4407 victores
518 4351 646 4415 haberet,
662 4350 713 4420 qui
737 4349 813 4402 bella
836 4348 960 4415 Domini,
984 4353 1012 4401 et
1069 4351 1168 4404 Nostra
1183 4366 1249 4405 vero
1264 4368 1354 4422 egene
1370 4352 1443 4407 dolis
1456 4355 1634 4424 simplicitas,
1655 4360 1685 4410 el
1702 4358 1831 4412 Ecclesiae
1845 4368 1899 4428 pora
1944 4335 1965 4352 “

163 4444 300 4498 instinctu
331 4458 389 4514 quo
422 4441 507 4511 prisci
541 4439 547 4474 ¹
576 4439 800 4506 intentaverant,
835 4438 1008 4508 praeliarent.
1066 4439 1215 4494 nobiscum
1239 4444 1316 4494 cesta
1342 4442 1502 4509 sinceritas;
1529 4450 1558 4497 et
1580 4443 1897 4501 confessionisordineu
1943 4356 1965 4512 ε

164 4534 236 4599 Quid
252 4534 282 4587 in
297 4534 351 4586 hoc
370 4530 545 4601 culpandum
560 4529 683 4582 ducitis?
699 4529 766 4582 Ecce
782 4526 1010 4596 persecutionem
1065 4527 1161 4582 divino
1185 4527 1287 4598 spiritu
1320 4529 1443 4583 celebrat
1469 4529 1545 4597 duci,
1571 4536 1601 4585 et
1628 4531 1779 4587 veritatem
1800 4532 1898 4603 regibus
1952 4513 1964 4532 ”’

162 4622 199 4676 ab
216 4621 337 4676 ethnicis
354 4626 449 4674 natam
471 4617 666 4689 probavimus.
685 4617 753 4670 Ecce
769 4621 799 4669 et
814 4621 927 4670 nostros
949 4615 1009 4669 zelo
1064 4615 1229 4670 nuntiantes
1264 4616 1433 4673 inlustratos
1471 4619 1573 4674 asserit
1612 4619 1718 4675 Christi
1753 4623 1898 4694 repectione
1959 4611 1965 4616 ’

163 4712 224 4777 Dei,
248 4726 306 4764 non
330 4708 491 4773 homiuum,
512 4705 701 4761 insurrexisse
725 4704 914 4759 firmavimus.
936 4704 1010 4769 Quid
1063 4704 1148 4759 felici.
1951 4706 1959 4725 ²

163 4797 450 4869 inhocculpandum
474 4795 600 4866 putatis?
624 4809 721 4864 quaese
746 4791 858 4847 edicere
878 4808 1010 4846 nonmo-
1101 4793 1143 4845 lt.
1160 4791 1213 4846 Sed
1231 4791 1352 4863 objicitis
1377 4810 1384 4848 ε
1409 4795 1510 4850 liorem
1538 4796 1687 4852 occasione
1711 4797 1833 4854 basilicae
1859 4787 1904 4852 bei
1954 4804 1958 4813 '

196 4976 210 5007 a
226 4952 292 5022 Leg.
309 4951 486 5017 mitipoatem.
1098 4953 1114 4996 a
1129 4942 1188 5007 lis,
1203 4943 1391 4998 redemendo.
1405 4945 1528 5012 iteretis,
1542 4947 1611 5000 rude
1623 4950 1728 5003 secato.

196 5027 209 5066 s
224 5023 285 5086 Me,
300 5022 462 5087 crsttqeitus.
1098 5012 1111 5054 ¹¹
1127 5013 1175 5066 llic
1187 5013 1292 5066 iterum
1304 5015 1420 5069 Mecales
1434 5016 1553 5083 addidit,
1569 5021 1662 5072 etiam.

196 5095 260 5149 ‘lle
274 5131 282 5153 ‚
296 5106 349 5144 nou
359 5092 518 5156 sufficeretis.
1098 5080 1103 5114 ¹
1122 5083 1200 5137 ldem
1216 5084 1321 5138 ibidem
1339 5101 1345 5138 :
1361 5089 1446 5154 primi
1456 5090 1656 5142 intentorercat
1666 5093 1864 5158 praeliarentur.

195 5162 385 5218 dlluralesiu
401 5161 498 5213 dirum
520 5159 630 5225 Errlog,
655 5155 703 5208 lul.
721 5157 754 5208 55
773 5153 801 5218 b,
817 5154 895 5207 alter.
913 5152 1005 5208 Codex
1116 5152 1250 5207 Sanctum
1286 5155 1445 5210 Perfectum
1476 5159 1594 5226 scilieet,
1623 5160 1840 5233 interemptum,
1877 5152 1922 5204 et

158 5251 226 5288 vero
248 5233 383 5297 ms.,ille.
412 5230 478 5283 Vide
506 5243 633 5298 supran.
659 5228 683 5285 3,
702 5225 749 5278 ubi
767 5226 801 5278 de
823 5224 851 5277 S.
877 5224 1005 5278 Perfecto
1059 5223 1196 5278 loannem
1211 5224 1399 5295 flagellatum.

160 5305 257 5375 (quem
282 5306 328 5358 hic
354 5307 453 5354 auctor
479 5299 592 5353 videtur
614 5297 737 5366 signare)
753 5296 793 5349 ait
816 5295 875 5348 :Sc
896 5295 945 5349 troc
958 5309 1005 5363 pe·
1096 5294 1192 5365 ¹‘bag
1209 5302 1300 5362 oratos.

116 5417 119 5421 .
156 5379 231 5430 nites
245 5391 298 5429 eoo
313 5375 425 5436 elicisse,
438 5376 491 5423 etc.
1095 5360 1101 5396 ¹
1117 5365 1299 5446 lisqaoertis,
1311 5365 1523 5424 sicutalibinon
1533 5369 1930 5444 semataoerteproaacett·

192 5459 204 5488 ο
219 5445 347 5510 llorales,
361 5443 509 5503 iuclrooer't,
525 5441 643 5505 taceaco
658 5439 864 5505 morteprrepr't.
1095 5443 1114 5468 '³
1130 5437 1226 5489 llehns
1238 5439 1415 5505 propositum.

192 5514 203 5551 s
220 5518 294 5570 ldem
312 5513 432 5579 addidit,
454 5515 545 5564 etium.
1092 5519 1105 5547 ¹¹
1122 5506 1181 5573 lis,
1196 5507 1367 5572 elegentibus.
