3930 6098
104 191 167 245 llbt
580 187 743 245 abventu
762 185 936 243 hstsusls
955 184 1113 242 nrlscorl
1133 168 1365 252 scutellulis.
1789 190 1848 245 use

102 326 281 382 monasteria
304 324 487 381 secularium
513 323 623 379 tuerint
645 322 791 378 domicilla
813 322 951 388 virorum,
970 321 1110 378 Attesoni
1129 321 1226 378 abbati
1237 327 1266 378 et
1280 322 1492 379 successoribus
1514 323 1574 379 suis
1595 323 1738 396 perpetim
1763 325 1851 397 dispe

102 431 175 488 pene
188 416 250 487 J'am
276 414 427 482 haereditas
449 411 499 468 llei
526 412 584 465 suis
608 412 771 467 nudabatur
796 412 951 483 obsequiis,
1008 411 1104 466 nimus
1117 411 1327 479 obtinendum
1343 428 1376 466 ea
1386 412 1505 480 ratione,
1521 414 1637 484 quando
1653 414 1730 469 viam
1742 414 1848 469 nniver-

103 505 215 560 nelarie
227 503 429 560 distributione
445 503 628 572 praevalente,
646 501 723 555 inter
739 517 803 572 qum
817 501 953 571 direptio·
1007 499 1098 554 sitatis
1128 499 1233 571 aliquis
1261 501 1374 569 abierit,
1408 506 1504 555 noster
1531 503 1657 557 vassalus
1685 502 1852 572 soluique

105 594 151 648 nis
163 591 313 663 dispendia
329 591 425 645 nobile
439 589 645 644 monasterium
659 594 763 644 nostrae
786 589 952 657 diorccsecs,
1007 603 1140 657 persona,
1158 588 1208 659 qui
1229 589 1368 643 beneficia
1387 589 1422 643 de
1447 589 1532 643 rebus
1555 591 1728 661 supradictis
1749 590 1852 645 habent

104 682 181 755 qnod
197 695 282 749 super
302 678 421 733 fluvium
437 678 542 734 Gorziae
566 677 718 732 fundatum
734 682 777 732 est
796 677 825 732 in
843 678 952 732 honore
1006 675 1169 732 filiieorum
1190 682 1219 732 et
1232 677 1387 748 propinqui
1412 693 1470 733 non
1487 677 1637 734 obtineant
1651 694 1695 745 ea,
1717 679 1853 733 omnimo

103 771 253 825 beatorum
279 768 476 837 apostotorum
502 765 578 820 Petri
600 766 735 833 etPauli,
753 770 782 820 et
801 765 953 820 beetiSte-
1006 765 1051 820 dis
1075 764 1286 833 interdicimus,
1302 766 1352 821 sed
1381 766 1488 837 absque
1517 783 1608 831 mora,
1634 767 1745 837 absque
1769 766 1852 821 ullius

104 857 192 929 pbani
211 854 438 927 protomartyris,
465 855 514 909 ubi
534 856 704 926 praeelarum
728 854 804 908 beati
820 854 953 925 martyris
1006 854 1239 920 contradictione,
1258 855 1294 909 ad
1320 855 1456 909 Batonem
1481 855 1625 923 abbatem,
1649 861 1679 909 ct
1698 855 1733 910 ad
1751 871 1853 910 succes

104 943 243 1015 Gargonii
258 960 360 1014 corpus
379 945 529 997 humatum
546 948 670 1010 tenetur,
687 942 863 1013 temporibus
878 956 951 1010 prae·
1006 944 1160 1013 soresejus;
1178 943 1259 997 acad
1275 943 1432 997 monachos
1451 943 1502 1015 qui
1517 943 1624 998 ibidem
1642 945 1699 998 lleo
1720 944 1851 1011 militent,

105 1033 172 1088 dicti
186 1031 376 1085 antecessoris
392 1030 483 1084 nostri
498 1031 553 1086 buc
572 1030 698 1101 illucque
713 1047 809 1085 rerum
834 1047 951 1086 suarum
1006 1030 1135 1085 redeant.
1150 1030 1180 1087 Si
1195 1047 1262 1085 vero
1278 1030 1393 1086 interim
1410 1032 1489 1086 locus
1503 1033 1640 1099 evenerit,
1659 1037 1691 1086 ut
1706 1032 1742 1087 de
1758 1039 1852 1088 nostro

103 1119 270 1176 scissionem
285 1120 416 1191 pertulit,
431 1134 495 1172 cum
521 1118 656 1190 proprius
683 1119 850 1172 monasterii
866 1119 953 1174 abbas
1005 1116 1222 1186 indominicato,
1249 1124 1299 1173 aut
1323 1119 1358 1173 de
1380 1119 1465 1173 rebus
1484 1136 1555 1190 quas
1579 1121 1672 1175 adhuc
1696 1121 1782 1176 multi
1805 1137 1854 1191 per

103 1207 220 1263 nomine
238 1207 385 1272 llaldinus,
415 1206 451 1260 ab
480 1206 533 1260 hac
559 1208 620 1261 tuce
650 1206 810 1260 subtractus
838 1212 899 1274 est;
921 1207 952 1262 iu
1005 1211 1138 1261 nostrum
1154 1206 1326 1261 beneticium
1349 1206 1485 1274 retinent,
1500 1212 1690 1277 commutare,
1713 1213 1853 1278 oportune

106 1300 230 1360 mutum,
254 1295 331 1366 quod
353 1296 414 1348 sine
436 1294 535 1349 dolore
559 1295 688 1365 prolerre
710 1311 768 1348 non
788 1310 950 1365 possumus,
1005 1293 1159 1363 possimus,
1182 1293 1315 1349 dabimus
1338 1293 1374 1348 de
1402 1299 1512 1361 nostro,
1539 1299 1570 1348 ut
1592 1295 1737 1349 restitutio
1765 1296 1853 1350 sancti

46 1402 49 1407 ·
103 1383 195 1440 utrix
211 1399 323 1438 sacrum
340 1383 545 1437 monachorum
561 1399 666 1452 agmen
689 1383 952 1439 victusnecessita-
1006 1382 1082 1437 Petri
1110 1397 1209 1435 rerum
1238 1381 1350 1454 integra
1378 1387 1560 1453 perseveret:
1588 1383 1734 1452 precarias
1759 1392 1853 1438 autem

103 1477 162 1528 tem
177 1472 309 1540 baberet;
328 1471 378 1527 sed
392 1487 457 1525 cum
477 1471 539 1541 jam
563 1470 710 1525 laicalibus
735 1471 877 1525 deservire
893 1472 951 1527 im·
1005 1473 1033 1523 et
1058 1469 1300 1525 commutationes
1334 1471 1483 1543 provideat
1501 1471 1655 1542 pradictus
1679 1472 1767 1527 abbas
1790 1489 1853 1527 cum

105 1559 192 1632 periis
206 1559 375 1631 preadictum
392 1560 485 1614 locum
501 1558 651 1614 bothanias
672 1575 720 1613 rex
742 1560 864 1627 censuit,
881 1561 951 1615 Bul·
972 1559 1156 1650 Bmonachis
1171 1558 1233 1628 ‚sibi
1256 1559 1426 1626 commissis,
1448 1564 1481 1614 ut
1502 1561 1578 1632 qnod
1596 1561 1666 1615 utile
1685 1561 1854 1632 judicaverit

104 1650 152 1704 nio
167 1649 280 1704 cuidam
296 1649 394 1704 comiti
415 1648 488 1703 illud
512 1649 866 1721 committere;peulatim
880 1651 952 1706 dell·
1007 1647 1102 1702 iaciat.
1127 1648 1256 1718 capellas
1283 1648 1415 1702 villarum
1439 1653 1467 1702 et
1490 1648 1621 1703 dotalitia
1645 1649 1674 1703 in
1704 1649 1852 1719 antiquum

105 1737 247 1815 cientibus
271 1737 475 1793 alimentorum
496 1744 525 1792 et
546 1742 782 1808 tegumentorum
803 1741 952 1795 solamini-
1006 1741 1112 1791 statum
1128 1736 1329 1799 reformamus,
1348 1740 1379 1790 nt
1400 1737 1473 1791 sicut
1495 1736 1550 1791 luit
1571 1737 1753 1807 temporibus
1767 1737 1854 1791 Theo-

106 1826 169 1893 bus,
186 1826 327 1896 regularis
341 1826 500 1881 observatio
515 1827 713 1893 minuebatur,
730 1828 832 1898 religio
848 1845 953 1883 mona·
1006 1824 1080 1879 mari
1093 1824 1220 1896 ejusdem
1238 1824 1294 1880 loci
1310 1825 1428 1891 abbatis,
1445 1825 1484 1879 ita
1497 1824 1714 1879 necessitatibus
1734 1824 1851 1878 fratrem

104 1915 174 1991 stica
187 1913 398 1981 infirmabatur,
416 1915 542 1970 ecclesiae
558 1915 638 1969 nulla
653 1920 770 1970 ornatus
793 1918 953 1987 gratiade-
1008 1913 1150 1968 deservire
1177 1913 1270 1968 iaciat.
1303 1914 1422 1968 Familia
1451 1929 1517 1968 vero
1539 1913 1671 1984 ejusdem
1700 1914 1851 1968 coenobiia

104 2002 287 2062 curabantur,
314 2002 433 2073 ipsaque
468 2002 568 2056 altaria
588 2002 693 2072 pluviis
722 2009 750 2057 et
774 2005 954 2060 nuditatibus
1007 2000 1151 2056 servitutis
1175 2001 1270 2056 oflicio
1288 2018 1346 2073 quo
1371 2002 1425 2057 luit
1446 2001 1547 2074 priscis
1565 2001 1758 2073 temporibus,
1776 2003 1851 2056 inco

105 2089 342 2160 aspernabantur.
358 2089 410 2142 llic
426 2089 663 2143 lamentationum
678 2090 850 2160 singultibus
866 2092 953 2146 laces·
1007 2094 1183 2162 permaneat.
1200 2090 1241 2145 hd
1259 2091 1393 2145 ultimum
1408 2106 1474 2145 vero
1493 2091 1644 2146 humiliter
1659 2096 1850 2161 peroptamus,

105 2176 186 2245 situs,
204 2192 269 2231 cum
284 2177 427 2249 Propheta
451 2177 612 2248 ejulabam:
631 2179 708 2242 Quis,
735 2179 880 2250 inquiens,
901 2180 953 2234 dc·
1008 2185 1041 2234 ut
1056 2181 1156 2234 eodem
1167 2179 1286 2234 honoris
1298 2179 1449 2251 privilegio
1461 2179 1538 2234 locus
1549 2179 1777 2250 prenominatus
1791 2194 1850 2248 per·

105 2265 144 2320 tu
157 2267 243 2335 copiti
263 2281 320 2320 meo
340 2282 441 2336 aquom
464 2270 490 2319 ct
513 2266 597 2320 oculis
615 2272 682 2321 meis
699 2270 801 2333 sontem
814 2268 954 2337 lacrymu—
1008 2274 1127 2337 severat,
1144 2285 1208 2323 cum
1225 2269 1360 2323 omnibus
1382 2268 1557 2340 appenditiis
1570 2268 1640 2331 suis,
1654 2284 1712 2339 qno
1728 2269 1852 2321 contine·

104 2368 176 2421 rum,
195 2358 220 2408 et
230 2353 297 2421 ltebo
311 2355 443 2424 populum
454 2369 541 2409 meum
565 2354 610 2409 dic
631 2370 662 2410 cc
686 2362 761 2410 uccte
776 2359 841 2426 (Jer.
858 2373 896 2423 11,
914 2358 952 2426 l.)
978 2365 982 2371 '
1007 2362 1055 2412 tur
1069 2357 1100 2411 in
1115 2355 1235 2412 decretis
1247 2356 1487 2428 predecessorum
1503 2370 1656 2421 meorum;
1676 2356 1787 2426 pradia
1801 2355 1852 2408 vil·

105 2441 409 2512 Namquiainstentia
431 2458 495 2497 mea
518 2449 580 2498 erat
603 2443 764 2499 sollicitudo
788 2445 954 2500 monasterii
1008 2447 1181 2517 larnmquas
1203 2450 1369 2516 comparata
1396 2448 1471 2510 sunt,
1502 2445 1545 2499 vel
1569 2461 1586 2498 a
1615 2443 1762 2499 nobilibus
1787 2444 1851 2497 viris

104 2530 247 2602 praedicti,
263 2530 339 2600 quod
355 2530 578 2601 praedecessores
599 2532 657 2585 mei
677 2549 751 2586 novo
775 2533 954 2589 liberalitatis
1007 2535 1114 2590 donata
1141 2540 1209 2588 sunt
1233 2535 1276 2587 vel
1307 2538 1403 2603 crunt,
1439 2532 1538 2587 usibus
1566 2538 1595 2586 et
1621 2531 1852 2603 dispositionibus

105 2617 194 2674 tundo
209 2619 383 2688 ditaverunt,
407 2620 512 2674 accessi
536 2622 571 2675 ad
596 2621 831 2690 gloriosissimum
856 2639 953 2691 regem
1008 2623 1120 2679 abbatis
1135 2629 1164 2676 et
1179 2622 1386 2676 monachorum
1409 2620 1615 2691 perpetualiter
1639 2620 1810 2686 subdantur,
1825 2623 1854 2672 nt

106 2707 284 2773 lotharium,
308 2711 337 2762 et
352 2707 490 2779 expositis
512 2709 670 2779 privilegiis
685 2715 714 2764 et
737 2710 874 2766 chartulis
893 2712 954 2783 qul·
1008 2711 1169 2783 spiritualia
1194 2715 1223 2765 et
1248 2709 1418 2780 temporalia
1456 2707 1582 2763 babeant
1609 2705 1797 2773 sufficienter,
1823 2710 1853 2758 nt

104 2794 159 2850 bus
169 2811 249 2850 sacer
262 2796 339 2850 locus
355 2796 512 2862 nitebatur,
528 2813 543 2850 a
561 2801 701 2866 potestate
724 2797 833 2853 illicitae
858 2799 952 2854 domi·
1008 2802 1065 2856 Deo
1079 2798 1109 2853 in
1123 2804 1295 2869 perpetuum
1311 2799 1449 2869 placeant.
1468 2796 1496 2852 si
1512 2812 1578 2850 vero
1594 2796 1667 2867 ipse,
1688 2799 1740 2850 aut
1754 2794 1853 2865 aliquis

107 2883 233 2939 nationis
247 2899 348 2938 eruere
363 2883 506 2952 festinavi,
524 2884 622 2956 ibique
638 2886 778 2957 regularis
801 2887 956 2942 observan·
975 2890 1201 2946 Csuccessorum
1219 2902 1360 2952 meorum,
1385 2902 1450 2940 cum
1473 2885 1570 2939 divino
1595 2884 1713 2947 intuitu,
1740 2900 1793 2954 pro
1808 2899 1853 2935 re·

106 2971 153 3028 tim
168 2973 311 3042 abbatem,
330 2973 446 3028 neruine
465 2975 599 3028 Batonem
614 2975 759 3042 constitui,
777 2981 807 3029 ut
823 2978 956 3032 monachi
1012 2976 1136 3032 verentia
1159 2976 1216 3037 Dei,
1238 2981 1267 3029 et
1291 2980 1453 3028 sanctorum
1478 2973 1642 3044 patrociniis
1666 2972 1696 3027 in
1720 2971 1853 3044 praedicto

106 3076 165 3115 suae
181 3061 367 3133 protessionis
382 3078 440 3116 non
467 3062 661 3130 immemores,
683 3064 755 3134 jugo
770 3063 872 3118 Christi
888 3082 956 3121 sua·
1009 3065 1072 3121 loco
1088 3064 1198 3133 locetis,
1215 3069 1243 3118 et
1257 3063 1362 3117 animae
1377 3067 1481 3117 nostra
1497 3061 1623 3116 remedio
1637 3060 1667 3114 in
1684 3067 1852 3131 perpetuum

105 3149 221 3204 sissimo
247 3150 319 3204 colla
349 3148 463 3203 tlectere
486 3166 543 3203 non
569 3149 723 3219 ignorent:
749 3167 853 3223 nempe
877 3159 955 3224 post·
1011 3153 1186 3208 manendum
1203 3168 1362 3219 censemus,
1379 3151 1493 3205 irritum
1510 3149 1633 3218 duxerit,
1651 3154 1700 3204 aut
1715 3149 1747 3205 in
1762 3149 1855 3218 aliqua

106 3252 194 3308 quam
204 3237 279 3293 divas
294 3237 500 3293 recordationis
522 3238 713 3308 praedecessor
733 3253 814 3294 meus
830 3241 955 3297 Chrode·
1009 3248 1088 3315 parte
1105 3241 1303 3307 infirmaverit,
1329 3239 1400 3294 sciat
1414 3256 1444 3293 se
1459 3239 1617 3294 terribilem
1633 3238 1777 3292 rationem
1793 3237 1853 3291 red·

106 3341 217 3398 gangus
243 3327 485 3399 archiepiscopus,
518 3327 581 3397 jam
608 3327 716 3382 dictum
746 3331 955 3385 monasterium
1008 3330 1138 3387 diturum
1167 3330 1196 3383 in
1225 3329 1271 3384 die
1303 3327 1447 3382 tremendi
1475 3326 1616 3382 examinis
1639 3341 1693 3396 pro
1718 3325 1854 3394 sacrilego

107 3431 182 3471 novo
209 3415 378 3470 fundamine
406 3415 551 3481 instruxit,
591 3430 682 3488 usque
712 3417 748 3472 ad
774 3417 954 3474 detestandas
1009 3434 1092 3486 ausu,
1108 3434 1172 3474 cum
1193 3417 1333 3473 Dominus
1352 3416 1531 3487 justissimus
1549 3415 1637 3486 judex
1663 3414 1699 3469 ad
1720 3414 1855 3484 judican-

4 3518 9 3526 ·
106 3504 271 3575 praelocutas
301 3503 473 3559 calamitatis
497 3504 709 3574 oppressiones,
735 3521 752 3559 s
776 3507 957 3578 regularibus
1010 3508 1080 3563 dum
1097 3506 1218 3573 venerit,
1235 3512 1264 3560 et
1285 3506 1403 3576 diguam
1425 3503 1856 3576 unicuiquelnctoremunera-

108 3591 257 3646 abbatibus
271 3591 495 3662 gubernabatur,
513 3592 727 3662 possidentibus
751 3598 780 3648 et
804 3595 956 3650 dominae·
1010 3595 1118 3650 tionem
1134 3594 1269 3648 attulerit.
1287 3594 1322 3648 Ut
1336 3597 1432 3647 autem
1457 3592 1510 3647 hoe
1532 3591 1677 3647 firmitatis
1693 3595 1798 3645 nostra
1812 3591 1856 3645 de·

107 3678 185 3734 tibus
210 3678 407 3752 integritatem
437 3681 652 3751 assequentium
677 3681 855 3738 facultatum.
880 3685 956 3749 Oua·
1009 3689 1119 3739 cretum
1134 3688 1272 3754 perpetuo
1288 3687 1418 3753 tempore
1434 3685 1638 3747 servetur,eta
1654 3679 1735 3734 nullo
1749 3679 1855 3733 immu-

107 3773 228 3841 propter
241 3769 320 3840 quia,
343 3770 400 3824 [teo
414 3774 599 3840 cooperante,
622 3770 718 3840 ipsum
734 3787 798 3825 cum
822 3773 956 3828 omnibus
1009 3775 1096 3840 tetur,
1111 3787 1213 3826 manus
1228 3770 1351 3841 propriae
1370 3768 1613 3839 conscriptionem
1637 3766 1856 3821 immutabiliter

107 3857 143 3913 ad
165 3874 195 3912 se
219 3857 429 3929 pertinentibus
452 3874 468 3911 a
498 3858 606 3913 ditione
628 3859 768 3931 improbae
792 3861 957 3916 vastationis
1009 3860 1182 3917 censuimus.
1203 3859 1360 3913 adventius
1382 3861 1487 3912 sanctae
1513 3854 1782 3911 mediomatricensis
1808 3855 1855 3909 lle·

107 3945 302 4013 liberavimus,
335 3946 516 4002 decernimus
549 3948 712 4003 coenobium
745 3950 897 4005 Gorziense
926 3950 956 4005 in
1009 3948 1102 4005 etesiae
1117 3947 1279 4019 episcopus,
1295 3947 1378 4017 hujus
1402 3944 1659 4000 ecclesiasticarum
1681 3958 1779 3997 rernm
1796 3943 1856 4014 pri·

107 4035 217 4090 honore
236 4034 314 4090 beati
344 4034 420 4090 Petri
449 4035 570 4106 apostoli
599 4040 628 4090 et
649 4035 787 4107 Stephani
810 4038 954 4109 martyris,
1010 4037 1107 4109 vilegii
1123 4035 1334 4091 restitutionem
1353 4049 1441 4088 manu
1455 4032 1573 4104 propria
1588 4030 1713 4097 tlrmavi,
1729 4047 1764 4085 sc
1779 4032 1856 4086 robo-

108 4123 158 4179 ubi
173 4123 297 4194 inclytus
317 4129 425 4195 martyr
450 4125 611 4196 Gorgonius
634 4125 795 4180 admirabili
819 4126 954 4181 virtutum
1010 4125 1131 4181 randum
1147 4125 1277 4179 omnium
1292 4138 1487 4178 successorum
1501 4135 1632 4175 meorum
1646 4135 1697 4192 per
1710 4120 1855 4176 Christum

109 4211 192 4267 laude
206 4217 344 4275 coruscat.
361 4213 534 4284 regulariter
557 4212 723 4283 gubernari,
750 4214 904 4284 ipsumque
923 4230 956 4270 ac
976 4190 1144 4268 ⁰manibus
1166 4228 1252 4269 exoro
1277 4217 1306 4266 et
1330 4211 1479 4266 humiliter
1498 4224 1628 4279 exposco.
1650 4209 1709 4264 lloc
1733 4225 1808 4263 anno
1822 4207 1855 4262 ab

109 4299 261 4371 pristinam
280 4300 412 4354 omnium
435 4316 532 4356 rerum
555 4317 673 4356 suarum
699 4301 955 4372 reintegrationem
1009 4302 1210 4359 lncarnatione
1225 4300 1341 4356 Domini
1356 4302 1408 4355 873
1422 4298 1579 4354 indlctione
1594 4300 1623 4352 tt
1642 4301 1745 4368 epacta
1759 4300 1803 4352 28.

712 4599 1013 4674 EPlTAPHlUM
1040 4598 1271 4673 ADVENTII

775 4778 795 4820 Δ
820 4774 993 4820 semetipso
1017 4773 1197 4819 exaustum.

606 4919 727 4982 (llistoire
739 4919 870 4970 titteraire
881 4916 913 4968 de
927 4916 954 4967 la
966 4916 1074 4975 Fraure,
1090 4920 1154 4966 tom.
1170 4915 1202 4978 V,
1216 4928 1276 4980 pag.
1292 4915 1358 4979 tut.)

108 5172 207 5231 Tristis
229 5170 310 5242 origo
333 5171 469 5238 hominis,
490 5172 538 5227 sed
560 5172 669 5227 tristior
696 5173 798 5229 ultima
820 5191 881 5230 sors
902 5179 954 5229 est.
1011 5171 1184 5244 lmpevidus‚
1203 5170 1335 5242 pavidus,
1350 5169 1440 5236 tortis,
1456 5168 1628 5240 perterritus
1644 5168 1717 5240 ipse.

146 5261 243 5317 lurida
258 5277 335 5316 mors
350 5261 454 5332 repetit
468 5262 545 5332 quod
560 5278 612 5316 sua
625 5262 692 5334 jure
708 5262 822 5318 debent.
1047 5263 1128 5317 llunc
1141 5263 1266 5331 pereunt
1280 5259 1375 5314 cuncti
1389 5263 1464 5313 sorte
1479 5258 1533 5312 sub
1546 5257 1686 5313 occidua!

111 5347 221 5403 Divitiis
236 5351 346 5422 pollens
360 5350 495 5418 nimium,
511 5350 585 5405 hanc
598 5350 737 5406 lormidet
751 5367 869 5422 egenus.
1011 5351 1061 5407 llic
1075 5366 1129 5422 ego
1143 5350 1223 5404 vanis
1238 5348 1384 5421 quondam
1399 5352 1475 5402 ostro
1491 5350 1622 5419 comptus
1638 5353 1668 5401 et
1681 5364 1767 5414 anre,

146 5434 168 5489 0
181 5452 254 5510 puer
268 5445 354 5512 atque
370 5454 466 5506 senex,
483 5439 584 5493 mortis
599 5455 698 5495 amara
711 5455 795 5495 cave:
1047 5439 1261 5508 Fortunamque
1275 5433 1387 5491 avidam
1401 5434 1534 5506 experior
1547 5434 1670 5489 tumulo.
