3930 6098
125 267 176 321 467
805 263 932 320 ntvnttl
950 263 1193 322 OOllDUssENSlS
1822 266 1878 321 toa

127 397 180 452 tim
201 397 267 468 quis
288 396 358 468 quid
377 394 477 464 egerit,
496 393 548 448 sed
569 409 627 464 quo
646 398 710 448 voto
725 393 754 448 id
770 393 861 464 egerit
874 394 971 465 inqui·
990 399 1012 449 Α
1029 397 1138 447 nostras
1158 392 1219 463 jam
1240 393 1322 448 solita
1343 394 1496 449 clementia
1521 398 1622 466 tergat,
1650 410 1722 466 quas
1751 411 1877 468 propere

128 486 261 552 rendum,
278 499 330 539 nec
345 499 390 537 res
405 481 467 553 ipsa
484 498 547 553 quae
561 482 680 552 geritur,
698 483 746 537 sed
763 483 886 554 qualitas
896 499 974 537 rnen·
1029 481 1234 547 contraximus,
1251 483 1359 553 culpas.
1381 483 1460 538 Valet
1481 483 1588 538 etenim
1609 485 1700 538 oratio
1720 485 1878 554 impetrare

128 575 176 640 tis,
197 579 225 628 et
245 571 376 627 facientis
399 571 436 624 sit
456 571 635 641 propositum
655 571 858 641 judicandum
879 578 974 626 tamen
1027 570 1097 640 justi
1112 570 1237 636 assidua,
1258 572 1334 642 quod
1352 573 1508 641 peccatoris
1528 572 1628 643 nequit
1647 573 1806 643 prontemri
1822 590 1898 628 ne·-

129 679 246 735 quoquo
262 661 348 715 modo
363 665 476 730 gestum
492 660 527 713 sit
542 660 646 714 nostris
663 659 771 714 meritis
786 659 973 731 imputamus,
1030 658 1131 730 quitia.
1165 659 1295 713 Vestrum
1330 667 1372 714 cst
1405 676 1539 731 namque,
1570 661 1609 714 mi
1640 660 1766 728 domine,
1796 662 1879 716 fratri

129 755 158 804 et
171 747 313 820 judicium
331 748 444 804 Domini
459 744 594 802 trementi
608 747 693 802 corde
714 748 843 818 quotidie
859 764 912 802 nos
927 748 975 802 in·
1030 744 1173 800 laboranti
1195 762 1313 800 manum
1327 748 1487 818 porrigere,
1504 752 1533 803 et
1548 748 1715 804 morborum
1731 750 1879 821 languori-

129 837 291 909 sequendos
313 836 480 907 lugimoniis
500 852 557 890 non
577 835 679 890 mediis
698 841 889 907 protestamus
902 847 925 906 ⁸,
941 837 976 891 de
1030 834 1085 889 bus
1099 834 1196 889 saucio
1211 851 1297 905 opem
1311 835 1407 890 solatii
1421 835 1586 907 praelargire
1603 853 1609 890 :
1628 841 1768 908 quatenus
1782 844 1809 892 et
1825 855 1881 893 no·

128 931 228 980 nostra
243 924 427 995 desperantes
446 923 572 993 pessima
592 939 678 994 opera
692 925 715 991 b,
731 925 767 980 de
788 925 866 978 illius
887 925 976 980 conli-
1029 921 1074 977 bis
1089 922 1219 977 debitum
1235 923 1407 994 impertiatis
1423 925 1593 992 remedium,
1614 933 1643 980 et
1659 931 1784 981 vestrum
1801 926 1880 997 quod

129 999 230 1069 dentes
244 1012 440 1066 misericordia
453 1015 598 1066 consueta.
613 1013 681 1066 Ecce
696 1013 820 1084 qualiter
830 1018 872 1068 est
883 1018 977 1068 aetum
1031 1028 1083 1082 pro
1099 1012 1179 1068 omni
1195 1013 1315 1068 Ecclesia
1327 1014 1490 1085 injunctum
1504 1014 1617 1069 habetis
1636 1014 1775 1082 oilicium,
1790 1016 1881 1087 incly-

130 1107 232 1156 vestrae
247 1101 408 1172 prudentiae
426 1104 519 1155 toturn
538 1105 581 1155 est
602 1100 772 1172 patefactum
792 1119 798 1156 :
820 1102 896 1173 quod
911 1102 977 1157 ideo
1031 1106 1094 1155 tum
1109 1113 1120 1138 ⁰
1135 1101 1296 1172 perducatis
1308 1102 1345 1157 ad
1359 1103 1527 1158 terminum.
1545 1106 1647 1157 Amen.

129 1189 210 1245 vobis
226 1190 260 1244 ad
275 1189 389 1260 singula
401 1205 535 1244 enarrare
550 1190 659 1258 curavi,
674 1189 743 1260 quia
757 1206 791 1245 ex
806 1190 895 1261 ipsius
909 1206 977 1245 con·
1066 1193 1093 1244 2.
1112 1191 1149 1244 De
1167 1197 1279 1258 caetero,
1298 1191 1339 1244 mi
1354 1190 1481 1259 domine,
1498 1208 1556 1246 nou
1572 1208 1638 1247 reor
1652 1193 1740 1247 latere
1756 1198 1881 1248 vestram

132 1278 246 1334 tesseris
260 1279 344 1333 laude
361 1279 450 1332 multa
465 1278 547 1349 quasi
562 1295 578 1332 a
596 1276 675 1332 robis
694 1277 769 1333 dicta
789 1279 977 1350 audivique
1031 1279 1216 1349 prudentiam
1237 1279 1429 1334 calamitatem
1448 1280 1567 1350 hujusce
1586 1283 1690 1335 nostrae
1711 1281 1880 1351 provinciae,

132 1366 252 1421 minime
266 1366 385 1433 credidi,
400 1365 468 1437 quia
482 1372 608 1420 vestrum
622 1366 751 1420 animum
767 1383 836 1437 erga
852 1383 898 1421 me
910 1383 977 1437 pro·
1032 1383 1097 1439 quae
1113 1367 1265 1438 multiplici
1286 1374 1376 1438 peste,
1402 1386 1434 1423 ac
1455 1369 1566 1439 ingenti
1585 1369 1680 1424 ulcere
1698 1369 1802 1436 saucia,
1820 1369 1881 1424 imo

132 1454 228 1526 prium
246 1454 350 1526 saepius
365 1454 451 1508 sensi.
1032 1456 1068 1510 ad
1091 1457 1200 1511 exitum
1221 1456 1286 1511 vilse
1308 1473 1399 1528 usque
1421 1458 1553 1527 deducta,
1569 1457 1681 1513 bestiali
1701 1458 1774 1513 rictu
1788 1462 1817 1512 et
1831 1458 1883 1513 be·

167 1547 194 1599 6.
211 1545 243 1598 ln
258 1543 346 1598 linem
362 1559 428 1597 vero
443 1542 572 1614 epistolae
584 1543 737 1598 advolutus
746 1543 868 1614 pedibus
879 1544 979 1599 vestris
1032 1544 1113 1600 luina
1127 1544 1242 1600 efferata
1256 1545 1401 1615 barbarie,
1415 1545 1552 1601 hacteuus
1572 1561 1646 1601 saeve
1665 1545 1819 1601 dilacinata
1839 1550 1882 1600 est

132 1649 267 1705 suggero,
283 1638 316 1687 ut
330 1632 397 1703 quia
412 1637 568 1703 paupertas
586 1637 615 1687 et
633 1632 764 1687 debilitas
788 1649 834 1686 me
857 1650 875 1688 a
898 1632 977 1688 vobis
997 1632 1120 1727 Baliero
1135 1633 1229 1689 dente.
1248 1633 1302 1689 Sed
1319 1633 1387 1706 quia
1401 1638 1531 1705 respectu
1553 1633 1684 1689 altissimi
1706 1639 1735 1688 et
1755 1648 1882 1704 praesen·

132 1722 200 1780 feeit
222 1721 380 1782 absentem,
404 1719 518 1775 bonitas
542 1726 636 1775 vestra
665 1737 712 1776 mc
739 1737 853 1792 semper
881 1722 977 1776 animo
1032 1720 1135 1783 tissimi
1157 1721 1312 1776 conditoris
1333 1724 1479 1792 utcunque
1504 1721 1645 1791 respirare
1669 1726 1734 1792 post
1753 1719 1831 1775 diras
1851 1736 1883 1775 ac

132 1810 235 1866 reddat
250 1815 422 1881 praesentem
444 1826 451 1865 :
475 1810 732 1882 suggessionesque
755 1812 909 1866 malevolas
930 1812 979 1866 illa
1032 1808 1192 1879 palpabiles
1204 1824 1282 1864 nunc
1297 1809 1359 1863 nisa
1373 1814 1417 1863 est
1437 1809 1579 1876 tenebras,
1600 1813 1629 1862 et
1649 1808 1771 1864 liberum
1787 1807 1884 1879 potuit

133 1899 302 1956 discretione
318 1897 469 1969 paternali,
486 1914 543 1968 qua
560 1915 608 1953 ros
624 1899 690 1952 novi
704 1898 810 1969 vigere,
829 1899 979 1966 discutite;
1033 1901 1180 1968 utcunque
1203 1914 1261 1952 non
1281 1897 1408 1952 humano
1423 1897 1553 1968 ingenio,
1569 1897 1619 1951 sed
1634 1896 1731 1951 divino
1746 1895 1882 1968 imperio,

133 1994 162 2045 et
176 2004 245 2043 eure
264 1988 351 2042 surda
370 1986 520 2041 discordiae
541 1986 750 2041 incantationes
766 1988 894 2054 transite,
910 2004 978 2042 nos·
1034 1985 1176 2057 respicere
1191 1986 1303 2053 lumen3
1320 1991 1414 2040 actum
1436 1991 1488 2054 est,
1505 1991 1536 2040 nt
1553 1985 1603 2039 illa
1619 1984 1797 2041 admirabilis
1813 1985 1882 2040 dex·

133 2093 189 2149 que
204 2075 358 2130 visceribus
373 2074 498 2146 propriis
510 2075 693 2128 comendatos
705 2075 817 2128 habete.
834 2073 979 2144 Quidquid
1033 2080 1105 2142 tera,
1125 2091 1190 2146 quer
1209 2077 1289 2130 novit
1302 2075 1456 2130 humiliare
1471 2075 1614 2141 sublimia,
1631 2079 1659 2128 et
1673 2074 1759 2129 altius
1771 2075 1883 2129 elevare

134 2181 201 2219 vero
223 2165 310 2229 Felix,
336 2163 459 2218 Gratiosi
480 2162 586 2233 judicis
606 2163 693 2229 lilius,
714 2162 744 2216 in
763 2179 847 2217 aures
868 2162 980 2217 domini
1034 2169 1185 2235 prostrata,
1210 2170 1319 2235 pestem
1343 2179 1430 2235 quam
1454 2169 1570 2218 extensa
1589 2164 1634 2217 ira
1656 2162 1820 2230 induxerat,
1843 2163 1884 2218 di·

134 2253 271 2309 Servandi
301 2252 414 2306 comitis
442 2267 507 2306 cum
535 2251 695 2306 confessore
721 2251 771 2306 illo
795 2251 978 2318 immisserit3
1033 2252 1091 2308 lata
1114 2253 1310 2309 misericordia
1340 2254 1531 2309 subtraberet.
1561 2253 1648 2324 Cujus
1672 2253 1829 2324 benignam
1856 2258 1884 2308 et

133 2346 227 2397 restra
240 2341 408 2412 paternitas,
424 2340 448 2394 si
462 2340 595 2406 voluerit,
618 2344 678 2395 tota
696 2340 816 2395 radebit.
839 2341 979 2411 Tempore
1033 2341 1207 2397 laudabilem
1236 2341 1493 2396 administrationis
1525 2341 1555 2395 iu
1591 2340 1726 2411 operibus
1759 2341 1883 2412 gratiam

135 2429 242 2501 quippe
258 2432 350 2482 vestro
367 2427 489 2482 aliorum
504 2443 603 2482 causas
615 2431 675 2482 erat
690 2427 774 2482 uobis
788 2429 930 2499 explicere
943 2430 980 2484 li·
1034 2427 1234 2483 abundantiori
1261 2429 1346 2484 laude
1373 2445 1547 2500 prosequere
1572 2429 1729 2500 cupientes,
1758 2435 1788 2483 et
1814 2429 1883 2484 effe·

135 2517 224 2572 citum
240 2534 246 2571 :
263 2516 477 2588 quantomagis
499 2520 628 2570 nostrum
642 2517 794 2588 proprium
815 2534 873 2572 nou
891 2535 980 2589 expe-
1034 2521 1134 2572 otnoso
1149 2522 1252 2571 conatu
1269 2533 1301 2571 ex
1317 2533 1431 2589 quaqua
1446 2523 1538 2588 parte,
1561 2534 1618 2589 qua
1636 2532 1722 2587 posse
1739 2518 1825 2572 uobis
1839 2519 1883 2572 iu·

134 2605 247 2661 diamus
265 2604 432 2674 negotium?
447 2604 584 2670 Recolite,
601 2604 729 2668 obsecro,
746 2610 911 2661 nostrorum
925 2622 981 2661 an·
1031 2605 1164 2676 junctum
1179 2610 1231 2674 est,
1247 2606 1424 2677 aequiperare
1444 2606 1582 2671 volentes,
1604 2605 1789 2660 unanimitati
1809 2621 1884 2675 prae-

135 2695 285 2764 liquorum
300 2693 434 2747 amicitiae
451 2693 609 2759 vinculum,
629 2698 656 2747 et
672 2698 798 2747 restrum
816 2693 980 2764 amplectite
1035 2692 1135 2747 bentes
1152 2695 1346 2761 concordiam,
1363 2699 1392 2749 et
1409 2694 1559 2748 discordiae
1576 2693 1709 2748 radicitus
1722 2694 1885 2748 ambientes

133 2782 292 2837 visceribus
307 2781 409 2836 tilium.
435 2781 521 2836 Plura
543 2782 690 2836 volueram
710 2781 775 2836 licet
791 2782 904 2854 plebeio
921 2798 980 2837 ser·
1035 2780 1192 2850 exstirpare
1220 2781 1349 2836 funditus
1378 2797 1512 2850 massam,
1540 2781 1726 2852 praesentiam
1755 2787 1885 2836 nostram

136 2886 223 2926 mone
245 2871 419 2947 disputando
445 2869 583 2924 conficere
610 2887 616 2924 :
639 2870 689 2924 scd
713 2870 832 2925 modum
854 2871 981 2942 epistolae
1035 2866 1170 2923 iratribus
1192 2869 1346 2924 nostriset
1368 2870 1628 2935 consacerdotibus,
1653 2871 1712 2924 sive
1736 2869 1814 2932 tiliis,
1838 2887 1885 2940 pe·

136 2959 271 3030 egredere
288 2958 380 3024 nolui,
397 2964 426 3013 et
441 2959 633 3029 prudentibus
648 2960 734 3013 stulta
749 2975 922 3030 componere
941 2960 979 3013 ti-
1000 2957 1186 3024 cculiarem,
1213 2959 1347 3013 exhibere
1372 2959 1505 3029 protinus
1533 2958 1640 3024 nancti,
1668 2964 1696 3013 et
1721 2975 1788 3030 quae
1818 2975 1885 3013 vera

137 3048 208 3103 mui.
229 3048 283 3103 Sed
298 3064 380 3118 rogo,
407 3051 437 3101 ut
456 3063 519 3119 ques
543 3048 633 3119 magis
654 3048 806 3118 currendo,
822 3064 909 3120 quam
924 3054 982 3103 tra·
1036 3049 1113 3113 suut,
1130 3046 1234 3116 partim
1254 3046 1404 3102 severitate
1421 3047 1533 3117 judicii,
1556 3048 1662 3118 partim
1682 3047 1799 3102 lenitate
1820 3063 1884 3102 seu·

135 3137 239 3192 ctando
252 3136 417 3207 conscripsi,
435 3141 463 3190 et
473 3136 644 3206 plusdolore
654 3152 741 3208 quam
752 3137 845 3192 nitore
856 3136 982 3208 depinxi,
1035 3133 1133 3188 teutiae
1148 3134 1300 3203 gliscentes
1317 3151 1484 3207 exsequere;
1500 3136 1588 3190 tentis
1605 3151 1636 3190 se
1650 3134 1885 3192 testimoniorum

136 3242 195 3281 non
211 3225 378 3280 scholastice
393 3216 421 3279 et
440 3240 491 3295 per
515 3225 663 3280 liberalem
688 3231 812 3280 artem·c
835 3230 981 3291 tractetur,

136 3315 187 3370 sed
201 3331 271 3386 pure
287 3320 315 3368 et
334 3313 512 3384 simpliciter,
538 3318 569 3367 ut
592 3314 730 3385 scriptum
751 3319 803 3380 est,
828 3315 981 3383 relegetur.

173 3409 199 3458 7.
225 3403 329 3473 Vigens
349 3403 452 3455 ssoreat
470 3401 651 3470 paternitatis
671 3408 771 3457 vestroe
793 3406 875 3456 aucta
893 3401 983 3456 felici-

136 3496 181 3546 tas
194 3506 247 3561 per
260 3489 352 3560 spatia
367 3504 520 3543 annornm.
537 3492 637 3545 Amen.

138 3722 261 3776 Errscorr
285 3718 321 3791 (et
344 3722 374 3772 ut
393 3722 508 3787 apparet
532 3734 610 3773 siunt
634 3719 822 3788 consuamus)
846 3736 881 3774 ao
904 3737 984 3777 anru-

1036 3222 1254 3294 probatiouibus
1270 3224 1447 3292 moruerunt,
1467 3224 1613 3295 tantisque
1632 3225 1752 3279 Patrum
1768 3230 1885 3279 senteu-

1036 3310 1093 3378 tiis,
1109 3328 1173 3382 quae
1189 3312 1383 3383 compassione
1398 3318 1519 3384 egerant
1531 3312 1666 3384 plevium,
1681 3312 1885 3378 lirmarerunt;

1038 3403 1070 3453 ut
1084 3414 1157 3469 pene
1173 3399 1281 3454 eisdem
1294 3401 1324 3454 iu
1339 3400 1447 3472 aliquid
1464 3401 1578 3455 obviare
1594 3399 1604 3437 s
1619 3417 1676 3455 nou
1692 3400 1730 3454 sit
1745 3401 1819 3471 ejus,
1837 3400 1886 3472 qui

1038 3493 1139 3543 cuncta
1157 3503 1186 3542 se
1206 3488 1315 3559 judicio
1339 3494 1368 3543 et
1389 3489 1522 3560 exemplo
1546 3491 1663 3544 Petrum
1686 3488 1789 3543 asserit
1806 3489 1887 3543 inno

1038 3575 1115 3630 dare.
1138 3577 1248 3644 Fateor,
1274 3579 1314 3632 mi
1335 3578 1514 3633 sanctissime
1539 3578 1665 3645 domiue,
1692 3576 1726 3632 ad
1750 3580 1832 3632 tauta
1860 3582 1886 3632 et

1038 3663 1107 3718 talia
1121 3680 1186 3735 quea
1204 3679 1237 3719 ex
1251 3665 1380 3720 virorum
1394 3665 1538 3721 industria
1553 3666 1720 3720 obtulerunt
1733 3666 1886 3736 opuscula,

1038 3752 1175 3824 obstupui
1187 3764 1198 3802 ι
1210 3757 1238 3808 et
1253 3754 1425 3809 sententiam
1442 3770 1535 3809 meam
1551 3754 1635 3809 aliter
1648 3753 1787 3808 hactenus
1799 3769 1888 3808 aucu-

358 3821 413 3861 m
434 3821 581 3862 ⁸⁹¹⁵⁶⁰⁹⁰¹¹
602 3822 725 3860 ⁸⁹¹⁵T⁰L⁸
741 3804 765 3862 d·
1038 3845 1146 3913 petam,
1167 3843 1305 3897 veraciori
1323 3848 1352 3897 et
1375 3842 1535 3913 probatiori
1558 3842 1743 3913 indagatione
1765 3842 1888 3913 probata

176 3936 200 3988 l.
225 3930 334 3998 Quibus
352 3929 562 3985 calamitatibus
581 3929 719 4000 quibusve
740 3930 864 3985 miseriis
881 3932 985 3988 merito
1035 3929 1070 3984 'in
1088 3930 1201 3985 meliori
1223 3931 1309 3985 ductu
1333 3936 1362 3984 et
1382 3930 1538 3986 universali
1559 3931 1679 4001 collegio
1699 3930 1887 3996 commutari,

139 4023 271 4093 exigente
291 4020 429 4074 hactenus
448 4024 591 4085 conterar,
614 4034 707 4088 quove
727 4019 866 4074 acerrimo
880 4020 985 4076 intole·
1039 4036 1076 4074 ne
1096 4018 1296 4084 obstinatione,
1315 4019 1391 4090 quod
1414 4021 1498 4085 absit,
1522 4020 1611 4074 animi
1631 4020 1732 4074 ductus
1754 4018 1889 4075 tomitem

138 4111 223 4166 rabili
248 4109 345 4164 dolore
375 4124 408 4161 ex
441 4107 561 4161 diversis
593 4107 724 4176 partibus
756 4107 865 4175 insuar,
900 4110 985 4165 credo
1040 4109 1147 4164 alerem
1164 4107 1322 4172 discordiae,
1346 4113 1376 4162 et
1395 4108 1557 4163 membrum
1577 4124 1676 4162 secans
1697 4123 1713 4160 a
1732 4107 1889 4178 capitein·

138 4203 239 4252 vestrae
260 4193 430 4250 beatitudini
448 4198 476 4247 et
491 4209 608 4247 rumore
623 4194 729 4248 celebri
749 4195 941 4266 divulgatum,
957 4204 987 4253 et
1040 4201 1135 4251 sontes
1151 4212 1223 4266 quos
1236 4195 1410 4250 couscientia
1423 4196 1539 4260 liberos,
1556 4201 1584 4250 et
1599 4195 1762 4250 innocentia
1776 4197 1890 4250 immu-

138 4285 278 4341 veraciori
293 4280 527 4352 comprobatione
547 4281 718 4351 praesentia,
734 4283 816 4353 quasi
835 4286 985 4356 proprium
1004 4299 1093 4358 pnes
1111 4285 1285 4351 ostenderat,
1303 4289 1401 4338 nostra
1421 4283 1550 4338 indebita
1574 4284 1750 4338 sententiaa
1768 4285 1890 4339 Petrum

138 4371 338 4444 compassione
363 4369 568 4424 misericordiae
591 4371 820 4441 comprobatum.
848 4374 881 4427 Et
906 4373 984 4440 ideo,
1039 4371 1230 4442 intelligentia
1250 4373 1382 4427 exsulans
1397 4378 1514 4426 conaret
1528 4373 1651 4437 abicere,
1668 4377 1818 4443 totamque
1839 4373 1889 4426 Ec-

139 4463 180 4519 mi
207 4458 410 4516 sublimissime
433 4457 560 4525 domiue,
590 4460 787 4528 apostolorum
817 4462 931 4529 vicarie,
957 4469 987 4519 et
1039 4461 1165 4527 alesiam,
1183 4461 1456 4532 quodproculsita
1472 4462 1635 4531 pastoribus
1653 4460 1713 4523 Dei,
1731 4460 1890 4514 crudelite-

139 4566 236 4606 rerum
253 4547 364 4620 opificis
383 4547 488 4602 Christi
511 4548 676 4618 sequipede,
699 4549 913 4620 suliragationis
929 4551 986 4605 ira·
1038 4549 1075 4603 tis
1096 4550 1202 4616 edictu,
1225 4550 1284 4604 imo
1306 4549 1460 4620 imperitiae
1488 4550 1571 4616 lustu,
1599 4549 1719 4604 maculis
1744 4549 1891 4603 indebetis

138 4639 249 4695 teruale
278 4636 415 4691 auxilium
442 4640 522 4690 tanto
552 4635 755 4692 abundantiori
778 4637 890 4693 lusione
913 4638 986 4693 inihi
1038 4638 1171 4708 pollueri,
1192 4638 1389 4708 haereticisque
1412 4639 1441 4692 in
1466 4638 1650 4693 contemtiah
1669 4637 1888 4705 concordantes,

138 4727 255 4800 porrige
270 4726 472 4796 lacrymarum,
488 4729 596 4795 quanto
610 4741 655 4780 me
666 4741 725 4796 pree
736 4727 845 4781 cunctis
855 4743 986 4797 pressum
1039 4726 1191 4797 parvisque
1214 4726 1397 4781 homunculis
1415 4726 1573 4796 inexpertis
1594 4732 1622 4781 et
1643 4725 1741 4781 insciis
1762 4726 1891 4797 compla-

139 4816 215 4872 mole
233 4829 369 4869 noxarum
389 4828 440 4884 per
463 4810 673 4869 immanitatem
695 4814 835 4885 conspicis
854 4815 985 4886 ssagello·
1039 4818 1145 4879 centes,
1171 4815 1393 4870 universalitatis
1415 4830 1530 4880 nomen,
1553 4815 1581 4869 id
1596 4820 1640 4870 est
1655 4814 1843 4884 catholicum,
1861 4815 1892 4869 in

137 4921 218 4972 rum;
237 4909 268 4958 ut
283 4902 378 4958 divina
393 4901 493 4972 pietas,
510 4918 575 4972 quae
595 4902 748 4958 sceleribus
765 4904 837 4959 meis
852 4905 985 4960 innume·
1037 4907 1130 4974 parte,
1147 4907 1174 4958 et
1189 4920 1246 4958 uon
1261 4903 1292 4957 in
1311 4907 1380 4971 toto,
1400 4907 1429 4959 ut
1445 4903 1564 4974 dignum
1583 4909 1626 4959 est
1639 4903 1763 4958 retinere
1778 4900 1784 4937 ὶ
1799 4919 1806 4956 :
1823 4918 1891 4957 cum

138 4995 179 5050 ris
201 4994 321 5057 offensa,
342 4990 500 5062 justissima
520 4990 663 5045 ultionum
678 4994 871 5062 temperantes
886 4993 986 5047 hacte—
1035 4992 1117 5064 juxta
1136 4992 1290 5047 canonicus
1313 4992 1475 5047 verissimas
1499 4999 1528 5049 et
1551 4992 1748 5048 universalisl
1775 4993 1891 5047 saeculis

138 5100 193 5140 uus
221 5082 336 5151 inrogat
360 5079 468 5150 plagas,
497 5078 591 5149 dignis
621 5079 722 5134 vestris
746 5081 879 5153 precibus
902 5081 984 5149 flexa,
1038 5081 1253 5153 probatissimas
1272 5082 1443 5147 sanctiones,
1467 5087 1617 5153 peccatum
1639 5081 1740 5154 populi
1760 5080 1889 5136 inultum

173 5232 186 5259 ⁸
201 5223 232 5278 ld
246 5225 297 5289 est,
314 5219 437 5275 luctibus
451 5236 510 5274 non
526 5220 728 5276 mediocribus.

173 5296 187 5338 b
202 5295 301 5363 Opera,
316 5307 348 5358 a,
363 5291 439 5346 idem
455 5306 487 5345 ac
499 5305 576 5361 opus.

174 5365 261 5428 olla,
277 5378 327 5432 per
342 5363 449 5416 liberati
463 5366 532 5416 arte.

173 5435 187 5477 d
202 5433 269 5488 Vide
284 5433 425 5500 notitiam,
439 5448 535 5501 snpra.

174 5514 185 5539 ⁶
201 5505 299 5571 Bravo,
313 5519 341 5574 p.
362 5503 421 5569 tte,
437 5503 581 5558 indictum.

1074 5223 1223 5291 ‘Obuiura
1249 5224 1279 5279 id
1306 5230 1350 5279 est
1377 5224 1581 5293 contradicere,
1607 5225 1681 5280 sicut
1704 5223 1798 5278 obuius
1822 5239 1892 5278 con-

1038 5295 1154 5350 itarius.

1075 5366 1164 5432 ella,
1181 5368 1292 5435 ostipui.

1074 5438 1088 5479 ¹1
1103 5437 1244 5492 Gontmtia
1257 5436 1333 5490 idem
1346 5452 1378 5490 ac
1393 5438 1535 5504 contentio,
1551 5438 1604 5491 nis.

1076 5505 1082 5542 i
1096 5508 1125 5562 F.
1144 5512 1174 5561 ut
1188 5508 1302 5574 diguam
1315 5513 1364 5574 est,
1378 5510 1528 5563 retinerem.

1077 5577 1084 5622 t
1097 5578 1126 5633 F.
1144 5580 1288 5633 uniuersis.
