3930 6098
121 279 177 333 373
489 319 491 323 «
854 285 1033 343 EPISTOLAE
1052 287 1152 343 tuus.
1829 292 1881 349 ³74

123 411 207 484 regni
232 413 322 468 nostri
346 413 453 469 linibus
473 421 693 483 commorantes,
710 422 739 473 et
760 434 829 490 erga
856 419 973 474 intesta·
993 421 1211 489 A'lrinitatem,
1237 422 1386 478 humiliter
1409 423 1543 495 petimus,
1560 429 1592 480 ut
1613 425 1696 481 facile
1712 425 1882 484 criminosos

124 501 236 556 tionem
264 519 444 574 paganorum
473 505 629 560 laboriosas
656 507 789 563 excubias
816 513 974 577 servantes,
1029 511 1065 566 ad
1088 511 1282 567 causationem
1303 516 1430 567 nostram
1452 514 1616 569 nullatenus
1629 515 1803 572 admittatis:
1826 532 1880 572 ue·

125 590 349 647 discurrentium
370 593 510 649 relatione
535 594 738 667 comperimus,
753 598 975 669 ‘theutgaudum
1030 616 1086 671 qne
1101 604 1133 655 ut
1153 602 1305 672 Apostolus
1327 601 1419 668 docet,
1438 603 1517 656 omni
1541 603 1656 674 spiritui
1679 604 1814 672 credatis,
1830 601 1880 663 sed

124 679 333 749 Trevirensem,
359 686 388 736 et
414 683 604 739 Guntharium
624 685 908 758 Agrippinensem
929 704 976 743 ve·
1029 689 1149 759 probate
1162 689 1186 743 si
1212 707 1245 744 ex
1271 690 1330 744 lieo
1346 688 1381 744 sit
1398 691 1423 761 (l
1441 691 1526 745 Joan.
1551 691 1588 763 iv)
1603 709 1609 747 :
1626 693 1693 764 quia
1715 694 1809 764 parati
1829 711 1880 750 su-

126 773 183 823 stra
199 769 367 826 auctoritate
389 773 661 842 excommunicatos,
684 782 770 846 atque
795 776 852 830 oris
866 777 976 848 proprii
1030 794 1105 845 mus,
1136 778 1159 832 si
1188 779 1261 835 ratio
1290 779 1447 846 dictaverit,
1477 796 1531 850 per
1558 781 1748 852 nosmetipsos
1775 783 1878 853 polire,

125 858 292 913 testimonio
318 860 451 915 canonice
475 861 642 916 damnatos:
660 864 736 934 quod
757 880 810 918 nos
832 881 890 920 non
915 865 976 920 sine
1030 867 1107 937 quod
1134 868 1304 922 emulorum
1326 867 1435 922 invidia
1457 868 1542 941 tingit
1566 869 1670 924 aliena.
1688 866 1877 941 Omnipotens

126 946 204 1018 gravi
232 962 357 1003 moerore
381 948 560 1018 haurientes,
577 951 756 1007 decrevimus
771 952 977 1024 longanimiter
1030 956 1105 1010 Deos
1120 956 1333 1012 sanctissimum
1357 958 1532 1026 praesulatus
1557 957 1641 1011 vestri
1658 957 1768 1028 apicem
1790 958 1878 1030 equi·

127 1035 318 1105 sepelientur
340 1036 415 1092 ferre
435 1039 577 1106 nuntiata,
594 1046 622 1094 et
647 1044 679 1094 nt
701 1041 770 1095 olim
792 1041 822 1096 in
846 1042 976 1111 pluribus
1030 1044 1097 1099 tatis
1131 1044 1211 1099 lance
1232 1045 1414 1101 moderatum
1445 1046 1495 1101 diu
1524 1045 1698 1101 incolumem
1726 1047 1876 1103 custodiat.

128 1128 222 1178 actum
237 1128 291 1190 est,
309 1125 500 1181 restitutionis
515 1143 597 1198 spem
611 1128 728 1195 habere,
745 1134 773 1183 et
792 1129 839 1200 pie
856 1130 976 1185 refrica-
1031 1137 1131 1189 amen.

128 1212 160 1266 tis
183 1229 218 1266 ac
239 1215 399 1270 retractetis
421 1215 566 1283 omnibus,
583 1217 677 1272 locum
693 1218 872 1273 rationabilis
888 1218 977 1273 mise·
1332 1205 1530 1262 fflSTOLd
1556 1207 1578 1261 Ῑ·

128 1302 258 1357 ricordie
283 1320 300 1358 a
322 1308 414 1359 vestra
431 1305 562 1376 largitate
585 1306 756 1377 prestolari.
775 1308 886 1362 lnterea
902 1308 975 1362 acci·
1348 1328 1383 1366 so
1403 1328 1517 1368 acuonu
1536 1323 1558 1367 ⁸.

129 1392 165 1448 dit
179 1391 266 1447 ΜΒ
277 1408 370 1461 ⁰⁰⁵⁵⁸’
385 1393 464 1465 q⁰⁰d
478 1394 653 1450 Guntharim
667 1395 822 1450 mmmm
837 1397 976 1452 ”lemnia
1032 1437 1065 1491 Ut
1083 1438 1384 1491 excommunicationem
1408 1438 1440 1492 ob
1465 1440 1629 1494 consortium
1650 1454 1709 1494 cum
1727 1439 1880 1495 waldrada

129 1485 282 1551 antequam
306 1482 340 1537 ad
369 1497 422 1536 nos
444 1483 606 1554 perveniret
628 1485 844 1541 celebreronon
861 1486 974 1552 metuit,
1065 1509 1257 1561 comminatam
1284 1508 1408 1576 emm,
1439 1525 1517 1563 suum
1546 1510 1583 1564 „d
1610 1511 1749 1566 Nicolaum
1766 1510 1880 1565 pomam

128 1577 152 1624 et
180 1571 267 1640 juxta
300 1572 511 1642 precedentem
541 1573 780 1628 consuetudinem
813 1574 976 1645 episcopale
1065 1577 1211 1632 aduentum
1236 1581 1358 1646 nuntiat,
1387 1584 1411 1633 et
1440 1584 1470 1634 ut
1503 1596 1563 1634 eum
1589 1595 1635 1650 spe
1662 1582 1730 1635 bosia
1760 1582 1879 1650 ludificet

127 1661 248 1714 chrisma
272 1659 424 1728 conficere,
443 1661 479 1730 :et
501 1661 639 1732 Spiritum
662 1663 840 1733 paracletum
865 1664 976 1719 tradere
1065 1650 1250 1732 ⁸Pi⁸9⁰P⁰mm
1283 1649 1321 1703 (ῖά
1347 1650 1468 1704 eumdem
1501 1652 1659 1735 tepetionem
1692 1651 1823 1735 (dictinii,
1853 1655 1880 1705 ⁶²

126 1750 326 1821 praesumpsit3
346 1750 424 1821 quod
440 1765 492 1804 nos
507 1751 575 1806 satis
590 1767 667 1821 ψ
684 1751 815 1821 tulimus,
830 1757 858 1808 et
873 1757 905 1808 ut
920 1753 974 1807 hoc
995 1727 1015 1781 Β
1065 1719 1203 1773 ouasttum
1218 1724 1312 1775 contra
1325 1721 1485 1787 Saracenos,
1501 1736 1525 1776 si
1540 1737 1607 1792 opus
1623 1726 1668 1789 nt,
1684 1737 1709 1775 cs
1722 1722 1876 1790 pollicetur.

126 1855 178 1894 non
204 1839 299 1904 fieret,
325 1844 464 1911 tanquam
492 1840 674 1895 mortiferum
699 1858 854 1910 venenum,
879 1842 974 1897 modis
1062 1843 1185 1898 Domino
1201 1859 1265 1898 vere
1292 1844 1472 1899 sanctissimo
1492 1845 1716 1911 aebeatissimo,
1733 1845 1877 1916 totiusque

126 1929 256 1983 omnibus
276 1928 487 1984 abominamur.
504 1931 556 1985 lllo
582 1935 679 1984 antem
704 1932 739 1985 ad
755 1946 807 1985 nos
827 1932 972 2003 veniente,
1027 1932 1078 1988 Ilei
1097 1932 1228 1989 Ecclesia
1244 1948 1325 1987 roseo
1338 1933 1394 2002 piis
1410 1935 1495 2006 Regis
1509 1933 1614 1990 Christi
1629 1934 1769 2005 sanguine
1782 1933 1878 2006 acqui·

126 2018 181 2088 ejus
196 2017 316 2071 missam
331 2017 429 2072 audire
445 2018 602 2083 noluimus,
617 2034 669 2073 nec
684 2018 714 2072 in
730 2019 827 2090 aliquo
840 2019 882 2074 illi
897 2036 975 2075 com·
1028 2021 1090 2077 site
1116 2037 1229 2076 summo
1254 2022 1385 2093 pontifici
1406 2030 1434 2079 et
1455 2023 1610 2078 universali
1633 2039 1717 2094 pape
1744 2023 1875 2090 Nicoma,

126 2109 269 2161 manicare
291 2111 386 2160 ratum
411 2106 554 2171 duximus,
571 2109 693 2180 etjuxta
709 2108 842 2163 Veritatis
862 2124 973 2180 vocem,
1026 2111 1191 2178 Lernamos,
1232 2110 1328 2165 divina
1363 2111 1538 2182 propitiante
1576 2112 1728 2166 clementia
1756 2128 1807 2166 rex
1844 2128 1877 2168 ac

126 2195 204 2264 quasi
225 2194 468 2250 scandalizantem
481 2196 607 2262 oculum,
624 2212 640 2250 a
658 2195 740 2251 nobis
755 2212 856 2252 eruere
872 2212 973 2252 macu-
1026 2198 1229 2254 devotissimus
1248 2198 1325 2254 lilius
1339 2204 1441 2265 vester,
1456 2199 1663 2271 sempiternam
1677 2215 1742 2254 cum
1758 2200 1874 2271 gaudio,

125 2283 177 2336 lam
202 2282 394 2354 disponimus,
424 2300 574 2355 quousque
595 2284 770 2339 sanctissimi
796 2286 973 2356 apostolatus
1026 2289 1234 2360 prosperitatis,
1264 2293 1292 2344 ct
1314 2289 1459 2345 felicitatis
1482 2290 1616 2362 gloriam,
1643 2290 1785 2362 fideleque
1812 2305 1875 2345 ser·

125 2371 207 2425 vestri
222 2370 365 2426 finitivam
380 2372 553 2427 sententiam
575 2373 609 2428 de
624 2372 674 2427 illo
692 2373 796 2429 rescire
816 2374 971 2430 valeamus.
1025 2378 1139 2433 vitium.

126 2460 278 2530 Epistolam
294 2475 410 2531 quoquc
430 2477 447 2515 a
466 2465 560 2515 vestra
575 2461 726 2517 sanctitate
741 2461 883 2534 episcopis
898 2462 973 2518 die·
1060 2466 1117 2521 Rex
1142 2482 1244 2537 regum
1268 2469 1296 2520 et
1319 2466 1453 2538 princeps
1480 2470 1628 2538 pastorum
1654 2465 1794 2537 Christus,
1823 2467 1875 2538 qui

125 2565 218 2604 oeseos
239 2549 377 2604 directam
396 2549 440 2604 illi
463 2549 688 2618 transmisimus,
709 2556 741 2605 at
754 2551 861 2607 ibidem
883 2567 972 2606 cano·
1024 2554 1243 2621 sacerdotalem,
1268 2558 1296 2609 et
1320 2555 1431 2626 regiam
1460 2555 1631 2626 dignitatem
1656 2555 1687 2609 in
1712 2555 1873 2612 ministerio

125 2637 199 2691 uices
225 2643 312 2708 atque
339 2639 510 2709 apostolicas
537 2639 699 2694 sanctiones
728 2639 838 2711 liquido
864 2656 971 2710 cogno·
1024 2648 1123 2697 nostro
1150 2643 1358 2713 redemptionis
1388 2645 1419 2697 in
1446 2643 1540 2713 seipso
1561 2643 1661 2709 univit,
1689 2644 1797 2715 quique
1831 2645 1875 2700 sui

124 2742 213 2793 scens,
230 2726 326 2781 videat
346 2726 417 2798 quid
438 2727 468 2781 in
483 2731 632 2799 posterum
647 2728 690 2783 illi
705 2729 850 2800 agendum
867 2730 912 2784 sit.
930 2731 970 2784 lle
1024 2730 1107 2786 ovilis
1122 2747 1222 2786 curam
1238 2732 1321 2786 beato
1336 2733 1419 2787 Petro
1435 2734 1630 2802 apostoloram
1646 2732 1770 2804 principi
1786 2737 1874 2788 tuen-

124 2822 223 2870 cetero
239 2814 380 2870 veraciter
401 2832 433 2869 ac
454 2815 605 2871 sinceriter
630 2822 724 2872 vestra
748 2817 905 2888 paternitas
919 2834 970 2871 no·
1024 2819 1090 2874 dam
1113 2819 1267 2888 commisit,
1292 2819 1340 2874 ille
1356 2835 1408 2873 nos
1430 2820 1592 2875 salubribus
1616 2821 1715 2875 edictis
1737 2821 1873 2888 instituit,

123 2904 201 2972 verit,
216 2903 295 2976 quod
311 2904 515 2975 Theutgaudus
533 2905 764 2977 simplicissimus
784 2911 870 2977 atque
885 2906 970 2961 inno·
1024 2911 1056 2961 ut
1070 2908 1246 2978 apostolatus
1270 2907 1357 2962 vestri
1371 2908 1594 2963 sacratissimum
1609 2909 1720 2978 apicem
1735 2909 1873 2965 divinitus

122 2993 301 3048 acutissimus
315 2992 368 3060 vir,
384 2997 506 3047 vestram
524 2994 673 3049 humiliter
688 2994 785 3049 ferens
807 3011 968 3063 censuram,
989 2996 1054 3085 cin
1075 2996 1263 3050 fundamento
1286 2995 1418 3051 Ecclesia
1433 2996 1618 3052 sublimatum
1634 2997 1758 3053 fideliter
1772 2998 1874 3068 diliga-

120 3080 150 3135 in
165 3081 246 3136 nullo
262 3081 299 3136 de
320 3097 401 3136 sacro
415 3082 576 3137 ministerio
591 3083 757 3154 contingere
772 3083 969 3155 presumpsit,
1025 3100 1099 3150 miss,
1116 3089 1145 3138 et
1157 3083 1306 3139 humiliter
1320 3100 1500 3139 veneremur.
1524 3086 1594 3140 llinc
1607 3089 1659 3149 est,
1675 3086 1753 3157 quod
1767 3093 1873 3142 nostre

120 3170 210 3242 magis
224 3170 336 3242 eligens
349 3170 606 3226 dehonorationem
622 3172 844 3242 presentialiter
856 3170 886 3225 in
898 3188 970 3226 ocu-
1024 3172 1256 3227 mansuetudinis
1282 3172 1409 3240 allectus,
1435 3173 1510 3226 circa
1531 3178 1652 3229 vestram
1673 3174 1872 3230 celsitudinem

119 3260 155 3314 lis
169 3260 324 3315 hominum
338 3260 408 3331 pati,
427 3275 515 3332 quam
529 3276 582 3331 per
597 3261 825 3315 inobedientiam
844 3261 880 3315 ab
893 3261 970 3315 iltius
1023 3276 1099 3316 vere
1119 3260 1267 3314 charitatis
1291 3260 1358 3332 igne
1380 3260 1585 3325 intlammatur,
1613 3266 1641 3316 et
1665 3278 1682 3315 a
1701 3262 1799 3317 multis
1810 3263 1872 3333 jam

118 3349 257 3404 membris
281 3348 403 3416 secerni,
430 3347 481 3421 qui
495 3353 583 3418 caput
597 3354 641 3404 est
664 3348 831 3417 humilium,
852 3350 969 3421 suisque
1023 3349 1223 3415 retrodiebus,
1249 3364 1302 3403 nos
1326 3349 1360 3404 ad
1382 3354 1506 3404 vestram
1529 3350 1714 3420 presentiam
1728 3349 1872 3406 desidera-

116 3437 268 3508 discipulis
284 3437 341 3492 ait:
361 3440 493 3493 Discitca
513 3454 554 3492 me
575 3441 642 3507 quia
655 3441 730 3493 mitis
744 3454 804 3493 sum
818 3443 844 3494 ct
859 3440 969 3493 humitis
1022 3439 1118 3493 biliter
1132 3437 1261 3508 'invitare
1281 3454 1342 3491 non
1363 3442 1466 3492 cessat.
1494 3438 1673 3509 Quapropter
1696 3438 1748 3492 hos
1770 3447 1872 3494 vestre

111 3526 204 3594 mede,
227 3530 254 3581 et
276 3527 418 3581 inuenietis
434 3529 553 3594 requiem
572 3526 716 3581 animabus
731 3529 829 3581 uestris
850 3527 965 3598 (Marta.
1024 3526 1258 3582 eminentissime
1278 3526 1442 3598 paternitati
1467 3526 1623 3581 direximus
1647 3526 1752 3597 apices,
1778 3532 1808 3581 ut
1837 3527 1871 3582 de

112 3620 168 3680 11).
183 3615 247 3686 lpse
261 3615 351 3680 enim,
368 3614 418 3685 qui
434 3613 567 3685 superbis
581 3615 699 3684 resistit,
714 3620 743 3669 et
758 3615 881 3686 gratiam
893 3631 968 3685 pre·
1022 3621 1116 3671 vestre
1137 3614 1259 3686 optabili
1283 3614 1419 3685 sospitate
1444 3616 1565 3669 celerius
1590 3615 1694 3671 rescire
1717 3616 1871 3688 possimus,

109 3708 174 3757 stat
201 3703 372 3768 humilibus,
397 3703 504 3773 poterit
529 3703 623 3770 illum,
647 3703 671 3758 si
694 3704 833 3758 innocens
858 3707 908 3770 est,
934 3704 968 3759 de
1022 3721 1087 3775 que
1102 3703 1232 3759 omnium
1248 3718 1429 3774 gemmarum
1443 3704 1537 3757 nitore
1551 3703 1714 3773 pretiosior,
1732 3703 1871 3776 omnique

109 3792 250 3862 supernis
274 3791 499 3846 misericorditer
522 3791 674 3861 respicere.
691 3791 842 3847 Enimvero
866 3792 969 3863 legatis
1022 3793 1156 3847 thesauro
1180 3790 1294 3846 charior
1308 3796 1405 3845 nostro
1420 3791 1602 3861 amplexatur
1625 3791 1656 3845 in
1679 3807 1810 3862 corpore.
1837 3793 1871 3846 Et

107 3880 220 3935 nostris
234 3879 423 3951 Theutgaudo
446 3883 474 3934 et
488 3880 657 3948 Gunthario,
681 3880 755 3934 nihil
778 3882 835 3935 talc
859 3880 966 3952 aliquid
1022 3881 1090 3951 quia
1106 3896 1157 3935 nos
1181 3880 1235 3934 hoc
1256 3879 1333 3954 idem
1356 3878 1391 3933 de
1414 3883 1507 3932 vestra
1529 3878 1651 3932 sanitate
1670 3878 1871 3934 incunctanter

104 3964 149 4022 in
166 3984 217 4023 sua
228 3968 374 4039 legatione
393 3968 446 4023 ieri
463 3969 659 4040 precipimus,
675 3969 751 4024 unde
775 3969 968 4024 damnationis
1021 3969 1174 4036 credimus,
1190 3968 1278 4022 satius
1288 3967 1368 4023 vobis
1382 3966 1574 4021 intimandum
1590 3966 1779 4033 decrevimus,
1791 3966 1870 4037 quod

103 4057 420 4112 notamincurrerent.
437 4057 491 4112 Sed
508 4073 561 4111 nec
576 4056 892 4127 delngeltrudeuxore
912 4060 968 4114 Bo·
1022 4058 1120 4114 divina
1161 4057 1320 4129 opitulante
1355 4055 1519 4120 elementia,
1553 4059 1652 4110 nostra
1681 4055 1869 4110 mansuetudo

105 4145 196 4200 mnis
210 4145 329 4217 aliquod
343 4144 544 4216 prejudicium
563 4146 638 4200 ferre
661 4146 799 4201 debemus
814 4151 863 4200 aut
887 4147 968 4201 volu·
1022 4147 1129 4217 optime
1149 4146 1235 4218 viget,
1261 4145 1448 4216 fideliumque
1464 4148 1627 4198 nostrorum
1644 4143 1816 4214 generalitas
1838 4144 1867 4197 in

105 4247 201 4288 tuus:
218 4249 308 4304 qnam
332 4250 396 4299 nos,
417 4240 566 4305 comperto
591 4234 667 4305 quod
692 4234 883 4288 anathematis
904 4234 967 4288 vin·
1021 4235 1188 4291 necessariis
1213 4232 1379 4304 reipublice
1403 4229 1538 4304 negotiis,
1566 4232 1725 4302 opitulante
1745 4230 1867 4302 Christo,

101 4323 180 4376 culo
201 4325 276 4377 esset
301 4321 449 4388 innodata,
480 4321 647 4390 Gunthario,
676 4322 745 4393 quia
770 4328 838 4376 tunc
865 4322 896 4375 in
917 4339 968 4377 sua
987 4322 1183 4381 Dselubribus
1216 4320 1329 4393 prolicit
1355 4320 1553 4389 incrementis,
1580 4320 1639 4374 imo
1669 4319 1868 4391 prosperitatis

100 4411 254 4477 parochia
269 4415 343 4479 erat,
358 4411 633 4477 commendavimus,
650 4416 808 4479 monentes,
825 4416 857 4466 ut
871 4411 906 4466 de
917 4411 966 4468 illa
1021 4427 1181 4466 successum
1197 4411 1233 4466 ab
1245 4410 1307 4480 ipso
1318 4410 1461 4465 bonorum
1477 4409 1606 4463 omnium
1622 4409 1758 4482 largitore
1772 4410 1869 4480 protu-

104 4511 201 4553 soum
230 4499 427 4554 ministerium
453 4500 570 4567 taceret,
597 4499 657 4554 imo
682 4500 762 4554 illam
784 4515 818 4553 ex
835 4500 968 4555 omnibus
1021 4504 1118 4554 turum
1142 4498 1291 4553 humiliter
1314 4513 1346 4551 ac
1369 4497 1494 4552 fideliter
1509 4499 1719 4568 prestolamur.
1736 4499 1868 4570 Regnum

104 4587 200 4659 regni
212 4588 305 4643 nostri
321 4588 430 4644 linibus
445 4589 652 4644 eliminandam
674 4588 846 4644 censuimus.
870 4589 969 4660 Legati
1022 4604 1138 4660 quoque
1163 4587 1244 4642 nobis
1267 4586 1363 4641 divina
1390 4586 1496 4658 pietate
1522 4587 1708 4642 commissum
1730 4587 1766 4643 ab
1789 4588 1869 4644 omni

111 4676 195 4732 enim
208 4676 297 4733 vestri
320 4677 400 4732 illam
419 4677 603 4749 postmodum
622 4677 812 4748 requirentes,
828 4683 914 4749 atque
938 4679 968 4733 in
1021 4692 1200 4749 paganorum
1237 4675 1430 4743 infestatione,
1470 4674 1652 4747 aliorumque
1684 4676 1869 4732 inimicorum

112 4764 210 4820 medio
224 4769 396 4830 statuentes,
416 4782 469 4820 uos
484 4765 652 4835 ignoramus
670 4781 756 4836 quem
772 4765 862 4821 finem
876 4781 968 4822 cause
1021 4764 1242 4836 depredatione,
1268 4764 1384 4818 dextera
1398 4764 1606 4835 omnipotentis
1631 4764 1682 4819 Dei
1708 4781 1761 4836 pro
1786 4765 1868 4820 nobis
1931 4769 1934 4775 '

115 4847 204 4922 ipsias
229 4853 432 4924 imposuerint.
455 4854 589 4926 Episcopi
614 4869 682 4909 vero
697 4854 851 4910 diaeceseos
866 4854 966 4910 Trevi-
1020 4857 1178 4926 pugnante,
1203 4855 1231 4907 et
1254 4851 1459 4907 auxiliantibus
1482 4852 1594 4907 meritis
1614 4852 1691 4908 beati
1709 4851 1785 4906 Petri
1800 4867 1868 4922 apo·

122 4941 207 4995 musis
228 4941 408 5013 metropolis,
431 4947 460 4997 et
472 4942 641 5013 agrippine
657 4943 792 5011 colonie,
817 4959 869 4998 nec
891 4959 966 4998 com·
1022 4942 1096 5009 stoli,
1122 4941 1278 5013 vestrisque
1304 4940 1437 5012 precibus
1473 4941 1609 4995 almifluis
1636 4939 1867 5011 suffragantibus,

125 5029 204 5096 plicas
219 5031 435 5099 damnatorum,
462 5046 516 5087 nec
538 5031 667 5086 fautores
689 5031 836 5099 vitiorum,
864 5047 916 5087 nec
937 5031 967 5086 in
1021 5031 1159 5092 hactenus
1188 5046 1253 5086 cum
1277 5029 1356 5085 omni
1379 5029 1544 5101 integritate
1570 5032 1665 5085 tutum
1688 5042 1804 5083 manere
1820 5042 1868 5080 co·

130 5116 214 5189 aliquo
240 5119 466 5190 apostolicorum
483 5119 667 5175 decretorum
683 5124 905 5191 contemptores,
922 5120 967 5175 vel
1022 5118 1157 5190 gnoscite.

130 5207 321 5263 cronicorum
347 5207 516 5279 dogmatum
540 5209 694 5264 violatores
720 5224 781 5263 esse
802 5209 967 5279 probabun·
1056 5209 1146 5262 Porro
1171 5210 1273 5262 vestre
1300 5206 1458 5262 sanctitatis
1489 5204 1599 5260 noverit
1624 5204 1673 5273 pia
1699 5203 1867 5275 paternitas,

131 5296 176 5360 tur,
198 5295 248 5352 sed
264 5310 342 5351 sene
361 5300 448 5368 atque
462 5287 610 5353 catholice
635 5297 702 5353 tidei
716 5313 749 5353 ac
764 5298 823 5352 veri
840 5298 889 5353 Dei
903 5299 968 5352 cut-
1021 5298 1098 5367 quod
1112 5295 1166 5350 isto
1181 5300 1312 5367 tempore
1326 5293 1569 5350 ferventissimum
1588 5291 1763 5346 desideriam
1782 5292 1869 5347 habe·

73 5374 75 5379 ’
133 5383 208 5437 tores.
235 5382 326 5455 igitur
347 5387 467 5455 propter
481 5383 584 5448 Ecum,
600 5388 726 5440 sanctam
743 5389 771 5439 et
789 5385 967 5440 individuam
1020 5401 1085 5440 mus
1110 5401 1195 5439 cansa
1223 5384 1365 5440 orationis
1393 5381 1587 5454 apostolorum
1613 5379 1715 5434 limina
1741 5380 1868 5451 visitare,

73 5534 76 5595 Ῐ
159 5558 269 5631 ¹Apud
284 5515 440 5615 Earoninm
455 5559 491 5616 ad
504 5575 612 5616 annum
627 5562 689 5629 867,
707 5576 739 5615 ex
751 5559 847 5616 codice
860 5557 1032 5614 Trevirensi.
