3930 6098
50 297 51 300 =
139 257 191 313 463
823 250 949 306 navant
967 243 1209 305 cornubensis
1838 241 1890 294 tet

139 387 245 443 solerte
269 383 402 441 convenit
424 381 599 438 abstrahere.
621 395 775 436 neveram
800 380 915 436 Domini
935 396 985 452 per
1003 381 1025 435 Α
1040 394 1087 433 me
1102 392 1177 449 pene
1198 375 1295 431 inuitis
1311 374 1405 430 modis
1426 373 1559 430 contrivit
1586 373 1683 429 saecnli
1706 373 1794 444 hujus
1815 389 1890 429 acer·

140 468 700 543 ieremiamprophetamnobisiutonet
720 469 988 524 clare:Atiendiet
1041 466 1121 522 vitas.
1138 464 1192 521 Sed
1208 464 1276 536 qnia
1291 464 1329 518 ad
1344 464 1482 534 hocopus
1509 462 1656 518 vosvaide
1686 461 1827 529 sufficitis,
1857 467 1889 516 ut

140 562 298 626 obscultavi,
315 560 381 614 dicit
398 561 525 614 Dominus
542 575 548 612 :
570 574 645 613 nemo
668 559 741 628 quod
765 559 861 613 bonnm
884 563 922 614 est
946 559 989 613 lo·
1042 570 1107 609 reor
1118 570 1177 608 non
1191 554 1227 609 ab
1247 552 1325 607 aliud
1342 551 1484 622 expetitis,
1500 551 1557 606 nisi
1580 556 1612 606 ut
1626 549 1801 605 credulitatis
1817 565 1888 604 meae

141 649 403 721 quitar,nultusest
419 650 546 718 quirent
565 649 752 717 poenitentiam
777 651 988 718 superponente
1041 647 1152 699 textum
1175 657 1330 714 agnoscere
1347 641 1472 696 valeatis.
1504 642 1562 712 Ego
1588 654 1657 694 vero
1680 639 1831 693 humiliter
1857 654 1890 692 ea

140 754 188 793 suo
204 737 270 807 (ier.
284 752 342 800 viu,
365 737 402 806 6).
428 736 651 790 Undenostrum
679 735 811 790 omnibus
836 735 989 791 momentis
1042 730 1185 802 proferam
1202 745 1268 801 quae
1291 728 1388 791 credo,
1403 733 1489 800 atque
1514 726 1685 798 simpliciter
1710 742 1843 781 enarrem
1859 727 1889 780 in

140 825 369 895 contemplantes
388 823 535 887 delictum,
566 828 595 877 et
621 823 820 894 praestolantes
848 821 989 877 universis
1042 818 1249 891 quaestionibus
1268 816 1497 887 sciscitatisquaa
1525 815 1627 871 sentio.
1649 814 1795 886 Quidquid
1811 814 1889 869 euim

142 913 249 984 prioris
263 913 330 966 vitae
347 919 452 966 nosirre
467 911 634 978 terminum,
651 911 849 982 compassione
860 910 990 983 piissima
1042 907 1149 979 absque
1164 922 1266 962 norma
1281 905 1409 961 veritatis
1428 904 1584 976 paternitas
1608 904 1714 958 ibidem
1739 919 1890 975 praesense

139 1016 192 1072 pro
215 1001 312 1055 fratris
341 1001 420 1071 lapsu
438 999 562 1054 ilebilem
579 1000 717 1055 debemus
739 998 871 1054 exhibere
898 998 989 1069 gemi·
1041 996 1079 1051 rit
1103 995 1202 1051 domni
1227 994 1327 1062 nostri,
1354 994 1440 1049 vestri
1455 991 1603 1065 genitoris,
1620 1008 1684 1047 mox
1708 991 1779 1046 illud
1795 1007 1891 1046 arnen-

139 1093 212 1158 tum,
230 1094 258 1143 et
271 1089 342 1143 iilud
360 1088 481 1159 impiere
497 1104 529 1141 ac
554 1088 683 1158 proferre
698 1088 906 1159 apostolicum:
924 1087 989 1154 Quis
1042 1086 1091 1139 det
1102 1084 1235 1139 velocitas
1249 1083 1397 1154 scriptoris
1414 1098 1421 1137 :
1437 1087 1464 1137 et
1484 1097 1530 1136 me
1547 1083 1652 1136 iterum
1668 1081 1741 1135 ciam
1756 1080 1889 1147 instruat,

139 1178 306 1245 infirmatur,
334 1182 361 1233 et
381 1192 427 1243 epo
448 1191 502 1231 non
523 1175 667 1245 infirmor?
684 1177 751 1242 Quis
771 1176 987 1231 scandalizatur.
1043 1173 1158 1228 utniim
1186 1172 1253 1228 iecit
1271 1172 1352 1239 aiios,
1381 1171 1474 1242 gratia
1488 1170 1575 1225 vestri
1601 1168 1739 1224 honoris:
1767 1173 1796 1223 ei
1820 1169 1893 1223 celet

139 1271 226 1333 elego
248 1281 301 1319 uon
323 1266 412 1319 uror?
428 1265 464 1335 (ii
484 1265 544 1321 Cor.
573 1280 611 1330 xv,
641 1266 697 1332 29.)
726 1265 788 1318 Non
817 1280 886 1334 ergo
907 1264 990 1319 facile
1043 1261 1416 1333 insciumatqueignarum
1435 1264 1527 1314 vestra
1543 1258 1659 1313 solertia
1675 1258 1779 1323 cordis,
1803 1258 1845 1313 iia
1864 1262 1894 1311 ni

141 1354 382 1420 esteredenduni,
398 1353 466 1407 dum
483 1353 547 1423 quis
570 1368 635 1407 cum
651 1352 745 1406 verbis
769 1351 917 1408 maledicis
938 1369 989 1407 an·
1044 1365 1173 1405 errorem
1186 1364 1272 1404 neruo
1297 1348 1401 1403 sentiat
1421 1347 1511 1403 ioris:
1532 1346 1601 1418 qnia
1615 1346 1650 1401 ad
1666 1346 1892 1414 emendandum,

44 1503 47 1506 ⁴
139 1442 220 1497 ribus
242 1441 405 1495 insonuerit
423 1440 540 1510 nostris,
556 1441 611 1494 nisi
636 1443 702 1494 ante
726 1440 836 1495 utiliter
856 1441 991 1495 discussis
1044 1439 1089 1492 vel
1101 1437 1285 1504 demendum,
1300 1440 1385 1507 atque
1399 1422 1579 1504 addendum,
1602 1433 1766 1489 celsitudini
1791 1438 1893 1488 vestrm

141 1533 170 1586 et
182 1529 306 1583 iideiiier
326 1527 441 1598 agnitis,
458 1528 621 1598 exemplum
648 1527 787 1581 habentes
806 1527 837 1581 in
859 1526 904 1581 bis
926 1542 990 1597 quoe
1045 1530 1087 1581 est
1100 1526 1285 1581 destinatum.
1303 1525 1372 1579 Ecce
1392 1528 1425 1578 ut
1440 1524 1475 1579 ab
1490 1523 1759 1578 excellentiorestra
1785 1522 1895 1576 exstitit

142 1618 280 1673 Dominus
299 1618 412 1671 locutus
437 1621 480 1669 est
502 1616 619 1670 verbis:
637 1615 745 1672 Clamor
763 1615 939 1671 Sodomorum
965 1621 990 1670 ei
1045 1614 1230 1685 imperatum,
1246 1619 1279 1669 ut
1301 1612 1379 1668 valui
1393 1613 1516 1684 persolvi
1532 1612 1683 1667 clientulus
1709 1611 1892 1666 famulatum.

142 1707 296 1764 Gomorrha
315 1706 527 1773 multiplicatum
546 1710 596 1773 esi,
615 1706 641 1758 ei
663 1708 803 1772 peccatum
827 1719 917 1758 eornm
937 1718 990 1771 co·
1009 1679 1030 1734 Β
1046 1701 1102 1758 Sed
1118 1702 1312 1775 oppositiones
1328 1702 1397 1770 iiiae,
1413 1718 1478 1773 quaa
1501 1706 1569 1756 suni
1596 1700 1627 1754 in
1651 1699 1772 1771 epistola
1798 1703 1895 1754 vestra

142 1800 287 1864 oracutum
302 1800 341 1848 est
362 1795 453 1847 nimis.
475 1793 642 1848 Descendum
660 1795 756 1860 igilur,
780 1797 805 1846 et
823 1792 918 1847 uidebo
931 1795 991 1848 clu·
1046 1795 1171 1846 taxatae:
1195 1808 1243 1845 cas
1269 1790 1448 1845 subnomine
1470 1788 1619 1844 assertoris
1638 1788 1781 1843 exarando
1804 1787 1895 1842 indn-

142 1899 242 1938 morem
258 1887 307 1951 qui
324 1885 397 1935 uenit
421 1882 458 1934 ad
478 1897 528 1949 me,
552 1897 629 1950 opere
652 1882 862 1950 compleverint:
888 1895 924 1934 an
937 1894 991 1934 uon
1045 1895 1117 1946 cam,
1138 1885 1167 1934 st
1180 1885 1261 1934 textu
1279 1883 1372 1933 vestro
1393 1883 1554 1933 sanctarum
1570 1878 1782 1948 scripturarum
1813 1877 1894 1931 testi·

142 1978 181 2027 est
194 1976 245 2038 itu,
260 1977 290 2026 ut
304 1973 389 2025 scium
404 1972 480 2041 (Geir.
497 1987 575 2039 xvrn,
595 1971 652 2039 20).
678 1970 867 2040 Omnipotens
894 1969 991 2023 iiomi·
1045 1967 1142 2023 monia
1156 1967 1325 2039 producam,
1350 1971 1457 2021 etcum
1483 1967 1632 2021 doctorum
1655 1965 1740 2032 dicta,
1767 1970 1798 2020 ut
1816 1964 1867 2036 qui
1882 1973 1895 1998 ⁸

143 2075 207 2124 nus,
224 2059 378 2128 omniaque
396 2058 497 2124 sciens,
523 2074 574 2112 eur
597 2063 663 2111 ante
694 2057 892 2128 probationem
909 2057 991 2128 quasi
1044 2069 1112 2110 vero
1128 2059 1275 2110 conectam
1289 2071 1355 2127 quae
1373 2054 1574 2127 respondendo
1589 2054 1778 2109 conscribam.
1804 2053 1892 2108 Finit.

144 2147 266 2210 dubitat,
281 2147 336 2201 nisi
349 2151 377 2200 ct
392 2146 540 2216 gravitatis
551 2145 633 2200 nobis
656 2148 818 2216 exemplum
836 2149 989 2216 proponat,
1450 2179 1483 2233 IX

144 2251 180 2290 ne
193 2237 267 2290 maia
284 2235 431 2289 bominem
452 2241 516 2290 ante
539 2250 747 2305 praesumamus
770 2234 887 2289 credere
903 2249 990 2304 quam
1485 2219 1493 2233 ’

143 2325 278 2395 probare.
294 2326 327 2379 Et
349 2324 412 2378 ideo
438 2325 503 2378 ait:
532 2323 694 2379 Desemdem
717 2329 742 2379 ct
764 2322 870 2390 uidebo,
899 2328 990 2377 utrum

142 2414 284 2469 clamorem
299 2416 347 2482 qui
356 2413 429 2467 uenit
449 2413 487 2467 ud
500 2426 552 2482 nie,
565 2427 643 2482 opere
657 2411 867 2482 compleverint:
887 2428 923 2466 au
937 2427 991 2484 uon
1079 2409 1267 2467 Serenissimo
1283 2411 1413 2467 omnium
1428 2410 1634 2466 catholicorum
1648 2425 1760 2465 summo
1773 2407 1895 2464 domino

142 2506 182 2557 est
196 2504 246 2568 ita,
260 2505 291 2555 nt
304 2503 399 2556 sctum.
1044 2514 1109 2554 meo
1125 2501 1243 2555 Roaino
1261 2501 1399 2556 divinos.

177 2593 203 2644 2.
220 2590 273 2645 Sed
288 2590 349 2644 brec
361 2592 463 2643 cuncta
491 2603 556 2659 quaa
580 2603 633 2659 per
660 2588 864 2643 contritionem
897 2589 990 2643 cordis
1080 2590 1105 2642 i.
1143 2589 1327 2643 Antoniorum
1371 2603 1512 2656 meorum,
1549 2585 1731 2642 serenissima
1763 2583 1892 2651 domine,

142 2678 256 2734 locutus
272 2694 347 2746 siun,
363 2677 518 2747 omittam:
544 2682 573 2732 ei
589 2678 623 2733 ad
645 2694 677 2732 ea
704 2694 770 2749 qum
786 2683 878 2732 vestra
901 2678 990 2732 excel·
1043 2690 1111 2748 erga
1129 2693 1177 2731 vos
1201 2677 1379 2732 amicabilem
1407 2676 1587 2731 dulcedinem
1612 2674 1750 2737 recolens,
1776 2676 1804 2726 et
1827 2670 1896 2725 eiia-

141 2767 232 2822 ieuiia
248 2766 339 2838 poscit
362 2769 514 2820 revertam.
530 2766 600 2829 Quis
619 2765 696 2820 enim
714 2766 744 2820 in
764 2771 822 2820 iam
845 2766 989 2821 ineliabiie
1043 2767 1121 2818 ctum
1145 2765 1243 2837 gloriae
1267 2770 1368 2820 vestrm
1391 2765 1420 2819 in
1432 2765 1538 2819 nostris
1553 2761 1801 2841 'compassionibus
1831 2760 1896 2813 vul-

141 2855 185 2910 rei
195 2855 341 2926 negotium
358 2853 514 2925 quodpiam
530 2853 599 2926 quid
611 2853 665 2908 tari
684 2855 796 2922 audeat,
809 2871 873 2909 cunr
887 2855 989 2909 beatus
1043 2853 1160 2908 naribus
1179 2856 1201 2920 b,
1225 2853 1381 2924 saepissime
1397 2853 1598 2924 comprobans.
1615 2851 1668 2905 hos
1692 2848 1803 2903 inertia
1822 2863 1896 2902 meae

142 2938 331 3008 Hieronymus
346 2936 420 2991 dicat
436 2953 443 2990 ι
460 2936 668 2993 lnenarrabilia
690 2945 758 2992 sunt
773 2938 928 2993 ilenrinicae
942 2938 988 2992 in·
1043 2942 1211 2997 conticuosc
1230 2942 1325 3014 apices
1349 2942 1458 2997 inculto
1482 2956 1614 2995 sermone
1639 2939 1772 3009 digestos,
1787 2939 1816 2991 et
1838 2936 1895 2989 im·

142 3025 315 3082 carnationis
328 3025 472 3097 mysteria,
490 3030 518 3079 et
528 3025 683 3082 nativitatis
693 3027 754 3097 ejus
768 3030 987 3082 sacramentum.
1043 3032 1133 3103 polito
1173 3035 1249 3086 lexin
1276 3031 1430 3099 coniectos,
1458 3033 1558 3084 vestrae
1585 3027 1696 3082 decrevi
1732 3025 1895 3097 presentia·

141 3114 175 3168 Et
189 3114 252 3169 ideo
266 3129 323 3167 non
340 3118 480 3184 quantum
496 3114 559 3186 ipsa
574 3115 706 3170 nativitas
721 3120 763 3170 est
779 3116 913 3171 intimare
940 3132 989 3170 cu·
1044 3120 1237 3188 destinandos,
1263 3136 1316 3190 per
1340 3135 1413 3190 qum
1439 3124 1468 3172 at
1495 3117 1662 3172 ciiaritaicm
1685 3114 1896 3186 irepriorarem

141 3218 249 3270 ramus,
266 3203 314 3256 sed
332 3208 472 3274 quantum
489 3218 542 3273 per
558 3220 720 3259 sermonem
737 3205 895 3276 exprimere
918 3206 991 3259 vaie-
1044 3213 1150 3264 nostrae
1164 3209 1298 3274 miseriei,
1315 3214 1344 3263 ct
1358 3207 1534 3262 invectiones
1547 3203 1774 3261 adversariorum
1794 3201 1897 3272 apolo-

142 3308 216 3347 mus.
233 3293 335 3347 Verum
347 3298 487 3363 quantum
502 3292 564 3362 ipsa
577 3293 710 3347 nativitas
734 3298 785 3362 est,
807 3310 866 3349 non
895 3295 990 3349 solum
1043 3297 1135 3369 getico
1149 3297 1331 3351 retunderem
1347 3311 1434 3367 opere
1451 3309 1457 3350 :
1480 3298 1581 3366 petens
1597 3294 1626 3347 in
1641 3291 1783 3364 principio
1806 3290 1897 3345 rusti·

1080 2303 1141 2341 ῙΤΕΙ
1161 2303 1288 2342 irrisioni
1306 2302 1402 2342 savari
1419 2301 1528 2341 ΒΟΙΔΝΟ
1542 2301 1640 2340 lunico
1661 2299 1783 2340 omisere.

142 3381 283 3452 explicare
306 3397 364 3434 nou
388 3397 549 3452 possumus,
573 3381 690 3436 sednec
712 3383 767 3451 ipsi
787 3383 878 3437 sancti
904 3398 990 3437 evan·
1043 3384 1136 3439 citatis
1162 3391 1267 3440 nostrae
1301 3384 1439 3456 epistola,
1468 3387 1500 3438 ut
1527 3383 1593 3437 irata
1617 3382 1688 3437 iacie
1724 3383 1754 3434 et
1780 3378 1897 3449 placida

141 3469 251 3538 gelistre
265 3467 349 3538 piene
362 3468 456 3523 dicere
473 3473 636 3539 potuerunt.
654 3470 688 3524 iit
706 3469 730 3523 si
745 3471 835 3525 sancii
864 3486 989 3541 evange·
1043 3479 1140 3527 menie
1169 3473 1243 3526 servi
1268 3473 1311 3528 tui
1340 3474 1385 3527 vel
1415 3471 1466 3526 iiiii
1493 3466 1690 3541 sugessionem
1711 3467 1844 3539 recipias,
1866 3472 1897 3521 et

141 3556 225 3620 iisioe,
239 3555 290 3626 qui
304 3561 400 3610 sancto
420 3556 520 3627 utique
546 3555 652 3629 Spiritu
667 3556 765 3626 aissati,
786 3558 881 3613 dicere
904 3560 990 3630 plene
1044 3575 1166 3632 qnaeque
1193 3561 1298 3616 dixerit
1328 3560 1494 3615 rationabili
1532 3561 1611 3615 lance
1636 3572 1800 3630 perpenses.
1838 3557 1897 3611 Nec

141 3643 344 3714 nequiverunt,
366 3659 399 3698 ex
417 3644 479 3714 ipso
496 3643 573 3715 qnod
589 3645 641 3698 sub
657 3646 743 3716 pleno
758 3646 788 3700 in
803 3646 884 3700 libris
896 3648 990 3702 Evan-
1042 3649 1157 3704 aurium
1173 3650 1350 3704 celsitudinis
1364 3653 1465 3704 vestrae
1479 3646 1625 3719 gravitatis
1640 3648 1702 3718 iege
1721 3645 1895 3718 praecultum

141 3732 283 3803 galiorum
304 3731 526 3800 adnotaverunt,
556 3734 658 3788 meiius
686 3738 728 3789 est
754 3734 874 3791 reticere
902 3752 989 3808 qnam
1043 3742 1073 3793 et
1113 3737 1300 3793 moderantia
1335 3737 1445 3793 viribus
1477 3735 1674 3808 principaliter
1703 3738 1896 3805 perornatum

142 3836 278 3887 asserere,
295 3826 324 3876 et
338 3826 414 3877 recte
438 3825 469 3876 ut
487 3823 562 3877 dicta
587 3828 654 3878 sunt
676 3823 801 3892 credere,
826 3840 913 3895 quam
927 3840 991 3896 per·
1043 3827 1168 3881 susurris
1183 3827 1293 3882 levibus
1314 3827 1358 3881 vel
1381 3826 1477 3881 vacuis
1500 3825 1568 3880 inde
1591 3823 1716 3879 collectis
1735 3837 1857 3890 reseres,
1876 3838 1895 3876 o

108 3924 113 3927 ·
141 3909 294 3964 scrutando
320 3909 423 3964 litteris
451 3911 557 3983 aliquid
591 3913 803 3981 commendare,
830 3913 989 3968 secundum
1042 3914 1170 3980 domine,
1196 3931 1362 3982 concavum,
1392 3930 1438 3980 ne,
1465 3914 1541 3985 quod
1567 3913 1652 3978 absit,
1669 3911 1798 3966 falsitatis
1829 3925 1897 3965 con·

141 3999 312 4052 sententiam
326 3998 525 4069 doctorisque
540 3999 635 4069 posita
654 4004 697 4055 est
721 4016 797 4054 vere.
828 4001 987 4070 Credimus,
1042 4007 1087 4059 tra
1100 4003 1250 4074 propriam
1270 4004 1435 4058 scandalum
1450 4003 1574 4070 hauriat,
1589 4006 1617 4056 et
1640 4000 1802 4071 improbata
1824 3998 1896 4052 reci-

141 4085 246 4157 inqnii,
261 4088 371 4140 Patrem
387 4103 452 4141 curn
472 4089 555 4142 Prole
577 4089 648 4157 ejvs,
672 4094 826 4159 ortumque
850 4088 987 4160 Spiritum
1043 4091 1127 4162 piens
1140 4093 1308 4147 charitatem
1326 4093 1480 4147 radicatam
1497 4091 1656 4162 antiquitus
1679 4089 1795 4143 dissuat.
1815 4087 1896 4142 iicet

142 4172 261 4240 almum,
279 4173 308 4226 in
324 4176 455 4243 personis
472 4175 590 4242 trinum,
602 4175 715 4230 deitatis
730 4176 872 4231 credimus
886 4193 986 4232 unum.
1043 4181 1120 4237 enim
1155 4186 1278 4235 assertor
1311 4181 1420 4252 primas
1457 4186 1550 4251 partes
1582 4175 1790 4249 propositionis
1831 4191 1894 4230 snae

142 4259 270 4325 Qualiter
285 4260 407 4314 intactus
428 4262 564 4332 processit
578 4262 703 4334 Virginis
721 4269 829 4335 partus,
852 4270 901 4319 aut
915 4282 985 4338 qua·
1006 4276 1028 4331 Ι)
1044 4270 1201 4325 abundanti
1213 4270 1410 4340 persecutione
1427 4273 1553 4341 peroret,
1575 4273 1603 4322 ct
1617 4265 1770 4321 sufficienti
1785 4266 1893 4337 proba-

142 4348 207 4402 liier
221 4349 280 4418 pati
294 4349 387 4403 voluit
403 4356 494 4417 natus,
515 4350 569 4405 lroc
585 4355 705 4406 tractare
733 4353 808 4408 nulii
822 4354 916 4425 liceat,
941 4357 990 4411 sed
1044 4356 1123 4412 tione
1160 4356 1278 4428 propria
1308 4357 1423 4411 iirmare
1452 4371 1480 4410 se
1508 4361 1609 4426 putet3
1636 4359 1734 4409 tamen
1757 4352 1894 4407 ineiiicax

142 4435 258 4491 credere
274 4441 395 4491 tanturn.
413 4438 469 4492 Etsi
492 4439 663 4509 prohibetur
691 4441 745 4496 iioc
772 4445 899 4512 tractari,
925 4445 989 4515 quis
1044 4460 1159 4516 semper
1172 4446 1248 4516 apnd
1272 4445 1405 4500 honestos
1425 4445 1535 4515 judices
1561 4443 1683 4499 habetur
1706 4442 1809 4507 oratio,
1827 4456 1895 4513 quae

142 4522 251 4578 calamo
266 4523 390 4579 scribere
405 4541 484 4597 ergo,
500 4527 544 4581 vei
553 4526 712 4598 linguahoe
722 4529 872 4601 quidpiam
888 4532 992 4587 audeat
1044 4532 1172 4589 solitaria
1186 4549 1306 4604 surgens
1328 4533 1434 4587 nullius
1455 4548 1470 4587 e
1494 4533 1610 4604 regione
1630 4530 1809 4586 adversantis
1825 4533 1896 4584 atie·

141 4609 218 4665 sm?
1043 4626 1150 4676 nuaiur
1166 4622 1315 4692 repagulo.
1334 4621 1517 4690 Exspectatur
1533 4634 1657 4690 namque
1670 4616 1802 4672 secundm
1825 4632 1895 4688 par-

177 4701 203 4754 3.
231 4700 264 4754 Ei
293 4699 359 4772 quia
387 4707 487 4757 centra
507 4702 568 4758 lraeo
595 4705 731 4775 capitula,
762 4722 826 4778 quaa
854 4699 990 4763 adnotata
1044 4709 1236 4778 tisdeiensio,
1261 4715 1287 4764 et
1307 4710 1373 4764 dala
1391 4708 1533 4762 libertatis
1555 4707 1681 4772 licentia,
1705 4709 1734 4760 et
1759 4704 1794 4758 de
1821 4704 1895 4760 uiti·

140 4791 208 4841 saint
222 4787 252 4842 in
272 4789 392 4860 epistola
416 4797 518 4859 vestra,
533 4793 697 4848 testimonia
720 4811 754 4849 ex
772 4796 989 4867 Evangeliorum
1044 4798 1098 4852 mis
1113 4799 1187 4853 bene
1212 4797 1346 4852 discussis
1368 4802 1397 4850 et
1412 4797 1534 4869 cognitis
1549 4795 1692 4851 emittitur
1713 4793 1894 4864 perpetualis

140 4881 169 4931 et
183 4878 379 4948 apostolorum
395 4879 476 4935 libris
491 4882 627 4953 exquiris,
646 4898 698 4952 pro
725 4898 826 4938 eorum
847 4884 990 4940 machina·
1044 4886 1196 4942 sententia.
1208 4885 1310 4941 Haecin
1323 4885 1577 4957 prooemiodixisse
1594 4882 1894 4952 suiiicinietsapieuti

140 4964 266 5020 tionibus
296 4966 479 5037 dissipandis,
516 4976 544 5024 et
570 4970 666 5025 dubiis
694 4971 792 5041 ntique
817 4972 989 5028 validissime
1043 4973 1631 5046 cepisseprotoioespiicassepruiiciai.

140 5054 362 5122 confirmandis3
391 5057 567 5113 eminentius
591 5063 688 5114 tamen
725 5059 755 5114 id
783 5075 868 5131 agere
895 5068 989 5117 vestra
1079 5065 1104 5118 2.
1122 5066 1161 5116 Ae
1186 5062 1302 5130 deinde,
1318 5063 1357 5117 mi
1381 5062 1585 5117 sublimissime
1611 5060 1737 5127 domine,
1762 5056 1894 5114 dilectio·

140 5142 214 5196 valet
232 5143 402 5215 benigniias,
426 5161 513 5217 qnam
532 5146 752 5219 nuliauuquam
774 5148 921 5205 tribulatio
943 5150 988 5206 vel
1043 5166 1110 5206 nem
1126 5166 1220 5205 meam
1235 5166 1303 5221 erga
1317 5167 1366 5206 vos
1380 5156 1547 5223 vestrosque
1560 5165 1661 5204 omnes
1676 5149 1712 5203 ab
1725 5147 1794 5220 ipsis
1809 5147 1896 5203 ineu·

140 5230 297 5286 mundialis
326 5232 456 5303 fatigavit
482 5234 645 5290 adversitas.
673 5235 737 5291 ideo
763 5236 921 5294 intellectui
957 5256 988 5294 ac
1042 5237 1146 5292 nabilis
1162 5238 1291 5293 infantia
1309 5239 1413 5309 recole,
1428 5239 1562 5310 etmagis
1577 5237 1657 5293 vobis
1682 5236 1737 5309 ipsi
1753 5251 1800 5291 me
1819 5236 1897 5291 bens

140 5321 235 5373 sensui
250 5324 343 5375 vestro
365 5338 478 5378 sumnia
496 5330 648 5394 permanet
662 5324 825 5397 integritas;
843 5327 910 5399 quia
926 5329 987 5398 jam
1042 5330 1144 5382 notum
1168 5326 1296 5396 habenti,
1320 5344 1407 5399 quam
1425 5327 1487 5382 aliis
1510 5344 1545 5383 ex
1569 5343 1615 5382 mc
1642 5326 1761 5381 adversa
1780 5341 1895 5398 sugge-

174 5448 186 5475 ·
206 5440 272 5512 leg.
292 5458 352 5499 cum
367 5445 504 5502 doctorum
515 5448 608 5516 dicits,
625 5454 718 5519 atque.
1077 5461 1088 5489 ⁶
1106 5453 1195 5510 idest
1208 5456 1358 5522 contiguos.

175 5511 188 5553 i
208 5511 275 5585 Lag.
291 5518 485 5573 transtrorum
499 5523 681 5590 compassione
692 5521 842 5577 calumum.
