3930 6098
556 275 603 332 DE
622 276 701 332 tlte
720 275 748 330 S.
769 275 917 358 autum.
931 306 966 316 —
978 277 1044 333 ΗΒ.
1063 278 1097 333 ll.
1657 288 1710 345 tlt

89 407 109 458 st
123 402 230 458 summi
243 419 343 458 vocem
359 403 483 458 Pastoris
496 405 655 460 Amandus.

88 507 147 547 srve
162 492 248 557 bone,
263 492 379 547 aeternis
395 493 491 547 laetare
509 495 641 564 tropmis3

91 580 142 652 qni
156 580 303 651 quondam
315 581 410 635 fueras
425 581 454 635 in
468 597 559 651 psauca
573 581 675 647 tidelis,

88 684 153 740 aper
168 674 291 723 statuam
306 674 345 735 te,
361 670 395 723 ad
411 669 516 737 gaudie
531 674 629 724 nostra
643 669 782 740 perintra.

88 756 110 810 si
123 771 189 810 caro
204 757 312 827 populo
330 757 388 811 Rex
402 757 471 811 talia
486 757 574 825 dicet;

88 844 209 911 nedicte,
224 845 299 911 veni,
315 860 437 915 reguum
451 846 511 916 jmn
526 861 608 902 sume
620 852 767 917 paratum,

88 948 122 987 im
139 932 225 987 sacris
240 932 352 987 meritis
364 933 400 987 ab
417 933 528 1005 origine
543 935 655 989 mundi.

88 1026 148 1075 tnta
159 1020 203 1076 tui
215 1036 311 1075 sumes
325 1026 394 1076 tunc
408 1037 530 1077 munera
547 1022 642 1092 Regis,

87 1109 212 1180 segnitici
224 1109 248 1163 si
262 1124 339 1163 nunc
354 1109 476 1164 imiteris
488 1110 626 1177 hmandi;

88 1198 128 1252 uit
142 1198 335 1269 quodcunque
351 1213 403 1252 suo
417 1198 570 1269 complevit
585 1203 613 1252 et
628 1203 704 1265 actu,

87 1286 141 1341 iter
154 1301 267 1341 sacrum
281 1302 396 1341 servans
411 1286 526 1357 pietatis
541 1303 680 1355 amorem,

87 1374 186 1445 plenus
201 1378 262 1428 erat
276 1375 385 1429 voltum
401 1374 530 1429 bonitate
544 1391 691 1444 serenans,

87 1461 199 1528 odebat,
212 1477 277 1533 ane
292 1463 414 1533 pectoris
429 1478 494 1516 arca
508 1468 629 1517 teneret.

93 1553 122 1605 et
136 1566 231 1617 sensu,
246 1551 388 1605 renitebat
400 1555 515 1621 pectore
529 1556 633 1620 castus,

87 1654 113 1694 re
126 1639 302 1709 pauperihus
314 1638 461 1709 praebebat
476 1639 551 1694 done
565 1639 708 1711 benignus
722 1657 729 1695 :

87 1743 136 1800 que
153 1727 220 1781 binc
235 1727 363 1782 medinm
376 1727 445 1782 dum
456 1744 486 1781 se
497 1729 657 1783 conformat
666 1729 701 1784 ad
713 1745 813 1785 omnes

87 1831 107 1868 is
121 1813 211 1879 dives,
226 1830 336 1885 pauper
351 1814 474 1868 sociatur
486 1815 598 1885 egenis3

86 1903 102 1958 il
114 1906 144 1957 et
158 1903 281 1974 vigilans
296 1903 396 1957 orandi
411 1903 524 1958 deditus
539 1903 618 1958 omni

86 2007 115 2060 e,
130 2007 233 2063 parcns
247 1997 308 2046 erat
321 2007 464 2057 sermone,
480 1993 636 2063 animoque
649 1991 753 2046 suavis.

87 2109 97 2165 i
112 2110 398 2166 Sanctns'hominum
415 2110 572 2166 dissolvens
586 2111 639 2165 rite
653 2116 775 2177 catenas,

86 2215 113 2254 ss
126 2200 238 2270 aliquos
254 2198 381 2269 captivos
395 2199 468 2253 torte
484 2199 603 2266 videret,

86 2301 113 2342 re
128 2290 303 2340 transvectos
318 2286 433 2340 venales
448 2302 566 2342 cernere
580 2287 684 2358 quiret,

86 2374 135 2431 saio
150 2374 272 2446 cupidus
285 2374 448 2429 redimebat
462 2374 594 2430 merciler
610 2375 718 2445 amplo,

86 2478 129 2518 nm
145 2462 231 2517 duras
242 2477 381 2533 rumpens
396 2461 558 2518 miserando
571 2466 695 2517 catenes.

86 2567 136 2607 nen
150 2551 197 2605 hic
213 2551 309 2605 studio
322 2554 473 2622 emptoque
487 2551 585 2605 labore
599 2550 728 2617 carebat3

85 2654 158 2695 erum
173 2639 274 2694 vinclis
287 2638 413 2694 solvebat
426 2655 559 2710 corpora,
575 2638 684 2693 cunctis

85 2745 96 2784 s
111 2729 206 2784 cordis
219 2728 352 2783 tenebras
368 2727 507 2783 radiando
522 2727 653 2798 fugabat,

85 2820 150 2889 tque
166 2832 267 2871 omnes
282 2830 362 2869 sacro
376 2815 548 2885 baptismate
561 2814 670 2870 sordes.

85 2922 93 2961 s
108 2905 207 2960 nitidis
222 2907 352 2959 sanctum
367 2903 545 2958 infundendo
560 2903 714 2975 liquorem,

85 2993 216 3065 rorigeris
228 2992 347 3047 indebat
358 2992 443 3046 melle
458 2992 598 3060 canistris,

85 3080 144 3135 lens
159 3085 242 3135 natos
257 3079 394 3135 doctrinae
408 3080 486 3134 sonte
499 3079 642 3145 novellos;

94 3184 146 3240 per
160 3167 298 3224 Ecclesiae
311 3168 459 3238 linquebat
474 3168 592 3222 Sanctus
607 3166 722 3234 emicas,

85 3260 108 3311 le
122 3261 219 3311 umen
231 3255 369 3326 permissa
383 3271 463 3309 more
478 3255 600 3322 salubri;

85 3361 124 3399 »ns
138 3345 257 3399 eximias
271 3344 368 3413 plures
382 3348 500 3398 tenuere
513 3343 663 3398 cathedras

84 3448 128 3498 es,
143 3437 299 3503 sanctoque
314 3432 391 3486 viros
403 3441 479 3501 actu,
492 3449 541 3487 ore
556 3436 701 3500 venustos,

84 3536 147 3592 que
162 3521 253 3574 almos
264 3520 425 3574 audivimus
438 3521 555 3575 auribus
570 3524 677 3575 auctos.

84 3624 137 3664 one
151 3624 267 3663 omnem
283 3608 436 3680 spargebat
451 3610 571 3664 Sanctus
584 3608 616 3664 in
630 3609 741 3664 orbem.

828 409 852 461 Α
864 407 937 472 Quin
954 408 1056 480 pelago
1069 411 1168 464 allatos
1181 426 1213 465 ac
1226 416 1306 467 vasta
1319 429 1371 484 per
1384 429 1501 486 aequore
1514 421 1608 473 vectos
1710 462 1719 475 .

865 497 991 567 Colligis,
1007 503 1035 552 et
1049 498 1134 569 pretii
1150 499 1271 570 cupidus
1287 518 1346 556 non
1360 503 1456 558 tardat
1469 519 1572 560 avarus

863 583 912 652 Te,
926 584 1204 653 celebrande-Pater,
1220 603 1314 658 neque
1328 606 1411 644 carus
1422 591 1554 648 venditor
1568 594 1654 652 ullus.

864 670 914 725 llle
930 672 1007 743 capit
1019 674 1106 744 Regis
1119 674 1260 745 signatam
1274 679 1392 732 nomine
1407 679 1571 752 dragmam,

863 759 1018 830 Dragmam
1034 765 1121 832 toque
1136 762 1235 830 refers,
1251 779 1337 834 quam
1352 763 1456 821 Christi
1472 769 1587 825 nomine
1601 770 1708 843 signes.

863 847 1000 903 venditor
1011 848 1060 904 ille
1073 865 1154 904 suam
1170 851 1250 905 lucra
1262 853 1296 906 ed
1311 857 1425 909 terrene
1439 861 1586 928 reportat,

865 936 982 1007 Emptor
995 942 1084 1009 tuque
1100 944 1178 993 tuam
1194 940 1275 994 lucra
1290 940 1326 995 ad
1341 943 1466 998 coelestia
1480 960 1584 1002 servas.

863 1023 913 1078 Ille
927 1040 1009 1080 suam
1023 1026 1128 1096 perdit,
1145 1028 1189 1082 vel
1205 1029 1307 1082 clausis
1321 1029 1401 1084 abdit
1414 1030 1444 1085 in
1458 1033 1540 1102 ercis,

863 1111 962 1183 Tuque
975 1115 1053 1167 tuam
1069 1113 1140 1184 ltegi
1154 1114 1266 1170 Christo
1283 1118 1422 1172 servando
1434 1134 1569 1177 coronam

865 1199 1014 1270 Egregium
1029 1199 1162 1265 fabricas,
1178 1203 1311 1275 celsoque
1325 1204 1357 1258 iu
1371 1205 1477 1261 vertice
1491 1207 1586 1277 ponis.

865 1287 1059 1360 crudelesque
1072 1290 1157 1360 lupos
1171 1290 1255 1345 mites
1268 1293 1409 1347 convertis
1422 1294 1453 1348 in
1468 1311 1568 1366 agnos,

864 1375 896 1428 ln
912 1375 1058 1447 caulisque
1069 1375 1152 1447 jubes
1167 1378 1253 1432 saeris
1265 1385 1359 1435 astare
1374 1390 1387 1416 ⁸
1402 1383 1542 1451 melodos,

866 1464 1076 1536 Prmdonesqne
1088 1465 1174 1535 serap,
1190 1467 1294 1538 quibus
1309 1468 1378 1522 olim
1394 1469 1451 1524 vita
1466 1472 1575 1542 rapinae

866 1552 898 1606 ln
914 1552 1008 1607 studio
1024 1552 1126 1620 luerat,
1143 1554 1239 1608 dulces
1254 1554 1316 1610 sine
1330 1555 1397 1612 felle
1412 1557 1560 1614 columbas

870 1639 973 1709 Cilicis,
990 1644 1020 1694 nt
1029 1640 1149 1712 propria
1163 1642 1326 1711 expendant
1340 1645 1390 1715 qui
1405 1645 1498 1700 aliena
1512 1647 1659 1702 vorabant.

1208 1799 1320 1856 caput
1338 1802 1371 1856 ll.

865 1941 927 1996 bS.
948 1939 1071 1995 Amenda·
1089 1942 1142 1995 iter
1164 1944 1205 1995 ll.
1227 1944 1385 1998 Romanum.
1410 1946 1480 1999 Puer
1498 1961 1517 1999 a
1533 1946 1714 2002 submersione

1074 2011 1216 2066 liberatus.
1235 2015 1388 2083 Tempestas
1403 2015 1508 2070 sedato.

902 2153 928 2205 a.
954 2152 992 2206 Te
1014 2167 1108 2223 neque
1132 2157 1281 2222 praetereo,
1303 2152 1383 2219 urbs,
1407 2154 1456 2210 sed
1478 2154 1606 2211 carmine
1628 2155 1712 2211 visito

866 2241 890 2293 Α
904 2238 1106 2294 Centumcellis
1122 2239 1172 2293 tali
1186 2241 1359 2311 cognomine
1373 2241 1464 2311 dicta;
1605 2241 1713 2316 [nostro

866 2327 935 2392 Quae
950 2326 1046 2398 pelagi
1061 2328 1144 2381 solita
1159 2344 1189 2383 es
1204 2327 1369 2383 discrimine
1383 2345 1459 2401 soepe
1473 2331 1580 2401 levare,

866 2415 900 2468 lit
914 2419 1015 2469 nantas
1030 2430 1156 2486 reparas,
1173 2421 1202 2471 et
1215 2417 1303 2471 lassos
1318 2417 1404 2488 erigis
1418 2423 1507 2474 artus.

866 2503 922 2558 Nec
935 2508 963 2557 te
977 2503 1125 2574 praeteriit,
1139 2504 1208 2559 dum
1224 2504 1344 2559 Sanctus
1358 2504 1395 2559 ab
1409 2505 1481 2560 urhe
1496 2505 1621 2562 secundo

868 2590 1032 2661 lligreditur
1048 2591 1149 2657 ltoma,
1165 2590 1230 2645 navi
1244 2606 1414 2662 progressus
1427 2591 1461 2646 ab
1478 2592 1535 2660 illa,

867 2679 909 2734 ad
925 2685 952 2733 te
966 2678 1107 2750 pervenit,
1123 2678 1223 2734 solitos
1235 2680 1346 2735 laturus
1361 2697 1478 2752 agones,

866 2769 960 2838 Atque
975 2767 1016 2821 ibi
1029 2782 1108 2821 more
1124 2783 1175 2821 sno
1191 2766 1317 2822 tenebris
1331 2783 1397 2822 cum
1408 2767 1500 2823 noctis
1515 2783 1613 2839 opacae

867 2855 967 2911 Oraret
981 2855 1072 2921 solus;
1085 2855 1156 2926 jam,
1173 2855 1269 2922 credo,
1285 2855 1411 2910 advertis
1425 2855 1488 2910 lesu

867 2943 1005 3014 Exemplo
1017 2942 1141 2997 similem
1157 2943 1297 2998 famulum
1311 2947 1439 3015 portasse
1450 2943 1589 2998 laborem.

866 3032 928 3086 Nox
944 3031 1119 3086 horrorifera
1133 3036 1161 3086 et
1173 3035 1247 3086 terre
1259 3031 1381 3102 caligine
1396 3030 1487 3085 noctis

865 3119 978 3174 Tetrior
992 3119 1117 3185 advenit,
1131 3118 1246 3173 Domini
1260 3118 1374 3191 fulgore
1388 3119 1537 3173 lucernam

866 3207 1068 3279 splendentem
1084 3206 1163 3261 fumo
1175 3206 1294 3278 cupiens
1307 3207 1418 3261 fuscare
1434 3207 1546 3261 nocivo.

867 3297 900 3351 lit
914 3311 1079 3367 quanquam
1095 3296 1177 3350 solita
1193 3311 1307 3368 semper
1321 3295 1431 3350 feritate
1444 3293 1571 3363 rebellet,

868 3385 901 3439 Et
916 3384 1014 3456 cupiat
1028 3383 1124 3439 radios
1138 3399 1273 3455 reperere
1286 3383 1421 3438 scelestus
1436 3383 1568 3453 iniquos;

866 3475 944 3529 Tunc
961 3478 1058 3529 tamen
1074 3472 1223 3544 egregium
1239 3488 1298 3527 non
1313 3487 1399 3526 ausus
1417 3475 1534 3542 tangere
1548 3468 1713 3525 Amandum

1648 3556 1711 3627 [est.

868 3650 950 3706 Forte
964 3664 1073 3704 memor
1086 3649 1189 3714 inerat,
1206 3648 1284 3719 quod
1299 3646 1445 3719 qnondam
1465 3646 1576 3701 miserit
1589 3643 1714 3717 hydrum

84 3732 268 3788 memorande
284 3734 378 3800 Pater,
390 3749 446 3804 qna
456 3736 483 3788 te
493 3749 569 3787 nunc
580 3731 662 3787 laude
673 3732 814 3788 celebrem
867 3737 910 3793 nd
925 3753 1059 3807 puerum,
1075 3734 1218 3807 celerique
1232 3736 1300 3806 iuga
1313 3735 1493 3806 conspexerit
1506 3735 1588 3790 illum

93 3826 240 3877 murum
255 3821 363 3876 mirans
378 3821 504 3893 insignia
518 3837 626 3876 rernm.

84 3910 240 3984 spretium,
257 3914 406 3981 captorum
419 3909 531 3964 vincula
544 3909 638 3974 solvis,

84 4015 183 4071 imque
195 3999 249 4054 hac
264 4004 324 4053 erte
339 3998 408 4053 lacis
422 3998 613 4052 conscendere
629 4012 748 4065 numos;

83 4089 139 4143 ium
154 4093 183 4142 et
197 4091 294 4158 captos
307 4086 401 4157 pretio
417 4102 503 4156 snper
519 4091 595 4140 astra
609 4084 736 4156 reponis.

86 4193 117 4232 es
133 4190 256 4241 saccum,
272 4175 341 4230 dum
357 4174 483 4244 comples
496 4189 616 4228 munere
628 4175 741 4240 coelum,

98 4270 238 4319 mercator
253 4264 357 4330 lucras,
372 4264 459 4318 talem
474 4278 535 4318 esse
550 4262 678 4318 decebat.

83 4353 108 4407 bi
121 4353 193 4408 dona
207 4351 261 4407 viri
273 4351 297 4406 si
310 4351 428 4406 mittunt
441 4349 581 4421 religiosi,

83 4441 151 4512 rjora
161 4457 245 4512 paras
259 4439 405 4495 servandis
419 4439 543 4494 claustra
555 4437 713 4505 crumenis;

90 4535 185 4585 sancte
199 4531 291 4597 Pater,
308 4529 400 4584 solum
417 4528 523 4582 servire
539 4526 671 4598 supernis

83 4619 120 4674 iis
132 4619 201 4673 satis
213 4622 263 4682 est,
277 4622 433 4688 gentesque
447 4615 594 4671 hincinde
608 4618 721 4671 vocatas

83 4723 133 4774 sse,
148 4723 228 4761 sacro
242 4705 362 4776 vivoque
378 4710 407 4760 et
421 4706 498 4759 tonte
514 4720 649 4773 novasse;

82 4795 166 4850 sciosa
178 4800 260 4850 tuum
274 4794 334 4864 jam
350 4793 467 4848 l'rancia
480 4794 607 4863 complet
622 4807 760 4859 amorem,

82 4887 139 4938 net
149 4882 202 4938 tibi
216 4887 361 4938 terrarum
375 4880 489 4936 venatio
502 4880 576 4936 lacte
592 4886 643 4935 est.

82 5043 124 5094 est
139 5039 328 5094 Cantatores:
345 5037 385 5089 sic
399 5035 540 5091 Ausonius
555 5035 586 5089 in
602 5033 815 5090 Professoribus

82 5109 226 5164 aiensibus
241 5124 328 5163 carm.
347 5109 389 5171 lb,
404 5107 438 5161 ad
451 5107 666 5177 Nepotianum:

82 5214 270 5266 eiehuluntem
285 5227 339 5264 non
354 5214 460 5277 Ulysses
474 5213 511 5262 lin
532 5214 613 5269 neret,

93 5278 182 5342 Liquit
195 5279 319 5327 mentes
333 5277 380 5340 qui
391 5275 509 5325 melodas
544 5273 651 5337 irgines,

867 3825 989 3896 aligeris
1005 3824 1125 3896 pedihus
1142 3824 1297 3878 tremulum
1312 3822 1449 3895 repedare
1463 3827 1638 3890 retrorsum,
1678 3822 1686 3831 '

869 3914 939 3969 Cum
955 3912 1054 3984 digitis
1068 3911 1192 3983 geminis
1203 3912 1331 3966 traheret
1345 3926 1397 3965 ceu
1412 3909 1522 3980 spicula
1537 3909 1658 3964 Sanctus

867 4000 989 4071 Signum
1001 4000 1074 4054 forte
1089 3999 1180 4054 crucis
1194 3998 1303 4054 cunctis
1317 3997 1495 4069 penetrabile
1510 3995 1611 4052 muris.
1710 4001 1716 4008 '

868 4090 942 4161 Ergo
957 4103 1048 4144 unum
1064 4103 1099 4142 ex
1111 4087 1227 4142 lamulis
1242 4086 1412 4142 temerarius
1427 4085 1529 4158 arripit
1541 4084 1642 4151 hostis,

868 4179 901 4233 lit
914 4176 1004 4232 trahit
1017 4175 1053 4232 ed
1069 4176 1197 4247 pelagus,
1210 4174 1316 4246 qnaeris
1328 4173 1399 4230 cnr?
1411 4177 1523 4246 mergat
1538 4178 1569 4228 ut
1580 4173 1677 4240 illum,

831 4284 854 4338 ῃ
868 4267 909 4321 Ac
920 4267 1006 4337 lupus
1019 4270 1052 4320 ut
1066 4281 1157 4321 soevus
1169 4264 1253 4319 niveo
1265 4280 1331 4318 cum
1346 4264 1380 4320 de
1394 4278 1481 4336 grege
1495 4266 1606 4334 reptem

868 4354 1039 4425 Lanigerum
1053 4354 1194 4425 pecudem
1207 4353 1296 4408 trahit
1310 4356 1372 4407 atra
1385 4351 1468 4408 tanea
1479 4351 1647 4417 vorandam,

867 4444 930 4498 Non
946 4457 1027 4497 secus
1041 4442 1088 4496 bio
1103 4446 1203 4513 raptor
1218 4441 1285 4495 dom
1301 4440 1397 4511 praede
1411 4438 1525 4495 arde'ret
1536 4454 1646 4509 amoro,

868 4531 966 4586 Ferret
977 4535 1006 4585 et
1019 4531 1164 4600 arreptam
1180 4543 1253 4582 saeve
1265 4527 1300 4581 ad
1315 4526 1481 4582 discrimine
1493 4526 1608 4595 mortis3

867 4619 919 4674 llle
931 4618 1017 4673 dabat
1031 4633 1104 4688 puer
1117 4616 1170 4670 hac
1185 4615 1335 4685 repetitam
1350 4631 1417 4670 voce
1430 4617 1576 4687 loquelam
1592 4631 1599 4670 :

868 4705 988 4772 Christe,
999 4704 1070 4775 juva
1084 4720 1144 4772 me;
1160 4702 1278 4768 Christe,
1289 4703 1368 4774 juva.
1384 4702 1447 4757 llox
1462 4703 1513 4757 illa
1525 4707 1688 4775 protervus,

867 4794 965 4861 Qualis
980 4792 1128 4849 Christus?
1142 4791 1192 4857 ait,
1207 4807 1260 4845 nec
1275 4791 1394 4847 verbum
1406 4790 1526 4847 reddere
1539 4790 1630 4846 nctus

868 4882 1000 4938 nudabat
1011 4879 1140 4953 juvenis;
1157 4879 1248 4935 donec
1261 4878 1383 4935 bellator
1397 4880 1555 4946 Amandus,

1025 5041 1063 5090 Da
1078 5054 1143 5104 puer
1156 5039 1294 5104 plectrum,
1310 5040 1412 5090 choreis

1055 5103 1089 5153 Ut
1103 5115 1195 5153 mnam
1210 5101 1332 5151 fidelibus

1026 5164 1107 5214 Dulce
1122 5177 1229 5214 carmen
1244 5166 1272 5213 et
1284 5162 1429 5221 melodum,

1057 5228 1133 5276 Gesta
1148 5225 1245 5276 Christi
1256 5225 1371 5287 insigna.

86 5375 200 5432 Sirenes
219 5376 396 5431 cantatrices.
419 5374 461 5428 lta
475 5372 608 5427 Sidonius
629 5370 648 5427 l.
668 5385 707 5437 ιι,
731 5369 815 5440 epist.
905 5366 994 5422 blter
1012 5367 1174 5421 Romanum
1197 5379 1257 5419 non
1278 5362 1408 5433 explicat,
1429 5362 1477 5417 sed
1497 5377 1562 5433 quse
1577 5360 1608 5415 in
1624 5360 1718 5416 reditu

82 5446 157 5503 stedia
175 5450 301 5503 insonare
319 5445 452 5516 pulsibus.
469 5442 641 5498 Prudentius
657 5442 767 5512 hymno
788 5442 814 5493 9.
871 5435 944 5490 mira
957 5436 1149 5506 contigerunt.

82 5516 194 5573 terinon
211 5533 217 5571 :
