3930 6098
559 234 604 290 ne
625 234 704 291 vrrs
726 235 753 289 s.
774 212 921 291 suanm.
936 264 971 274 -
990 234 1056 290 uia.
1076 234 1121 290 iv.
1331 254 1333 260 ,
1672 242 1723 296 aaa

83 370 142 426 uim
157 370 294 441 angelicis
307 369 429 425 sociatus
444 369 497 424 rite
514 371 643 425 catervis.
836 371 1006 442 ASulphur,
1023 371 1081 442 pix,
1097 372 1209 439 horror,
1224 377 1326 440 tortor,
1343 379 1497 443 tormenta,
1524 377 1664 444 caminus,

83 474 126 512 arn
142 457 227 529 liquit
244 459 381 527 moriens,
396 459 604 529 planctumque
619 475 671 528 per
685 475 770 512 arva:
876 459 1026 527 affuerint,
1040 447 1189 533 iudexque
1208 463 1310 517 sedens
1320 461 1497 532 justissimus
1512 463 1581 530 illic,

85 563 114 600 m
127 547 194 601 lecit
208 547 368 602 coelestibus
382 546 495 601 arcibus
511 546 635 616 amplam
653 565 659 601 :
876 548 1105 619 sanctorumque
1119 549 1220 604 cohors
1234 555 1335 605 ornata
1351 551 1451 605 sedilia
1466 552 1591 618 habebit,
1697 601 1703 605 .

83 641 154 690 euet
168 640 286 700 terram,
301 635 456 689 concrescit
471 635 588 705 pulvere
604 636 708 704 pulvis,
877 636 996 690 lateret
1011 636 1062 690 hos
1078 652 1209 707 proceres
1223 653 1289 693 cram
1305 639 1411 692 celsum
1426 640 1491 709 jure
1506 640 1633 695 tribunal

83 740 102 776 is
116 723 146 778 in
161 725 274 777 tomulo
289 723 431 777 recubans
446 738 499 793 ρον
512 722 588 776 dona
600 728 741 777 coruscat.
877 724 1047 780 Consulibus
1060 725 1167 795 junctis
1184 727 1346 780 consederis
1362 726 1475 782 Arbiter
1490 727 1579 796 orbis,

83 812 169 867 scicsa
183 812 277 866 choris
292 811 389 865 anima
404 816 446 864 est
460 812 611 882 conjuncta
625 811 767 880 supernis.
876 812 1018 868 Judicium
1034 818 1063 868 et
1073 813 1184 884 justum
1200 814 1297 868 liberis
1312 815 1455 885 pandetur
1470 816 1588 886 apertis,

83 900 179 970 lampa
193 899 376 954 monasteriis
390 915 442 968 per
457 915 524 953 rura
537 915 588 966 par
598 899 704 970 oppida
718 896 823 969 sparsis
878 902 957 956 Eheu
972 899 1041 972 quid
1055 901 1157 955 faciam
1174 900 1261 955 tuuc?
1277 916 1323 954 me
1339 901 1404 972 quis
1417 901 1536 956 Sanctus
1550 903 1586 957 ab
1600 902 1644 956 ira

84 993 129 1042 ’et
143 987 246 1043 melior
258 1004 319 1042 sese
334 992 478 1042 structura
491 987 596 1041 levavit
878 989 1017 1062 Conteget
1031 989 1169 1045 instanti?
1184 1006 1248 1061 quaa
1265 1006 1310 1044 me
1326 988 1453 1044 defensio
1468 991 1554 1045 taulis

84 1077 113 1131 iis
128 1078 240 1132 uostris.
257 1078 347 1132 Locus
362 1082 405 1130 est
421 1076 456 1131 de
472 1075 592 1131 llumine
608 1075 712 1143 dictus,
878 1078 1011 1134 Cladibus
1025 1079 1147 1149 eripiat?
1162 1079 1249 1148 Crrjus
1262 1079 1314 1132 sub
1329 1077 1456 1148 tegmine
1474 1077 1580 1133 montis

84 1165 178 1239 recipit
193 1166 329 1237 largoque
343 1165 410 1219 siun
424 1165 509 1220 Scarb
523 1163 624 1235 purior
639 1163 720 1218 effert
735 1179 741 1217 :
878 1164 1103 1220 Abscoudendus
1113 1180 1172 1233 ero,
1187 1163 1312 1218 llammis
1328 1180 1363 1218 ne
1379 1179 1483 1218 exteras·
1499 1164 1631 1220 acerbis?
1651 1207 1653 1212 .

83 1258 123 1309 ite
137 1270 170 1308 ex
186 1254 301 1325 gemino
315 1253 447 1308 iordanis
460 1269 540 1307 more
556 1257 693 1317 meantes,
879 1251 960 1316 Quod
975 1268 1020 1307 me
1033 1255 1101 1306 tunc
1117 1251 1211 1323 operis
1224 1251 1296 1322 justi
1310 1251 1441 1305 velamen
1456 1257 1589 1324 opertum

89 1342 248 1397 commistis
263 1342 444 1413 conjungunt
460 1341 539 1395 basia
555 1340 652 1395 lauris.
880 1340 990 1394 Eximat
1003 1343 1032 1395 et
1047 1340 1119 1394 tanti
1134 1344 1265 1394 secernet
1280 1340 1315 1393 ab
1330 1339 1397 1410 igue
1412 1339 1540 1394 camini?

87 1430 198 1485 mulum
214 1429 320 1484 retinet
336 1429 455 1485 Sanctus
470 1427 621 1482 virtutibus
637 1433 760 1483 auctum.
879 1427 946 1494 Oro,
967 1428 1009 1483 tui
1024 1432 1102 1494 tunc,
1119 1432 1214 1482 sancte
1230 1429 1325 1491 Pater,
1341 1426 1476 1482 miserere
1492 1431 1596 1498 poetar,

84 1535 125 1573 sus
138 1520 281 1572 immenso
296 1519 447 1572 decoratus
461 1518 572 1571 honore
588 1517 711 1584 nitescit,
880 1515 993 1570 Dextris
1010 1521 1095 1587 atque
1110 1520 1192 1570 tuum
1210 1515 1312 1570 turmis
1326 1514 1469 1586 conjunge
1485 1516 1632 1572 hlilouem.

83 1606 168 1674 idem,
178 1606 288 1677 pietas,
305 1605 429 1674 bonitas,
445 1605 596 1659 concordia
608 1605 708 1674 pollet,
880 1606 1043 1660 Extremum
1059 1609 1102 1660 sat
1116 1604 1170 1659 erit
1184 1605 1227 1658 vel
1243 1605 1447 1659 commeruisse
1462 1605 1606 1659 locellum.

84 1711 113 1761 a,
127 1692 208 1762 fides,
224 1693 368 1748 fraternus
382 1709 474 1759 amor,
489 1692 603 1747 dilectio
620 1708 741 1746 summa.
843 1665 866 1721 Β
880 1695 930 1748 Est
945 1693 1032 1748 etiam
1045 1692 1179 1748 mihimet
1193 1691 1299 1747 fiducia
1312 1708 1417 1763 magna
1432 1691 1554 1758 misello,

84 1783 188 1838 bouum
205 1782 344 1845 retinens,
359 1783 394 1837 ad
407 1782 471 1836 coeli
485 1781 612 1836 culmina
626 1780 721 1836 tendis
737 1797 744 1836 :
880 1783 938 1836 lloc
953 1797 1040 1852 opere
1056 1782 1215 1836 horrendos
1230 1780 1359 1851 extingui
1375 1796 1458 1852 possa
1472 1779 1593 1846 furores,

84 1871 193 1926 malam
208 1871 310 1938 vitans,
328 1870 495 1925 discrimina
510 1869 596 1924 noxia
609 1869 700 1941 pellit.
879 1870 1029 1925 Schemate
1044 1869 1120 1941 quod
1135 1868 1184 1923 vili
1199 1868 1338 1940 scriptum
1358 1872 1415 1935 est3
1430 1868 1553 1923 sedeate
1568 1866 1655 1922 fideli.

84 1960 182 2015 ›ericla
196 1974 311 2030 parens,
328 1959 379 2013 ubi
393 1958 495 2013 debilis
508 1958 602 2012 omnis
617 1963 646 2012 et
660 1973 738 2029 aeger
880 1962 987 2015 Parvus
1001 1961 1094 2015 honor
1108 1974 1224 2014 carmon
1239 1957 1375 2013 stolidum
1388 1962 1439 2022 est,
1456 1958 1504 2012 sed
1516 1956 1635 2029 grandia
1648 1971 1726 2010 arno·

86 2049 165 2118 etita,
181 2048 237 2103 lide
250 2049 281 2102 iu
295 2048 423 2102 medium
438 2050 580 2113 currente,
597 2049 735 2117 reportat.
881 2049 954 2104 Sunt
967 2048 1039 2102 mihi
1054 2052 1119 2102 vota
1133 2047 1190 2101 tuis
1203 2047 1233 2101 in
1249 2047 1393 2112 laudibus,
1410 2045 1518 2117 optime
1534 2048 1641 2101 Pastor.
1676 2043 1727 2114 [ris
1837 2037 1839 2042 ’

84 2131 113 2191 sl
129 2153 146 2190 o
162 2136 229 2190 felix
245 2136 366 2190 fecundo
381 2135 511 2207 germine
526 2135 641 2206 cespesl
884 2140 917 2194 Et
932 2139 955 2193 si
971 2137 1107 2208 respicias
1121 2136 1211 2191 animi
1226 2135 1385 2207 precordia
1399 2135 1500 2190 nostri.

84 2229 201 2279 smacta
216 2224 300 2280 bouis
314 2231 422 2279 aeterua
438 2224 467 2277 iu
484 2224 587 2279 secula
603 2223 688 2277 salve.
883 2227 915 2280 Iu
933 2225 978 2280 his
993 2242 1057 2297 qum
1073 2225 1166 2279 luerat
1180 2223 1264 2279 nohis
1279 2224 1381 2279 devota
1391 2224 1533 2290 voluutas,

88 2330 152 2381 ove,
171 2329 273 2379 messe,
290 2313 370 2380 bove,
394 2313 472 2382 alite,
497 2311 593 2378 melle,
623 2327 686 2382 ape,
708 2308 827 2364 flumine
884 2314 946 2368 Non
962 2313 1124 2368 damnanda
1136 2312 1237 2378 aderit,
1254 2313 1332 2367 velut
1347 2312 1467 2377 aestimo,
1485 2327 1572 2382 parva
1593 2310 1723 2367 facultas.

730 2398 828 2469 [pisce,
882 2402 965 2459 Orbis
978 2403 1082 2466 honor,
1100 2407 1287 2472 nostrumque
1306 2402 1401 2456 decus.
1420 2403 1504 2455 Pater
1517 2400 1602 2465 alme,
1624 2399 1727 2467 valeto,

85 2517 97 2556 1,
111 2505 172 2556 sue,
187 2490 270 2558 flore,
283 2488 392 2553 fronde,
407 2488 510 2554 imber,
527 2488 668 2559 gramine,
686 2488 757 2554 vite,
883 2495 957 2546 Ante
971 2495 1053 2544 tuum
1067 2491 1212 2544 tumulum
1224 2490 1333 2561 jugiter
1348 2490 1519 2553 recinemus,
1535 2493 1641 2554 Arcto,

87 2594 121 2632 ns
136 2577 182 2633 his
196 2578 289 2649 polles
303 2577 353 2631 tali
369 2577 537 2632 moderante
554 2577 666 2631 colono.
883 2581 922 2635 'l'u
939 2580 1044 2650 dignus
1056 2579 1142 2646 salve,
1160 2579 1241 2633 uobis
1256 2578 1385 2649 praebeto
1400 2578 1505 2632 valere.

85 2683 122 2720 ns
134 2667 179 2720 his
196 2666 301 2722 retines
317 2667 370 2721 hoc
383 2666 557 2721 taciendaute
573 2667 708 2720 Patrono.
920 2669 963 2724 ll.
992 2669 1035 2722 lin
1059 2683 1143 2738 opus,
1168 2667 1242 2720 alme
1266 2667 1350 2734 Deus,
1376 2666 1526 2720 hominum
1542 2665 1625 2720 Sator
1645 2668 1730 2736 atque

85 2770 116 2809 aa
130 2754 200 2810 daut
214 2755 318 2826 pisces,
334 2760 445 2825 segetes
461 2754 608 2809 terrestria
625 2754 742 2808 solvunt
759 2767 765 2805 :
1527 2752 1730 2826 [Redemptor;

85 2858 176 2914 ¹0m90
189 2859 269 2898 cares
283 2843 381 2908 nullis,
399 2843 468 2913 (luia
482 2843 564 2913 fruge
581 2841 735 2895 redundas·
883 2844 924 2899 nd
938 2843 1053 2897 laudem
1070 2841 1226 2897 obtulimus
1240 2842 1371 2913 praeclari
1386 2840 1517 2912 praesulis
1531 2840 1619 2908 istud,

94 2947 218 3003 namque
233 2930 339 2985 lamam
354 2947 411 2985 uon
426 2947 486 2995 ore,
503 2931 550 2985 sed
567 2929 684 2983 auribus
700 2925 806 2982 haurit.
848 2932 1096 3020 CAcceptunsqua
1112 2930 1169 2983 tuis
1185 2935 1216 2984 ut
1227 2929 1264 2984 sit
1277 2929 1477 3001 conspectibus
1497 2944 1547 2983 oro

85 3020 198 3075 animus
214 3020 328 3086 inirem,
346 3036 410 3091 quse
425 3020 542 3074 credula
554 3018 640 3073 corda
653 3014 784 3087 requirit,
884 3017 983 3074 Omnis
997 3017 1027 3072 in
1042 3017 1191 3071 ecclesiam
1209 3017 1334 3072 mundus
1348 3033 1399 3070 sna
1417 3032 1537 3070 munera
1553 3015 1654 3071 defert.

98 3113 164 3180 post
178 3113 300 3162 mortem
314 3108 421 3178 poteris
438 3109 491 3162 hac
503 3107 574 3161 sciro
590 3107 717 3160 beatum.
884 3108 933 3161 llle
947 3105 1021 3161 uitet
1034 3122 1119 3161 seusu
1133 3106 1210 3160 velut
1223 3121 1304 3169 auro,
1322 3121 1426 3159 munus
1439 3109 1468 3159 et
1481 3105 1555 3159 alter

85 3196 159 3252 icula
174 3211 317 3250 annorum
333 3200 448 3249 centum
465 3199 601 3265 vergente
617 3209 732 3248 recursu
884 3195 1002 3266 Argenti
1018 3194 1132 3266 eloquio
1147 3198 1265 3264 portans
1280 3192 1424 3247 candescit
1440 3192 1571 3259 honesto,

85 3288 175 3351 erant,
192 3300 330 3339 uumerus
346 3283 455 3354 pariter
470 3283 591 3354 partitus
606 3287 634 3337 et
649 3281 735 3336 idem.
885 3283 1099 3354 (tantorumque
1114 3283 1217 3337 chorus
1232 3281 1320 3336 vocali
1337 3280 1461 3336 concinit
1475 3296 1542 3346 oere,

87 3373 109 3427 it
123 3373 278 3428 aetheream
293 3388 351 3444 quo
367 3371 411 3426 vir
423 3371 606 3426 venerandus
621 3371 656 3424 ad
673 3369 779 3437 aulam,
886 3373 987 3427 Fertur
1002 3371 1103 3427 abhoc
1117 3386 1216 3426 coccus
1231 3369 1348 3441 gemino
1361 3369 1406 3425 bis
1421 3369 1527 3424 tinctus
1542 3382 1651 3435 amore,

86 3477 174 3533 orpus
189 3460 293 3515 tumuli
309 3460 426 3532 disjecta
442 3461 516 3514 mole
530 3458 655 3513 levatum
885 3460 975 3517 Ollert
990 3466 1019 3515 et
1032 3464 1136 3515 tortam
1151 3460 1246 3515 caruis
1261 3458 1415 3514 maceratio
1431 3458 1558 3530 byssum,

86 3565 132 3604 me
146 3550 295 3604 inventum
311 3553 363 3615 est,
375 3552 403 3603 et
415 3548 485 3602 deus
499 3546 626 3602 sublatus
643 3545 677 3600 ab
692 3562 742 3600 ore
886 3550 1010 3622 Lignum
1023 3549 1224 3620 incorruptum
1240 3547 1286 3603 hic
1300 3562 1402 3618 corpus
1417 3545 1492 3617 gerit
1504 3545 1733 3611 immaculatum,

86 3637 260 3709 sanguineas
275 3641 307 3692 ut
320 3637 383 3692 vivo
398 3653 413 3691 e
426 3651 545 3706 corpore
560 3639 666 3707 guttas.
887 3638 1005 3692 Actibus
1017 3637 1066 3692 ille
1080 3636 1135 3707 piis
1150 3620 1201 3691 ceu
1217 3636 1338 3707 pulchro
1354 3634 1487 3705 splendet
1502 3633 1587 3700 olivo,

86 3730 114 3780 st
126 3725 181 3780 hoc
195 3724 278 3779 facile
294 3727 345 3792 est,
361 3722 492 3794 quisquis
508 3723 543 3776 de
558 3736 677 3791 corpore
693 3719 758 3775 lesu
887 3725 1096 3796 Perlusnmqua
1110 3725 1187 3779 bono
1203 3729 1234 3777 ut
1248 3723 1429 3778 thimiamato
1444 3723 1553 3792 fragrat
1567 3722 1667 3777 odore.

86 3829 117 3868 cc
131 3813 237 3868 confixi
249 3828 384 3883 percusso
399 3812 500 3866 militis
515 3812 607 3872 hasta,
886 3817 936 3870 Ast
954 3829 1024 3885 ergo
1040 3811 1183 3867 munificis
1198 3811 1342 3866 commisti
1357 3811 1474 3865 coetibus
1492 3827 1587 3865 assum

86 3901 156 3958 redit
170 3916 299 3956 manasse
314 3916 407 3956 sacras
419 3916 483 3954 cum
499 3898 639 3970 sauguine
653 3897 795 3968 lymphas·
886 3904 1011 3974 Pauper,
1018 3918 1136 3973 egenus,
1145 3901 1237 3972 inops,
1247 3899 1405 3971 trepidans,
1414 3898 1560 3966 contusus,
1568 3903 1596 3952 et
1605 3913 1732 3969 augens:

86 3989 138 4046 aris
151 3995 250 4058 testes,
267 3989 334 4045 fidei
347 3989 450 4043 virtuto
465 3988 610 4053 vacillans,
887 3992 941 4057 Qui
956 3991 1016 4046 fero
1031 3990 1071 4045 nil
1084 3989 1233 4061 placitum,
1250 3991 1327 4061 quod
1339 3988 1370 4043 in
1385 4003 1434 4043 ara
1446 4003 1554 4060 ponere
1569 3986 1612 4041 fas
1627 3986 1672 4041 sit.

86 4077 168 4144 enias,
185 4094 305 4145 moueo;
320 4077 441 4150 aspicies
455 4076 567 4131 diversa
582 4075 709 4129 virorum
888 4080 974 4136 Pallia
986 4079 1023 4135 ob
1042 4079 1098 4134 hoc
1112 4077 1183 4133 mihi
1199 4077 1285 4132 rubra
1305 4093 1392 4148 genas
1407 4075 1579 4131 verecundia
1593 4073 1697 4147 pingit.

86 4183 111 4220 ra
125 4166 357 4238 multiplicesque
373 4182 454 4220 senes
469 4169 552 4220 aetate
566 4163 707 4218 verendos
724 4178 731 4217 τ
887 4170 945 4224 Hoc
960 4184 1076 4223 carmen
1090 4171 1200 4222 textum
1214 4165 1338 4238 caprinis
1353 4164 1440 4220 ollero
1454 4164 1531 4236 pilis,

86 4270 171 4325 ioque
186 4257 331 4326 susceptos
345 4253 453 4325 poterit
468 4255 627 4306 monstrare
642 4267 767 4307 cruores·
854 4261 876 4315 Ι)
889 4258 989 4329 ideque
1005 4256 1091 4311 simul
1103 4256 1215 4310 hircum
1229 4271 1282 4327 pro
1297 4253 1417 4309 crimine
1433 4251 1675 4308 mortificandum.

86 4342 106 4398 0
121 4343 244 4413 genitor,
261 4347 367 4414 pastor,
386 4342 493 4408 doctor,
510 4340 646 4407 nutritor,
664 4339 790 4394 amatorl
889 4346 944 4400 Sed
960 4345 1010 4417 qni
1025 4361 1078 4416 pro
1095 4344 1214 4398 minimo
1229 4344 1342 4399 viduam
1359 4342 1518 4414 quadrante
1530 4339 1633 4406 beasti,

86 4447 141 4485 icus
154 4431 207 4486 iste
222 4431 295 4486 nitet
309 4435 454 4485 tantorum
470 4429 550 4484 dives
565 4428 718 4482 honorum.
888 4433 1005 4487 Munera
1019 4449 1085 4504 quae
1100 4433 1179 4487 solvo
1194 4433 1305 4502 placato
1321 4432 1432 4501 suspice
1447 4430 1538 4497 vultu,

90 4518 153 4575 caeli
168 4535 292 4590 reguum
307 4518 469 4573 veneranda
484 4532 553 4587 pace
567 4520 716 4586 receptum
889 4515 923 4575 Et
934 4524 984 4574 tua
999 4520 1061 4574 laus
1076 4524 1174 4575 nostro
1190 4520 1324 4592 perduret
1337 4519 1368 4573 in
1383 4535 1431 4574 ore
1447 4534 1498 4590 per
1513 4533 1619 4585 avum,
1673 4519 1676 4523 ’

86 4611 108 4676 t,
124 4606 250 4674 decorat,
266 4606 417 4672 collaudat,
435 4606 568 4671 honorat,
582 4604 703 4659 adornat
718 4619 725 4658 :
889 4608 944 4673 Qui
958 4608 1051 4662 solum
1067 4623 1248 4679 regnumque
1264 4611 1343 4661 tenos
1357 4622 1409 4677 per
1425 4608 1507 4661 saecla
1520 4621 1689 4678 supernum.

86 4695 135 4751 ede
151 4695 205 4767 piis
220 4695 312 4749 veniae
325 4694 496 4750 commercia
511 4693 609 4760 serris,
888 4696 989 4762 Chare,
1005 4710 1102 4751 meum
1119 4694 1280 4765 completur
1293 4693 1359 4764 iter,
1373 4695 1532 4766 requiesce,
1548 4695 1641 4749 viator
1656 4696 1679 4746 b.

86 4783 146 4856 gire
161 4784 216 4838 tuis
227 4784 369 4838 consortia
383 4783 455 4838 lucis
469 4781 603 4837 alumnis.

86 4887 116 4927 se
132 4872 206 4926 Deus
221 4872 339 4927 veniens
354 4876 489 4926 cunctum
504 4868 678 4924 concusserit
692 4868 803 4935 orbem,

86 4960 227 5014 ramulam
243 4965 349 5013 terram
365 4958 446 5012 velox
464 4957 603 5012 exusserit
617 4955 703 5026 iguis,
955 4937 1136 4994 VERSICUU
1156 4935 1282 4991 Wlffll
1301 4943 1311 4970 ⁰
1329 4935 1365 4990 ῙΝ
1387 4934 1672 4991 CONFfflffllONE

93 5048 220 5104 detracta
236 5064 288 5102 ceu
301 5063 397 5102 saccus
413 5048 474 5100 luce
490 5045 607 5112 carebit,
1245 5007 1381 5062 ΟΡΕΒῙΒ·

86 5136 166 5208 '¹³(l110
180 5135 284 5208 globus
296 5135 378 5190 lurvo
396 5134 545 5189 claudetur
559 5131 675 5201 amictu,
890 5131 1025 5187 Carmina
1040 5129 1149 5185 sideros
1164 5127 1268 5184 merito
1289 5127 1454 5183 scandentia
1469 5142 1596 5198 campos,

86 5295 131 5334 mc
154 5277 342 5332 elevationem
367 5275 521 5346 contigisse
544 5291 591 5332 aa,
613 5276 671 5340 lit,
691 5277 755 5345 post
770 5272 836 5328 obi·
890 5273 959 5340 stylo
973 5271 1125 5337 transfuso,
1142 5269 1242 5324 tuberes
1259 5267 1362 5323 libellos
1389 5269 1416 5334 4,
1432 5270 1462 5322 in
1477 5267 1575 5336 quihus
1598 5268 1738 5322 continen-

87 5365 126 5412 ,us
144 5348 278 5414 diximus,
295 5351 309 5416 ἓ
329 5351 369 5402 ¹5.
891 5347 936 5397 tur
950 5355 1042 5397 υονννιο
1060 5341 1137 5394 lars.
1644 5405 1649 5416 ι

87 5419 385 5487 ideliatoranptieit
402 5415 514 5472 ViloB.
531 5414 836 5482 Amoradiconsessoris
927 5411 1075 5482 ewlrajus
1104 5410 1270 5475 monachus,
1299 5409 1325 5463 al
1356 5409 1495 5488 Wtsopus,
1524 5406 1738 5478 condiscipulus

87 5493 109 5557 i,
125 5489 159 5543 de
169 5505 253 5558 prosu
266 5491 387 5543 oratione
397 5491 427 5541 ia
439 5487 589 5541 Ηονοιοιινν
602 5501 709 5541 carmen
725 5487 836 5540 metrico
889 5486 954 5538 ante
976 5481 1087 5536 llilouis
1111 5480 1163 5535 sub
1179 5481 1321 5535 llaimiuo.
1338 5478 1502 5535 subsecutis
1523 5494 1589 5533 mox
1613 5477 1738 5550 tempori
