3930 6098
103 258 155 313 aba
705 243 846 301 lilLONlS
866 242 1026 300 Mortuum
1046 246 1074 299 S.
1094 241 1228 297 adanu!

106 395 141 450 Se
156 394 307 463 praesente,
323 388 382 443 fera
395 401 454 440 non
468 399 568 456 passus
582 384 661 438 fauce
675 383 781 448 vorari,
967 383 1151 449 ddpparens
1165 377 1249 449 piscis
1264 383 1416 431 nautarum
1435 375 1543 429 visibus
1558 374 1665 446 ingens

106 481 281 552 lliscipnlum
295 475 449 548 pelagique
466 472 549 527 nudis
564 470 744 540 submergier
756 467 836 535 atris,
1007 468 1145 522 Laetitiam
1159 466 1279 537 stupidis
1293 464 1398 519 infudit
1412 463 1557 519 mentibus
1572 463 1713 533 amplam,

108 566 232 636 Corripit
245 580 335 631 arma,
351 561 427 631 capit
442 560 617 631 pharetram,
632 559 777 628 jactatque
791 557 923 629 sagittam
1007 557 1125 611 Retibns
1140 560 1168 609 et
1180 555 1263 625 jactis
1280 553 1399 607 fluidam
1415 568 1517 622 cepere
1533 553 1677 622 rapinam.

108 654 265 711 salvificam
279 666 381 722 puero,
396 649 508 703 Salauae
524 648 573 702 sed
590 648 643 701 rite
658 646 780 717 superbo
1007 644 1075 708 Quis
1087 643 1182 714 piscis,
1199 644 1281 697 Pater
1296 642 1381 708 alme,
1398 646 1460 694 tuos
1476 656 1532 694 uon
1549 640 1603 692 iret
1614 638 1650 692 ad
1664 637 1749 691 usus?

107 741 287 807 vulnificam,
304 739 393 793 victor
405 738 432 791 vi
450 737 565 790 vincens
581 736 698 791 verbere
714 734 814 788 verbi:
1008 734 1102 787 Coetns
1115 732 1186 785 forte
1202 731 1282 802 prior
1297 730 1423 799 gaudens
1439 731 1621 798 procurreret
1636 725 1732 779 omnis

109 831 160 885 Fili
174 829 225 901 qui
237 826 370 892 traheris,
388 825 433 880 die
448 825 534 886 besti,
551 823 624 878 dixit
637 822 797 890 Amandum
1008 820 1182 891 Obsequium
1198 818 1336 888 praebere,
1352 833 1436 871 suum
1450 816 1474 870 si
1488 816 1620 870 crederet
1632 819 1742 884 aptum,

108 918 195 973 Filius
209 918 270 988 ipse
285 916 336 970 [lei
348 919 391 969 est
405 913 461 968 vivi
478 912 605 967 Christus
621 910 781 965 crucifixus.
1011 909 1088 963 Felix
1103 908 1151 962 ille
1163 907 1249 972 foret;
1266 905 1384 959 maculis
1400 904 1551 958 conclusus
1566 903 1595 956 in
1610 901 1725 972 amplis,

108 1006 198 1070 Quem
214 1004 340 1059 sonitum
353 1017 466 1057 summo
479 998 612 1054 extimuit
627 999 744 1054 horrore
758 1013 910 1069 pavescens
1009 998 1117 1052 Gaudet
1132 1000 1228 1063 nauta,
1244 1010 1328 1049 vorax
1344 993 1398 1048 sibi
1412 992 1447 1046 sit
1461 992 1539 1063 quod
1555 992 1655 1062 prada
1671 994 1786 1062 reperta,

109 1094 201 1148 llostis
215 1093 303 1153 iners,
320 1106 373 1144 nec
389 1095 463 1142 stare
476 1089 537 1142 loco
553 1087 737 1158 praesumpsit
751 1086 781 1139 iu
796 1086 860 1152 illo;
1013 1085 1193 1155 Exsultatqne
1208 1089 1286 1136 tuam
1302 1082 1387 1152 piscis
1404 1081 1471 1151 quia
1485 1079 1607 1134 venitin
1623 1094 1728 1133 escam.

108 1180 163 1236 Sed
179 1195 267 1250 vagus
282 1179 312 1232 in
326 1192 428 1231 vacuas
443 1176 556 1247 fugiens
571 1175 687 1229 evanuit
704 1190 797 1228 auras.
1011 1176 1157 1230 Laetantur
1172 1170 1255 1234 remi,
1271 1169 1416 1241 depromit
1429 1168 1534 1239 gaudia
1549 1172 1627 1235 rete;

109 1269 143 1322 ut
157 1267 255 1339 prada
269 1265 430 1331 incolumis,
449 1265 530 1334 pulso
543 1263 641 1333 procul
656 1263 745 1329 hoste,
761 1261 909 1315 remansit.
1011 1262 1111 1317 Nullus
1127 1277 1185 1315 uou
1201 1259 1302 1324 alacer,
1318 1256 1495 1329 quianullus
1508 1261 1589 1326 parte
1604 1255 1727 1310 carebat.

110 1356 232 1426 Belliger
246 1354 367 1424 insignis
382 1353 421 1406 sic
435 1352 555 1406 Sanetus
567 1351 597 1406 iu
613 1351 682 1404 orbe
697 1351 866 1419 triumphat.
1012 1351 1124 1405 Lividus
1137 1355 1181 1402 ast
1192 1348 1283 1402 hostis
1300 1363 1357 1401 nou
1370 1362 1471 1416 passus
1488 1351 1519 1399 ut
1534 1345 1583 1398 illa
1598 1346 1745 1398 manerent

263 1494 268 1504 .
304 1494 309 1504 .
509 1491 514 1501 .
797 1490 801 1500 .
848 1489 884 1500 ,,
1012 1438 1127 1493 Laetitiae
1143 1438 1190 1508 pia
1203 1440 1268 1489 vota
1284 1435 1360 1501 viris,
1378 1433 1493 1487 turbare
1507 1432 1628 1486 tridenti

147 1502 172 1551 7.
190 1497 284 1551 Hostis
302 1510 390 1559 mers,
412 1492 571 1558 maledicte,
588 1491 677 1558 ferox,
694 1490 829 1556 crudelis,
846 1505 955 1562 mique,
1005 1513 1182 1596 qggoedimr
1196 1523 1325 1594 pelagus,
1340 1522 1487 1591 fundoque
1501 1520 1623 1574 revolvi,
1637 1519 1674 1573 ab
1688 1519 1744 1572 imo

112 1586 198 1682 cuju?
213 1598 289 1682 ΨΩ
307 1598 411 1635 n⁰men
426 1580 510 1634 soma
524 1580 636 1678 femin?
653 1579 793 1633 rebellans
1010 1615 1174 1683 Tempestas
1191 1611 1310 1681 inopina
1324 1611 1390 1676 ruit,
1411 1623 1589 1679 magnusque
1605 1600 1743 1661 tumultus

112 1675 248 1743 ⁰⁰⁵p¹⁰¹⁵'
265 1687 289 1723 ¹⁵
303 1669 449 1740 qu⁰nd³m
466 1669 571 1722 [mem
581 1668 643 1733 ”bh
659 1684 731 1720 Μ
745 1672 875 1737 [yranm’
975 1679 1132 1773 BIngruit.
1149 1704 1303 1770 assurgunt
1317 1699 1411 1765 under,
1427 1697 1613 1768 quatiturque
1627 1696 1738 1760 carina;

112 1759 269 1831 lmpmum
285 1758 395 1823 mundi’
412 1758 488 1855 quw
504 1762 618 1827 captum
633 1757 730 1809 ffflflde
747 1755 871 1808 mmmm·
1012 1792 1102 1845 Nauta
1120 1788 1194 1842 volat
1208 1803 1331 1849 sursum,
1347 1788 1435 1840 fluctu
1452 1790 1582 1856 portatur
1597 1785 1631 1838 ad
1648 1789 1733 1852 astra,

113 1849 170 1902 Nec
182 1849 262 1902 ¹⁰⁰⁰⁵
277 1850 320 1900 θεῖ
334 1846 416 1914 ⁰oe¹⁰'
431 1846 543 1898 ”mmm
558 1861 672 1914 q⁰⁰qu⁰
687 1849 763 1898 tersa
780 1849 902 1914 negatur
909 1861 915 1911 3
1011 1875 1080 1931 lude
1095 1873 1238 1944 profunda
1252 1873 1335 1942 petit,
1351 1871 1521 1940 bibulasque
1537 1870 1660 1924 resulcat
1675 1885 1778 1923 arenas.

110 1937 228 1991 Tartara
241 1935 301 1988 ⁵⁰¹³
315 1938 423 2004 patent’
437 1933 555 1986 intranti
569 1933 669 1986 limina
683 1936 779 2029 aperta
862 2019 866 2028 ,
1013 1963 1120 2018 Gaudia
1137 1961 1254 2015 tristitia
1269 1965 1390 2025 mutant,
1407 1961 1528 2029 laetoque
1542 1958 1699 2029 propinqui

112 2024 180 2088 Quae
196 2025 320 2089 fuerent,
338 2036 414 2074 nunc
426 2023 521 2074 clausa
536 2027 654 2073 manent
668 2036 744 2073 exire
761 2018 878 2073 volenti.
1013 2051 1116 2106 Omnia
1131 2049 1311 2117 dispergunt,
1321 2048 1428 2117 jadau,
1445 2047 1614 2117 amplustria
1629 2046 1721 2111 navis,

112 2113 173 2178 ⁰⁰⁰
188 2117 218 2164 m
234 2110 422 2164 flamm¹v⁰m¹
437 2124 498 2161 ⁵¹⁰⁰
514 2109 570 2161 ¹¹⁰⁰
587 2108 686 2161 ΜΘΝ
701 2123 807 2160 ⁰³m¹¹¹¹
1013 2140 1137 2207 Corpora
1153 2137 1284 2190 nitnutnr
1299 2136 1398 2188 saltem
1415 2134 1573 2188 subducere
1588 2134 1687 2188 morti.

112 2202 235 2255 H⁰rr⁰re
251 2213 280 2250 ¹¹¹
296 2213 375 2267 p¹⁰⁰⁰
391 2196 490 2249 ”⁰⁰¹5
506 2196 640 2265 mhgatus
656 2195 764 2249 ὅπως
1013 2227 1159 2282 Servatum
1177 2224 1278 2278 Sancte
1293 2223 1342 2278 sed
1356 2225 1408 2277 boc
1422 2239 1475 2293 pro
1491 2238 1611 2276 munere
1625 2221 1732 2275 donum
1744 2224 1791 2286 esl,

114 2287 219 2386 Urefss’
233 2302 275 2339 vae
289 2300 389 2382 ww
402 2298 520 2355 gemens
536 2281 674 2380 pl⁰r³f²d⁰
691 2283 815 2336 ⁵⁰⁰³bis‘
1014 2315 1093 2368 lllius
1108 2319 1141 2368 ut
1154 2312 1245 2367 virtus
1260 2312 1453 2382 meritumque
1468 2311 1620 2364 nitesceret
1634 2309 1774 2379 amplum,

114 2376 147 2430 Et
160 2391 185 2428 si
198 2389 274 2428 nunc
287 2373 397 2442 aliquos
414 2370 547 2440 deceptor
562 2370 681 2424 callidus
696 2386 794 2440 auges,

115 2460 323 2531 Cousociaeqne
338 2459 406 2512 ferae
421 2457 571 2513 torrendos
583 2457 697 2527 ignibus
713 2457 787 2521 ollae,

114 2549 189 2614 Quot
204 2548 307 2601 crescis
322 2546 418 2610 lucris,
434 2550 526 2599 tantas
541 2545 595 2599 sibi
608 2560 733 2598 crescere
749 2560 846 2614 poenas

114 2637 199 2701 Scito,
216 2635 269 2689 tibi
284 2635 348 2704 plns
363 2633 455 2699 noxie,
472 2638 516 2687 ter
530 2632 680 2686 maledicte
694 2638 816 2686 vorator.

1014 2404 1046 2456 Et
1061 2416 1225 2472 quanquam
1243 2400 1343 2454 validis
1357 2399 1510 2453 turbentur
1524 2399 1651 2452 motibus
1667 2412 1772 2463 omnes,

909 2483 912 2486 ⁴
1013 2492 1052 2543 Ac
1066 2498 1078 2523 ὓ
1092 2493 1208 2559 proreta
1222 2488 1281 2541 suia
1296 2493 1324 2541 et
1339 2503 1449 2559 quassae
1465 2485 1633 2555 impendere
1649 2485 1756 2556 cymbae

1017 2576 1157 2630 Auxilium
1173 2583 1309 2646 nequeat;
1325 2592 1382 2629 uon
1397 2575 1522 2645 perdunt
1534 2573 1664 2627 funditus
1680 2588 1761 2626 omne

287 2722 322 2732 ..
415 2723 419 2731 .
696 2720 701 2730 ,
754 2721 758 2730 ,
1015 2664 1182 2730 Consilium,
1196 2664 1329 2719 Sanctum
1345 2663 1394 2717 sed
1410 2663 1487 2716 anim
1500 2662 1659 2715 celeranter
1673 2659 1817 2716 Amandum

114 2726 165 2780 1¹¹⁰
179 2725 258 2821 ¹⁰9⁰?
273 2723 324 2776 nm
340 2722 508 2791 ⁰⁰¹¹d¹3¹¹⁰⁵’
522 2727 589 2818 sm
603 2737 721 2818 me
733 2721 820 2818 mgna
834 2720 905 2773 ΜΟ·
1015 2752 1168 2805 Unanimes
1183 2751 1299 2818 adeunt,
1318 2757 1346 2804 et
1360 2766 1445 2821 opem
1460 2750 1514 2803 sibi
1528 2751 1603 2804 ferre
1621 2753 1782 2820 precantur,

115 2813 180 2866 llaec
197 2811 251 2865 sibi
267 2825 356 2879 regna
372 2814 484 2878 parant,
501 2825 550 2878 qm
568 2824 627 2862 non
642 2808 694 2862 trbr
711 2809 822 2862 fortiter
835 2808 957 2862 obstant.
1015 2839 1131 2894 pamiae
1145 2839 1194 2909 qui
1209 2839 1282 2893 dulei
1300 2839 1417 2909 pavidos
1432 2839 1560 2892 animare
1572 2843 1671 2892 suetus

115 2901 146 2955 Et
160 2914 327 2970 quanquam
339 2898 459 2968 jugibm
473 2902 568 2951 “³⁰³¹
583 2898 754 2951 ⁰⁰¹¹¹⁰¹¹d⁰r³
766 2897 850 2950 belm
1015 2928 1126 2982 Solatur
1141 2934 1252 2993 ueritas,
1267 2927 1438 2997 promittens
1453 2926 1658 2997 experiendum

115 2987 231 3042 D⁰b¹t⁰¹⁸
247 2990 357 3052 ⁰¹¹³tat'
374 3001 424 3054 ‘¹¹¹¹
438 2986 541 3083 “imm
558 2985 694 3038 mandem
709 2990 802 3081 &³²3
825 3074 829 3083 ,
981 2972 1001 3026 C
1015 3017 1190 3071 Clementem
1206 3017 1371 3081 llominnm,
1386 3017 1550 3086 pellendum
1567 3032 1636 3086 pace
1651 3015 1792 3086 periclum.

116 3075 155 3129 Ne
168 3079 265 3128 tamen
279 3074 334 3127 hoc
349 3078 447 3127 nostro
464 3073 630 3127 inlaudatus
643 3089 770 3127 cornuue
785 3073 889 3141 abires,
1016 3104 1122 3159 Lassati
1138 3106 1255 3159 tandem
1270 3122 1372 3159 somno
1386 3109 1553 3159 sternuntur
1568 3105 1664 3158 inerti·

115 3163 278 3232 Condiguas
291 3161 406 3216 tibimet
419 3162 547 3232 prompsi
563 3162 687 3215 carbone
701 3176 853 3215 camaenas.
1014 3195 1077 3263 lpse
1093 3194 1178 3247 etiam
1190 3194 1286 3264 justus
1301 3194 1429 3248 residens
1443 3194 1473 3247 in
1488 3210 1585 3264 puppe
1601 3193 1729 3265 quiescit·

117 3252 149 3305 Et
164 3250 267 3304 merito
284 3265 290 3302 Ξ
307 3248 375 3319 qnia
389 3248 474 3303 carbo
490 3264 587 3302 manes
602 3265 654 3319 per
668 3249 748 3302 saecla
763 3253 907 3319 perustum
1051 3284 1077 3335 9.
1096 3283 1137 3336 Ne
1153 3288 1248 3336 tamen
1275 3282 1425 3336 immensis
1445 3282 1606 3337 sebmersus
1621 3282 1650 3335 in
1667 3277 1781 3351 aequoris
1793 3290 1833 3328 uu·

115 3338 225 3407 Effussb
241 3351 330 3406 regna
343 3340 443 3405 parata
456 3340 557 3405 petens
572 3335 606 3388 ab
621 3335 732 3406 origine
747 3336 857 3392 mundi.
1253 3323 1260 3348 ’
1786 3362 1832 3436 [dis

116 3427 256 3481 Hactenus
270 3439 349 3493 ergo,
364 3424 457 3490 Pater,
473 3423 619 3476 communi
632 3423 804 3494 ingessimus
817 3423 891 3477 hosti

116 3512 232 3577 Probra,
248 3512 354 3581 alapas,
368 3510 453 3577 risus,
469 3509 536 3574 iras,
555 3510 712 3579 maledicta,
729 3511 891 3580 cachinnos,
1017 3546 1142 3616 lnclyms
1156 3545 1289 3599 aethmoe
1304 3561 1368 3599 mox
1385 3547 1485 3600 petrus
1498 3545 1622 3615 claviger
1637 3545 1711 3598 ΕΜ

116 3602 156 3654 Ac
172 3602 265 3668 sputa,
281 3614 339 3651 nou
355 3613 453 3651 versus
469 3596 608 3652 dedimus.
626 3600 707 3653 Nunc
721 3616 886 3669 quaesumus
900 3616 961 3654 om·
1015 3635 1050 3690 Se
1065 3634 1126 3687 sine
1141 3649 1199 3686 non
1212 3649 1311 3703 passus
1326 3635 1428 3686 fluetus
1446 3632 1587 3703 portarier
1601 3632 1665 3686 mos

117 3688 153 3742 Ut
164 3686 309 3758 quondam
323 3685 406 3756 pueri
418 3688 575 3756 protector,
590 3686 696 3758 ubique
711 3693 829 3742 tuorum
890 3686 961 3759 lues,
1015 3724 1047 3777 ln
1063 3721 1155 3793 puppi
1169 3722 1308 3775 recubum
1325 3722 1451 3775 stamma
1466 3737 1533 3775 voce
1546 3674 1675 3775 salman}

116 3774 268 3829 Servorum
283 3774 321 3827 sic
337 3774 374 3827 sis
389 3790 503 3845 semper
517 3775 635 3828 salvatio
650 3775 771 3831 salvans.

614 3863 619 3872 .
652 3862 657 3872 .
741 3863 746 3873 .
1015 3810 1112 3875 auoit,
1129 3810 1158 3863 iu
1174 3813 1253 3863 tanto
1267 3809 1393 3863 securior
1406 3810 1474 3863 inde
1489 3809 1596 3879 periclo

117 3862 215 3916 Pastor
230 3867 337 3927 noster,
354 3862 432 3928 ades,
446 3878 513 3932 grex
526 3862 725 3917 devotissimus
738 3873 790 3918 rste
804 3868 855 3930 est,
1015 3898 1167 3969 Naufragio
1183 3897 1268 3951 simili
1284 3898 1359 3967 quod
1371 3898 1464 3968 jactus
1488 3899 1529 3951 ita
1542 3913 1622 3951 orsus
1637 3895 1728 3950 amico
1742 3911 1748 3947 :

115 3950 246 4020 Protege,
263 3950 306 4003 fer
321 3965 429 4016 curam,
447 3951 565 4016 custodi,
583 3951 679 4021 dilige,
697 3968 777 4005 serva
1467 3937 1474 3962 ’

118 4038 175 4091 Nos
189 4036 224 4092 de
238 4037 321 4092 dente
337 4038 405 4109 lupi,
424 4040 511 4108 prisci
526 4038 561 4093 de
577 4039 657 4093 fauce
669 4039 810 4110 chelydri;

116 4126 160 4191 Et,
176 4125 244 4194 qnia
259 4129 285 4179 te
299 4125 404 4179 fretum
421 4126 534 4179 Domini
549 4126 653 4180 virtute
668 4127 795 4198 nequivit

66 4258 71 4267 .
116 4213 244 4278 Vincere,
263 4219 380 4283 terrere,
398 4218 589 4282 prosternere,
604 4213 718 4281 babere,
735 4230 850 4282 vorare3

119 4299 211 4368 Eripe,
229 4301 338 4365 Pastor,
355 4316 432 4367 oves,
447 4316 517 4370 quas
534 4301 564 4354 in
578 4317 706 4372 praesepe
720 4303 843 4356 verendo

118 4386 210 4439 Pascis
223 4386 258 4440 ab
273 4387 394 4454 insidiis,
408 4389 458 4459 qui
472 4390 567 4442 caulas
579 4390 679 4444 circuit
694 4391 769 4456 istas,

117 4474 156 4527 Ne
173 4475 318 4545 quondam
334 4492 386 4546 per
402 4482 428 4531 te
443 4477 532 4532 victor
546 4478 669 4532 vincaris
683 4479 718 4533 ab
733 4478 781 4532 illo
875 4484 878 4489 '

116 4561 148 4615 ln
163 4562 254 4628 uobis,
271 4563 294 4617 si
309 4580 362 4618 nos
376 4563 505 4619 imbelles
520 4566 636 4622 devoret
649 4567 748 4622 hostis.

1016 3460 1098 3513 Forte
1114 3457 1208 3511 minor
1222 3456 1343 3522 meritis,
1358 3457 1518 3528 charusque
1533 3457 1632 3510 lateret
1645 3456 1677 3510 in
1691 3454 1780 3520 astris;

1018 3989 1113 4041 Frater
1125 3988 1262 4051 amande,
1279 3991 1329 4039 tuo
1345 3986 1416 4055 Regi
1432 4002 1485 4056 per
1499 3985 1604 4040 saecula
1619 3986 1712 4053 chare,

1016 4077 1055 4130 Ne
1070 4075 1180 4142 timeas,
1198 4075 1265 4144 qnia
1278 4078 1361 4144 turpe
1376 4074 1427 4128 tibi
1438 4078 1480 4127 est
1494 4073 1624 4128 timuisse
1639 4074 1748 4127 timore.

1019 4165 1099 4224 Nam,
1117 4178 1282 4233 quanquam
1300 4162 1402 4216 tumidi
1418 4161 1555 4216 tollentur
1570 4162 1605 4216 ad
1621 4161 1726 4215 aethera
1741 4159 1825 4215 unctus,

983 4260 1004 4313 1)
1017 4253 1078 4304 Nou
1094 4256 1120 4304 te
1137 4251 1332 4321 submergent,
1347 4266 1398 4304 uec
1412 4267 1498 4316 ntrnc,
1515 4250 1695 4319 mihicrede,
1710 4245 1797 4321 peribis

1016 4340 1163 4408 luneque
1178 4343 1264 4391 naula
1278 4342 1356 4404 tirus,
1373 4337 1424 4408 qui
1437 4353 1561 4407 praesens
1575 4337 1691 4408 navigat
1704 4346 1794 4406 sequor.

1017 4427 1146 4491 llextera,
1164 4425 1213 4479 sed
1227 4426 1371 4495 qnondam
1386 4442 1451 4495 quae
1465 4441 1511 4480 me
1527 4441 1563 4479 ue
1580 4441 1724 4496 mergerer
1735 4418 1806 4481 undis.

1017 4513 1137 4583 Eripuit,
1154 4518 1182 4566 te
1198 4529 1274 4566 nuuc
1289 4513 1344 4567 isto
1360 4512 1524 4568 discrimine
1539 4514 1638 4568 salvat.

1016 4602 1077 4655 llox
1093 4616 1207 4671 qnoque
1223 4606 1322 4655 ventus
1336 4601 1405 4668 abit,
1421 4607 1576 4672 tempestas
1588 4603 1705 4672 pellitur
1719 4595 1800 4656 omnis}

152 4689 178 4741 8.
195 4687 314 4767 Navigio
330 4689 477 4759 qnondam
496 4691 625 4745 medium
645 4691 781 4746 sulcando
797 4708 850 4762 per
864 4708 962 4763 aequor
1017 4689 1204 4758 placaturque
1221 4691 1311 4742 salum
1327 4689 1383 4743 cito
1397 4690 1483 4745 missa
1496 4707 1565 4760 pace
1580 4707 1635 4761 per
1648 4704 1749 4762 aequor,

117 4774 191 4843 lbos,
207 4791 223 4828 o
239 4775 387 4830 benedicte
399 4778 491 4844 Pater,
508 4777 605 4832 diviua
617 4779 762 4833 monendo
1018 4777 1150 4847 Laetaquo
1163 4780 1231 4830 tunc
1244 4778 1375 4846 redeunt,
1392 4794 1457 4832 cnm
1471 4794 1527 4831 uox
1543 4779 1697 4834 tenebrosa
1710 4770 1801 4831 recedit

117 4862 208 4916 Verba
222 4863 310 4918 dabas
325 4864 429 4932 nantis,
447 4871 475 4918 et
489 4866 600 4919 semine
615 4871 712 4920 sancta
727 4866 840 4921 serebas
1017 4865 1177 4918 Incolumes
1193 4865 1264 4919 udas
1279 4870 1375 4919 nautae
1391 4867 1550 4920 celeranter
1562 4883 1665 4921 arenas

117 4952 172 5005 Per
186 4966 264 5005 mare
276 4950 472 5019 fluctivagum,
485 4968 578 5024 neque
590 4958 657 5007 tuuc
668 4955 812 5025 operando
823 4956 961 5010 vacabas:
1018 4952 1190 5022 Impressere
1207 4954 1265 5006 suis
1280 4954 1394 5024 plantis.
1410 4954 1546 5009 Celeuma
1563 4961 1709 5024 canentes,

117 5037 185 5091 Esse
199 5038 339 5094 imitanda
351 5040 394 5093 tui
411 5038 531 5094 credens
544 5041 675 5112 exempla
685 5043 821 5114 Magistri,
1018 5040 1089 5094 Voce
1106 5043 1162 5095 lieo
1177 5040 1329 5110 plandunt,
1345 5041 1503 5113 famulique
1519 5043 1549 5096 in
1564 5044 1698 5099 lendibus
1712 5037 1770 5098 almi
1875 5068 1877 5085 =

117 5125 172 5190 Qui
186 5126 333 5197 quondam
346 5127 475 5181 residens
489 5128 586 5182 turbas
601 5127 636 5182 de
650 5144 746 5200 puppe
761 5130 889 5187 docebat.
1018 5127 1305 5198 magnificantium,
1320 5146 1377 5200 qno
1392 5130 1575 5200 praecipiente
1590 5132 1723 5201 procella.
1875 5128 1877 5135 '

116 5212 231 5268 Talibus
247 5214 357 5269 intento
372 5215 470 5285 gestis,
485 5216 562 5270 velut
575 5219 636 5270 acta
652 5215 820 5287 loquuntur.
1019 5215 1170 5268 Cesserunt
1184 5215 1294 5283 validae,
1308 5221 1413 5286 pontus
1427 5219 1515 5285 stetit,
1532 5219 1611 5273 unda
1623 5218 1738 5291 quievit.

154 5474 167 5499 ⁸
180 5469 296 5528 Proreta
309 5475 445 5530 auteriori
462 5477 541 5531 navis
558 5478 631 5549 parti
648 5486 760 5549 praeest.
