3930 6098
103 225 154 303 res
669 227 838 285 arrasam
859 229 1125 288 sauctitassrs
1143 230 1289 288 sanans
1699 205 1702 209 ’
1802 232 1855 287 rsa

102 374 159 432 que
169 359 259 415 tribus
268 350 328 414 'iere
337 357 564 414 hebdomadibus
574 359 709 414 caecitatis
719 360 846 415 hinehris
857 361 950 417 adhuc
967 367 990 419 Α
1005 362 1231 417 sanctimonialis
1251 361 1323 434 ipsa,
1346 362 1422 418 inter
1440 363 1511 417 alios
1534 361 1586 434 qni
1608 365 1760 429 venerant,
1785 361 1853 417 bora

103 447 232 504 involuta
253 447 421 520 permansit.
441 451 545 503 annuo
569 453 665 504 antem
691 465 777 504 cursu
799 451 951 506 accedente
1006 450 1063 505 diei
1078 451 1159 522 qnasi
1183 457 1296 523 quarta,
1322 456 1387 507 ante
1410 450 1485 507 beati
1506 452 1559 506 viri
1583 451 1717 506 tumbam
1740 456 1853 505 oratura

102 536 266 604 testivitate,
279 554 336 609 qua
349 537 490 593 catholica
509 553 561 607 par
585 539 683 592 orbern
708 539 833 593 Ecclesia
860 537 952 593 sancti
1004 540 1208 611 prostemitur‚
1219 541 1317 612 ibique
1327 541 1535 612 aliquantisper
1546 540 1766 595 orandolamcn
1779 539 1851 610 quoti

104 625 226 696 Spiritus
240 625 363 680 adventu
379 627 542 692 taetatur‚in
558 625 680 681 Sabbata
695 627 771 697 quod
787 629 952 697 precedens
1006 630 1140 684 amiserat
1153 630 1270 700 recepit,
1287 631 1443 702 multisque
1456 631 1486 685 in
1503 646 1594 684 iinurn
1617 628 1851 683 convenientibus

104 728 166 768 enm
191 713 246 784 ipsi
261 730 376 785 quoque
403 714 545 780 imminet,
571 730 636 769 cum
671 714 826 770 miiititudo
850 716 952 787 populi
1005 718 1209 789 perspicuitate
1222 718 1309 788 hujus
1324 717 1455 773 miraculi
1477 733 1588 789 magnae
1607 717 1769 773 admodum
1782 716 1850 772 lati·

103 816 184 855 more
212 802 295 856 solito
327 801 466 856 orationis
493 819 579 858 causa
608 805 815 859 monasterium
847 805 951 874 adiret,
1007 806 1229 862 tioecaosaiuit.

760 1122 918 1198 ISONIS
947 1122 1205 1200 FORMULAE.

602 1275 692 1354 (Vide
706 1276 890 1358 Putrolopr'e
905 1288 975 1339 tom.
992 1277 1189 1352 LXXXVII,
1206 1279 1263 1340 col.
1277 1279 1361 1358 875.)

768 1587 854 1633 ΑΝΝΟ
878 1589 993 1635 DOMINI
1015 1589 1193 1635 uccctxxtt.

645 1761 1321 1940 GRIMALDUS
1391 1856 1394 1861 ·

742 2047 1048 2118 SANGALLENSIS
1071 2049 1215 2117 tuate.

484 2321 732 2424 LIBER
777 2317 1481 2429 SACRAMENTORUM

648 2502 686 2541 EX
706 2499 864 2542 erusteus
884 2499 928 2540 SS.
951 2499 1081 2541 PATEUH
1110 2498 1303 2540 exeamus

506 2612 593 2676 (spuo
602 2612 729 2662 iacobum
742 2610 900 2669 Pometiam,
911 2611 1061 2676 liturgicon
1073 2611 1196 2661 Ecclesia
1212 2610 1310 2660 ubam
1322 2616 1393 2661 tomo
1405 2611 1449 2671 ll.)

743 2873 940 2948 PAMELtt
975 2870 1215 2970 nostrus,

139 3153 215 3209 Libri
231 3153 392 3222 hujuscum
407 3151 580 3221 precedenti
599 3153 636 3219 (u,¹
656 3151 685 3206 in
701 3152 762 3207 baec
780 3151 867 3206 verba
891 3166 948 3205 me·
968 3149 1094 3214 BQuare
1107 3153 1183 3203 recte
1199 3149 1299 3203 sichac
1314 3149 1348 3203 de
1364 3164 1405 3216 re,
1421 3147 1470 3202 lib.
1487 3164 1508 3216 r,
1521 3164 1586 3219 cap.
1608 3150 1652 3213 tu,
1666 3145 1825 3202 Amalarius:

103 3223 188 3279 minit
202 3224 381 3293 micrologus,
398 3224 433 3277 de
449 3222 537 3276 dirius
551 3222 680 3288 Observ„
693 3238 755 3293 cap.
776 3223 819 3277 60.
837 3243 851 3271 s
872 3221 949 3276 Fecit
1006 3242 1016 3268 ι
1035 3220 1171 3276 Romanis
1193 3221 1233 3274 ita
1249 3219 1409 3290 agentibus,
1428 3218 1510 3273 nobis
1537 3232 1654 3291 quoque
1674 3220 1826 3288 preceptum

103 3301 200 3351 tamen
214 3294 290 3349 idem
303 3294 424 3348 Albinus
440 3294 469 3347 in
484 3299 582 3347 sancta
608 3293 729 3347 Ecclesia
744 3309 803 3346 non
822 3298 950 3347 contem·
1003 3296 1043 3344 cst
1057 3307 1074 3344 a
1089 3307 1163 3362 papa
1174 3291 1285 3344 Zosimo
1305 3291 1473 3344 benedicere
1488 3306 1613 3345 cereum.
1628 3311 1642 3339 a
1666 3292 1704 3345 Ac
1728 3288 1752 3343 si
1772 3287 1828 3342 dieat

103 3366 231 3420 nendum
256 3381 338 3434 opus.
355 3365 425 3419 Nam
446 3364 634 3432 Gregorianas
648 3364 793 3417 orationes
814 3363 844 3416 in
869 3362 949 3417 libris
1003 3366 1087 3415 antra
1102 3361 1219 3432 quidem
1233 3362 1331 3417 Romae
1346 3361 1373 3414 id
1390 3360 1539 3426 usitatum,
1555 3359 1758 3415 sedeZosimo
1774 3371 1828 3428 patu

103 3436 352 3490 Sacramentorum
375 3434 524 3504 collegisse
545 3433 690 3497 asseritur,
708 3433 805 3504 paucis
820 3433 883 3488 aliis
899 3432 949 3488 ad·
1003 3431 1032 3485 in
1049 3432 1112 3486 aliis
1129 3448 1243 3503 quoque
1269 3431 1404 3485 omnibus
1426 3431 1555 3486 Ecclesiis
1576 3431 1640 3486 fieri
1664 3431 1828 3486 decretum»

100 3504 779 3576 jectis,quastamensubobelonotandasesse
802 3503 947 3558 indicavit.
1004 3503 1108 3556 Verum
1137 3503 1190 3556 etsi
1215 3504 1273 3556 haec
1305 3509 1439 3576 παρεργῶς
1468 3502 1543 3556 dicta
1574 3502 1641 3567 sint,
1681 3498 1830 3556 confirmant

104 3575 212 3632 Deinde
236 3575 305 3629 alias
333 3574 476 3629 orationes
505 3572 563 3629 sire
600 3574 791 3645 prefationes,
816 3575 868 3628 etsi
890 3589 949 3629 non
1005 3574 1191 3644 tarnenquod
1213 3573 1337 3628 indicto
1363 3573 1481 3645 prologo
1500 3573 1597 3627 scribit
1616 3572 1830 3639 urinatores·

76 3692 84 3703 .
104 3646 303 3715 Gregorianas‚
318 3645 514 3700 ecclesiastica
530 3651 626 3700 tamen
647 3645 806 3700 celebritati
819 3645 949 3711 idoneas,
1004 3644 1124 3698 iustiora
1139 3660 1212 3714 pene
1231 3660 1292 3698 esse
1306 3644 1490 3714 Gregorianis
1511 3660 1575 3715 quae
1591 3644 1620 3697 in
1635 3644 1691 3698 hoc
1714 3659 1782 3713 opos
1798 3638 1830 3692 di-

104 3715 228 3788 collegit,
245 3716 319 3770 sicut
333 3717 470 3786 prologus
494 3722 623 3778 testatur,
650 3733 736 3788 quem
757 3722 820 3787 post
842 3717 948 3787 Grego·
1003 3714 1101 3779 gessit.
1123 3737 1131 3763 ι
1149 3715 1203 3770 Sed
1220 3715 1299 3785 quia,
1312 3715 1417 3785 inquit,
1437 3720 1504 3768 sunt
1517 3721 1546 3769 et
1560 3714 1616 3769 alia
1637 3714 1768 3786 quiedam
1781 3724 1831 3781 qut·

105 3789 199 3841 rianaa
214 3787 358 3841 orationes
372 3787 401 3841 in
417 3787 511 3842 medio
530 3787 657 3857 ejusdem
673 3787 739 3842 libri
760 3787 948 3842 collocarit.»
1002 3784 1057 3838 bus
1084 3785 1242 3839 necessario
1271 3793 1366 3839 sancta
1397 3785 1489 3839 utitur
1515 3784 1651 3849 Ecclesia,
1678 3800 1744 3856 que
1775 3783 1832 3858 iden

105 3859 245 3912 Hactenus
261 3858 327 3912 illc:
345 3858 394 3928 qui
409 3858 462 3912 atsi
477 3860 598 3913 Alcuino
621 3865 696 3927 tuam
727 3859 800 3913 idern
825 3859 874 3912 itte
901 3857 949 3911 Al·
1004 3857 1096 3921 Pater,
1113 3856 1149 3910 ah
1165 3856 1228 3909 aliis
1246 3855 1306 3927 jam
1322 3873 1384 3910 esse
1410 3856 1487 3910 edita
1507 3855 1673 3926 inspiciens,
1695 3860 1833 3926 presteras

103 3929 470 3984 cuinusAlhinusFlaccus
493 3930 723 3999 cognominatur)
752 3929 950 3992 ascribat‚nos
1004 3927 1050 3989 sit,
1073 3927 1179 3981 idcirco
1202 3943 1296 3996 operte
1318 3927 1445 3998 pretinm
1465 3927 1600 3981 duximus
1631 3942 1665 3980 ea
1688 3926 1832 3980 ruttttors

104 4005 199 4054 temen
224 4000 483 4054 vetustissimorum
506 4016 572 4054 mss.
599 4000 728 4054 codicum
752 4000 833 4070 sequi
862 3998 951 4054 fidem
1004 4004 1155 4067 pratorum
1175 4003 1327 4052 vernantes
1348 4012 1465 4067 carpere
1489 4003 1518 4053 et
1539 3999 1570 4053 in
1592 4013 1683 4052 unam
1706 3997 1831 4064 colligere,

22 4080 25 4084 ’
104 4070 272 4136 uialoimus3
288 4078 379 4140 potest
403 4073 481 4124 eninr
506 4070 534 4124 iu
551 4069 703 4138 liicrologo
727 4085 807 4124 error
831 4085 892 4124 esse
914 4069 950 4123 li·
1004 4071 1090 4138 atque
1105 4075 1232 4123 correcta
1254 4072 1281 4121 et
1306 4070 1467 4129 emendata,
1484 4068 1600 4139 suisque
1626 4069 1760 4139 capitulis
1779 4076 1831 4136 pra

104 4141 275 4202 brariorum,
292 4140 396 4212 quibus
410 4139 547 4196 Grimaldi
564 4156 664 4194 nomen
683 4146 744 4194 erat
758 4140 948 4211 incognitum.
1005 4144 1112 4202 notata,
1129 4139 1159 4192 iu
1175 4139 1262 4209 hujus
1276 4156 1396 4209 corpore
1417 4138 1523 4194 codicis
1544 4154 1676 4193 seorsum
1695 4135 1831 4210 ponenti

103 4211 166 4266 Sive
180 4211 294 4265 interim
312 4211 386 4276 huic,
410 4212 467 4264 sive
483 4211 524 4264 illi
547 4210 713 4277 ascribatur,
737 4210 852 4266 videtur
873 4215 950 4265 certe
1004 4207 1033 4261 in
1052 4209 1104 4262 hoc
1119 4225 1206 4280 opere
1216 4216 1318 4264 cuncta
1333 4211 1476 4264 inveniret
1490 4210 1604 4265 lectoris
1619 4209 1761 4264 industria
1771 4217 1828 4280 que·

34 4300 37 4305 ·
104 4281 140 4335 ad
156 4297 222 4335 euni
248 4281 375 4335 alludere
398 4283 569 4348 Amalarius,
599 4281 647 4335 lib.
672 4297 691 4346 1,
717 4284 830 4350 capit
851 4285 880 4335 et
904 4283 949 4335 24.
1005 4294 1128 4350 cumque
1144 4281 1247 4334 nostris
1262 4281 1442 4351 temporibus
1455 4280 1689 4335 necessariaesse
1704 4288 1828 4351 perspexi·

107 4351 197 4405 sl’ro
216 4351 277 4418 illo,
303 4351 406 4422 inquit,
431 4356 565 4421 precatur
589 4368 604 4405 a
627 4354 773 4406 secerdote
798 4352 827 4405 in
850 4351 949 4407 Sacra·
1006 4365 1079 4403 mus.
1096 4371 1110 4398 a
1127 4352 1159 4405 Et
1173 4357 1249 4405 certe
1275 4352 1486 4422 constathujus
1506 4352 1571 4406 libri
1596 4352 1759 4421 complures
1783 4358 1828 4399 ort·

105 4416 364 4477 mennrthzurat
380 4423 553 4477 immaculato
571 4423 679 4478 Domini
700 4425 786 4489 fontis
810 4428 895 4486 utero,
922 4424 952 4477 irs
970 4422 1098 4507 cilones
1126 4423 1338 4476 flaminicarum
1370 4427 1434 4492 post
1463 4421 1663 4494 Epiphaniam,
1692 4420 1791 4476 Pascha
1808 4415 1829 4463 tl

104 4507 203 4547 riorum
217 4498 312 4546 renota
327 4499 490 4560 meriturum,
505 4496 645 4562 properares
665 4495 775 4548 celestis
788 4499 949 4560 emersos.»
1006 4492 1202 4559 Pentecosten,
1230 4509 1262 4546 ex
1285 4494 1316 4547 ll.
1346 4493 1497 4547 Ambrosio
1524 4498 1678 4547 mutuatas.
1707 4493 1787 4547 Porro
1809 4485 1829 4533 tl

106 4562 203 4633 Neque
225 4563 301 4617 enim
332 4563 431 4632 priori,
450 4563 497 4618 sed
523 4564 575 4618 hoo
591 4565 663 4619 libro
687 4565 849 4619 continetur·
876 4563 951 4619 cerei
1007 4562 1062 4614 alio
1077 4562 1137 4616 loco
1153 4563 1253 4617 alludit
1270 4563 1305 4617 ad
1320 4564 1406 4631 hujus
1420 4564 1485 4618 libri
1501 4581 1563 4634 cap.
1591 4566 1642 4618 lot
1667 4559 1827 4618 amatarius:

106 4633 246 4703 paschalis
260 4635 445 4700 consecratio,
480 4635 561 4705 cujus
598 4635 683 4689 rerba
711 4635 797 4689 latius
827 4642 951 4705 utroque
1007 4632 1185 4700 «Habemus,
1199 4634 1303 4704 inquit,
1325 4635 1461 4705 scriptum
1488 4636 1516 4688 in
1533 4634 1660 4706 quodam
1684 4633 1829 4689 sacramen·

106 4704 338 4775 capiteexplicat.
354 4705 440 4775 Cujus
448 4706 521 4760 aden
532 4707 655 4776 primam
667 4706 877 4760 institutionem
889 4721 952 4775 per·
1004 4703 1078 4757 tario
1093 4703 1171 4774 quod
1184 4705 1276 4759 officia
1291 4713 1470 4759 mortuorum
1494 4705 1605 4775 agenda
1627 4705 1685 4758 sint
1701 4705 1774 4758 circa
1788 4703 1832 4749 1⁸¹⁴

5 4796 12 4816 .
105 4775 341 4846 paremquidam
354 4776 726 4846 Zosimopapreascrihunt,
749 4776 951 4849 cumjamdiu
1006 4774 1077 4827 tiam
1105 4775 1192 4838 diem,
1222 4782 1251 4828 et
1277 4777 1441 4845 septimam,
1471 4781 1499 4829 et
1527 4775 1717 4846 trigesimam.
1740 4793 1754 4825 s
1780 4767 1835 4849 9¹¹⁸

106 4849 202 4913 antea,
219 4851 248 4900 et
261 4846 291 4900 in
310 4846 453 4917 llispaniis
466 4847 640 4902 Prudentius
653 4848 774 4913 hrmno,
787 4863 842 4918 quo
855 4846 952 4902 etiam·
1005 4844 1092 4898 rerba
1108 4844 1209 4899 deinde
1227 4846 1345 4915 pulchre
1361 4851 1390 4899 et
1409 4848 1463 4900 late
1485 4845 1616 4916 explicat,
1632 4861 1666 4899 ac
1684 4833 1837 4898 anctoriltle

106 4932 176 4970 rrum
193 4917 311 4982 utimur,
327 4933 390 4970 carn
410 4918 606 4983 celebraverit,
626 4923 656 4971 et
669 4917 819 4973 ltediolani
837 4919 869 4973 ll.
887 4920 952 4971 Am·
1005 4913 1218 4986 Scripturarum
1232 4917 1408 4971 corroborat.

105 4986 218 5041 hrosins
232 4988 369 5058 peculiari
390 5004 506 5058 quoque
518 4988 593 5042 cerei
607 4988 809 5043 bencdictione
822 4989 860 5042 sit
872 5005 950 5042 usus.

142 5137 179 5206 (a)
201 5136 332 5218 lntcllige
354 5137 613 5192 sacramentarium
635 5138 853 5210 Gregorianum,
875 5138 952 5210 qaod
1005 5157 1068 5195 snm
1083 5143 1172 5197 exstat
1189 5141 1220 5195 in
1234 5140 1360 5196 editione
1375 5145 1472 5195 nostra
1486 5140 1615 5212 Operum
1638 5138 1730 5194 sancti
1752 5132 1846 5193 Gressl

105 5207 182 5276 apud
200 5209 359 5263 Pometiam
378 5208 451 5263 libro
466 5208 603 5263 Grimatdi
622 5210 809 5279 premittitur
825 5217 854 5265 et
870 5226 951 5265 recu·
1005 5212 1043 5266 rii
1057 5212 1161 5284 ltagni.
1178 5215 1238 5267 tom
1253 5213 1297 5266 tv,
1315 5213 1387 5266 Enrr.
1408 5213 1520 5266 Parnoi.

715 5421 1241 5471 ψ-
