3930 6098
627 245 735 303 mnan
754 242 1077 301 SACNAMENTORUN.
1675 253 1726 307 tta

358 378 442 434 xliii.
840 375 966 448 saeptis
984 378 1153 434 muneribus
1176 380 1282 451 gratiss
1303 381 1480 450 exhibentes,
1505 383 1643 439 benellcia
1668 400 1718 455 po·

199 503 227 541 rn
246 501 349 542 nerana
370 500 453 541 nurus
472 500 611 541 arumnis.
879 466 954 523 liora
967 482 1125 524 sumamus.
1142 470 1205 524 Per.

85 574 127 640 tta,
143 588 319 645 quesumus.
335 572 519 641 omnipotens
535 573 618 635 bears,
632 571 729 643 utqui
745 573 775 628 Β.
792 572 823 626 N.
1175 567 1273 650 [Super
1287 580 1426 648 populum,

85 661 112 717 is
127 661 169 716 tui
183 660 314 716 natalitia
326 661 458 725 colimus,
484 660 545 730 ejus
569 660 773 716 intercessione
795 662 825 714 in
915 662 999 717 Plebs
1013 666 1073 725 tua,
1096 664 1227 732 Domine,
1241 665 1356 720 letetur
1370 671 1485 722 tuorum
1502 670 1616 738 semper
1630 669 1660 724 in
1677 669 1727 724 bo·

85 749 157 806 niuis
172 764 269 804 amore
284 749 466 803 roboremur.
484 748 546 803 Per.
879 767 948 805 nore
973 757 1149 817 sanctorum,
1175 758 1207 807 nt
1230 768 1331 807 eornm
1351 754 1493 825 percipiat
1519 754 1725 811 intercessione

300 856 388 923 Super
401 853 503 908 oblato.
879 839 973 894 votiva
987 838 1126 906 subsidia,
1137 856 1261 911 qnorum
1277 841 1443 911 patrociniis
1458 842 1633 897 sublevatur.

85 941 174 997 eribus
188 941 317 1005 nostris·
329 956 506 1012 quaesumus,
524 941 654 1010 Domine,
677 940 824 1011 precibus·
1199 946 1245 1000 Ad
1264 947 1400 1015 vesperos.

85 1030 200 1101 scepsis,
224 1036 252 1085 et
278 1030 441 1085 celestibus
464 1044 516 1085 nos
537 1031 646 1085 munda
671 1029 824 1102 mysteriis,
913 1033 1008 1089 Sancti
1023 1033 1189 1088 contessoris
1203 1033 1245 1088 tui
1270 1035 1374 1088 Nuus
1394 1049 1571 1105 quesumus,
1593 1034 1724 1099 Domine,

85 1125 176 1174 tenter
190 1119 303 1174 exaudi.
327 1120 380 1174 Per
395 1120 561 1175 Dominum.
878 1125 958 1175 tuere
981 1120 1132 1192 presidiis,
1156 1121 1260 1192 atejus
1275 1136 1388 1193 semper
1403 1121 1655 1177 intercessionibus
1676 1121 1726 1177 ad·

246 1227 309 1281 Post
322 1226 552 1281 communionem.
875 1212 1019 1280 juvemur·
1035 1210 1089 1264 Pei
1103 1209 1279 1280 Dominu¹¹¹·l

85 1327 253 1384 quesumus,
270 1313 390 1368 Nomine
404 1316 477 1370 Deras
499 1317 606 1380 noster,
624 1316 655 1367 ut
668 1312 741 1367 sicut
755 1316 822 1366 tuo·
1272 1317 1329 1372 L11,

85 1401 330 1456 immemorationo
347 1407 522 1467 sanctornm,
547 1400 702 1472 temporali
722 1404 823 1471 gratu·
1017 1438 1045 1476 IN
1065 1437 1168 1477 Num
1188 1437 1363 1477 ,mmmm
1378 1436 1582 1477 mmmm

84 1488 187 1557 alticio,
202 1491 242 1545 ita
256 1495 395 1563 perpetuo
410 1492 544 1546 laetemur
557 1495 684 1562 aspectu.
703 1488 756 1544 Per
768 1489 821 1543 uo-

85 1597 99 1634 ι.
915 1528 999 1593 Deus,
1013 1527 1063 1599 qui
1079 1543 1131 1581 nos
1151 1531 1314 1581 sanctorum
1327 1526 1453 1593 tinorum
1469 1527 1500 1581 N.
1518 1532 1548 1582 et
1566 1527 1598 1581 N.
1614 1526 1725 1582 confes-

877 1615 1008 1670 sionibus
1021 1615 1152 1686 gloriosis
1172 1615 1331 1670 circumdas
1345 1618 1374 1670 ct
1395 1614 1533 1686 protegis,
1549 1613 1585 1669 da
1598 1614 1681 1669 nobis
1697 1613 1726 1669 in

878 1719 979 1759 eorum
989 1703 1148 1758 imitatione
1164 1703 1314 1775 prolicere,
1327 1709 1356 1758 et
1369 1703 1574 1759 intercessione
1587 1703 1723 1774 gaudere.

879 1793 932 1846 Per
945 1791 1100 1846 Dominum
1116 1797 1256 1846 nostrum.

1195 1898 1282 1967 Super
1296 1897 1403 1954 Oblata.

912 1985 1040 2057 Suscipe,
1065 1985 1194 2053 Domine,
1221 2000 1319 2057 preces
1333 1990 1362 2040 et
1387 2000 1519 2052 munera,
1543 2000 1609 2056 qne
1627 1987 1724 2039 nttno

877 2075 934 2129 sint
958 2073 1045 2145 digna
1069 2074 1245 2144 conspectui,
1268 2079 1433 2128 sanctorum
1452 2077 1568 2128 tuorum
1592 2071 1725 2143 precibus

878 2162 1055 2234 adjuvemur.
1073 2164 1127 2217 Per
1139 2162 1304 2218 [lominum.

277 1668 376 1739 [Super
384 1670 524 1739 poputum.
844 1668 864 1721 B

85 1757 171 1819 slua,
190 1755 319 1822 Domine,
341 1756 431 1811 sancti
454 1756 588 1827 martyris
604 1755 647 1809 tul
667 1757 700 1810 N.
716 1759 745 1809 to
760 1755 822 1826 glo-

85 1857 134 1897 ›na
148 1842 322 1914 magnittcet,
338 1851 366 1897 et
380 1844 481 1899 eodem
502 1859 618 1914 semper
631 1847 777 1914 precante,
795 1846 823 1897 te

85 1945 139 1985 nur
153 1930 259 1986 babere
274 1936 422 1986 rectorem.
440 1934 494 1988 Par
509 1932 674 1989 [lominum.

298 2038 346 2094 alat
363 2039 501 2108 Vesperos.

87 2125 162 2197 ,qui
180 2141 232 2180 nos
254 2127 283 2182 n.
308 2127 441 2198 martyris
457 2127 498 2183 tui
514 2127 546 2182 N.
564 2125 741 2182 confessione
757 2125 822 2195 glo-

85 2212 233 2269 :lrcumdas
255 2220 284 2268 et
306 2214 442 2286 protegis,
461 2214 497 2269 da
528 2213 621 2282 nobis,
645 2228 821 2285 quesumus,

85 2301 216 2358 litatione
239 2302 388 2374 proficere,
414 2308 442 2357 et
463 2303 591 2358 oratione
608 2302 744 2374 gaudere.
769 2301 822 2355 Per

85 2391 151 2464 nm]

1150 2271 1212 2325 Post
1232 2270 1447 2325 communiones.

911 2357 1048 2429 Corporis
1070 2357 1142 2411 sacri
1169 2362 1199 2411 et
1217 2356 1336 2427 pretiosi
1358 2354 1507 2426 sanguinis
1524 2353 1626 2426 repleti
1648 2353 1721 2408 liba-

384 2483 411 2537 L·
875 2445 965 2512 mine,
981 2461 1157 2517 quesumus,
1175 2444 1293 2501 Domine
1310 2445 1385 2499 Deus
1399 2447 1506 2509 noster,
1523 2448 1555 2498 ut
1580 2441 1657 2514 quod
1676 2441 1723 2513 pia

876 2535 1028 2591 devotione
1056 2533 1193 2606 gerimus,
1225 2538 1303 2588 certa
1331 2516 1530 2602 redemptione
1563 2530 1721 2602 capiamus.

139 2605 166 2642 ur
186 2604 287 2643 ueram
306 2604 482 2644 rnunrnoaun
503 2604 657 2645 ammana.
876 2625 939 2679 per.

85 2734 94 2763 ,
127 2693 178 2765 qui
205 2709 257 2748 nos
289 2694 421 2749 concedis
446 2699 631 2749 sanctorunm
658 2699 820 2764 martyrum
1179 2708 1430 2782 [Superpopurm

85 2805 100 2852 ι,
115 2787 144 2837 et
157 2783 189 2837 N.
205 2782 238 2837 N.
252 2783 382 2838 natalitia
392 2782 495 2850 colere,
512 2783 548 2838 da
565 2782 647 2837 nobis
662 2783 678 2853 li

85 2869 151 2927 dine
166 2871 201 2928 de
216 2887 316 2926 eornm
333 2873 466 2926 societate
481 2872 615 2944 gaudere.
631 2871 693 2926 Per.

680 2787 821 2838 “mem
909 2816 1011 2884 Tuere,
1037 2829 1210 2888 quesumus,
1237 2813 1367 2878 Domine,
1398 2812 1539 2883 poputum
1569 2817 1662 2878 tuum,
1694 2816 1722 2867 et

875 2904 994 2975 mystica
1010 2904 1120 2975 jugiter
1139 2901 1359 2975 participatione
1381 2904 1563 2969 renovatum,
1581 2904 1612 2954 et
1629 2900 1721 2954 conti-

339 2977 455 3032 Sttrtlss·
839 3007 933 3062 gnua
962 2999 1123 3047 sanctorum
1157 2990 1352 3044 confessorum
1386 2987 1596 3059 supplicatione
1623 2992 1720 3059 prote·

85 3095 124 3136 tra
137 3079 200 3144 tibi,
217 3080 349 3148 Domine,
364 3084 469 3135 nostre
483 3080 643 3135 devotionis
660 3079 818 3146 offerimus,
873 3085 961 3136 ctum.
978 3082 1031 3136 Per
1046 3079 1210 3135 Dominum.

92 3183 147 3239 pro
162 3173 277 3223 tuorum
289 3168 343 3222 tibi
358 3172 440 3239 grata
457 3168 516 3223 sint
532 3169 641 3222 honore
662 3168 817 3239 justorum,
1193 3166 1238 3222 Ad
1257 3167 1394 3236 Vesperos.

85 3256 256 3320 ssalutaria,
275 3261 301 3310 te
316 3256 480 3324 miserante,
497 3256 664 3311 reddantur.
681 3256 745 3311 Per.
908 3257 1076 3313 Sanctorum
1109 3255 1306 3310 contessorum
1339 3258 1453 3307 tuorum
1487 3267 1550 3316 nos,
1587 3247 1718 3313 Domine,

246 3363 309 3417 pose
322 3362 546 3418 communionem·
873 3360 1049 3418 quesumus,
1065 3344 1160 3399 foveat
1173 3342 1300 3413 pretiosa
1313 3339 1464 3408 confessio,
1488 3344 1517 3394 et
1540 3339 1588 3409 pia
1612 3335 1720 3407 jugiter

85 3473 114 3524 te
128 3468 222 3537 nobis,
239 3469 370 3538 Domine,
383 3484 560 3539 quesumus,
575 3468 818 3525 intercedentibus
872 3433 1039 3490 5⁰¹⁰¹⁰⁸⁵⁸i⁰
1052 3436 1177 3488 tumtur·
1194 3433 1248 3487 Pes
1263 3425 1440 3499 uminum-l
1504 3456 1506 3462 ’

95 3557 154 3612 tnis
175 3558 208 3612 N.
231 3562 258 3612 et
274 3558 305 3612 N.
323 3562 355 3612 nt
370 3573 433 3628 que
454 3573 502 3611 ore
525 3558 729 3629 contingimus,
746 3574 818 3629 pura
1260 3537 1331 3591 ΗΠ·

85 3643 239 3714 cepiamus.
254 3645 317 3699 Per.
1093 3640 1121 3680 ru
1141 3638 1246 3679 narina
1265 3638 1347 3678 nurus
1366 3636 1495 3677 arnorurs.

907 3716 989 3776 Deus,
1019 3713 1069 3784 qui
1096 3708 1172 3767 inte'r
1203 3717 1316 3776 cetera,
1346 3715 1411 3776 ete,
1427 3714 1459 3764 nt
1477 3723 1563 3779 supro
1590 3711 1620 3762 in
1647 3710 1716 3772 sesto

269 3748 369 3820 [super
383 3750 522 3820 populum
872 3808 971 3858 sanctae
981 3801 1106 3869 Anarta.

85 3840 121 3904 to,
137 3836 268 3904 Domine,
286 3838 392 3908 populo
410 3842 543 3892 tuocum
563 3841 727 3892 sanctornm
757 3843 818 3892 tue

85 3925 210 3981 ,trocinio
233 3926 420 3997 supplicanti;
437 3930 469 3981 ut
482 3925 559 3998 quod
582 3926 699 3998 propria
715 3925 819 3982 fiducia

85 4015 213 4082 assumit,
236 4015 456 4086 suffragantium
478 4014 587 4070 meritis
613 4019 814 4087 consequatur.

85 4118 201 4159 manum.

1256 3891 1281 3942 Α
1296 3890 1333 3942 to.

908 3976 1118 4050 indulgentiam
1134 3976 1227 4041 nobis,
1245 3889 1377 4043 liolrrine,
1391 3976 1421 4030 B.
1437 3974 1469 4029 N.
1490 3977 1599 4045 mamyr-
1613 3969 1716 4041 implo-

872 4072 926 4136 ret,
938 4083 1002 4139 quae
1017 4065 1071 4122 tibi
1087 4069 1168 4137 grata
1183 4080 1297 4136 semper
1311 4063 1418 4118 exstitit
1441 4067 1469 4117 et
1481 4061 1584 4116 merito
1600 4057 1717 4114 castita·

292 4191 339 4246 Aa
357 4193 496 4260 Vespero,
874 4156 910 4212 tis
924 4162 954 4212 et
963 4160 1020 4212 tue
1030 4155 1207 4226 professione
1220 4153 1345 4208 virtutis.
1362 4153 1423 4206 Per.

85 4278 147 4345 ede,
172 4294 348 4351 quesumus,
372 4279 554 4350 omnipotens
579 4280 662 4340 bens,
689 4284 721 4334 nt
749 4295 816 4333 san·
831 4296 859 4350 ,ῃ
1240 4259 1356 4315 Semta·

109 4372 268 4437 martyrum
288 4371 403 4421 tuorum
432 4368 464 4423 Ν,
493 4383 618 4438 quorum
641 4366 820 4421 emebmmus
910 4349 1026 4419 Suscipe
1041 4364 1171 4416 urunera,
1189 4347 1319 4409 Domine,
1336 4361 1400 4418 qne
1417 4345 1552 4400 iubente
1568 4344 1601 4399 N.
1618 4345 1721 4412 marty-

85 4471 116 4523 ra,
136 4455 341 4526 participemur
361 4460 389 4509 ει
410 4454 546 4527 proemjis,
568 4456 622 4509 p„
641 4453 818 4524 nominum]
872 4436 912 4491 ris
938 4439 996 4490 tue
1026 4435 1208 4491 solemnitate
1232 4434 1400 4501 deiecimus,
1429 4432 1511 4502 cujus
1536 4447 1588 4534 noe
1615 4430 1720 4485 scimus

374 4580 415 4634 LI·
873 4522 1032 4595 patrocinio
1048 4523 1175 4617 liberari.
1192 4526 1255 4580 Per.

1148 4629 1217 4683 Post
1229 4629 1453 4686 communionem.

171 4701 196 4739 ’Ν
216 4701 320 4740 mm*
339 4701 419 4740 [Μ’
438 4699 624 4740 ⁶⁰⁸⁸⁸⁸⁵⁰³¹⁵'
910 4716 1090 4771 nuntientur
1113 4715 1204 4782 nobis,
1234 4715 1365 4782 Domina,
1389 4718 1504 4785 sumpla
1523 4711 1668 4784 mysteria,
1692 4714 1722 4766 et

85 4801 257 4860 imum&
278 4786 462 4858 ⁰⁰¹¹¹5P⁰²0¹¹³
487 4787 572 4855 Deme
592 4791 623 4842 ⁰²
640 4787 671 4841 Β·
699 4787 730 4841 Ν·
756 4802 821 4841 ⁰⁰⁰·
875 4804 1069 4861 intercedente
1085 4805 1170 4859 beata
1184 4803 1216 4858 N.
1233 4807 1358 4874 martyro
1372 4806 1432 4869 tua,
1453 4801 1629 4873 sempiterna
1653 4814 1720 4871 pro·

85 4874 155 4929 .tni
182 4875 344 4930 veneranda
377 4874 554 4939 solemnitas,
584 4878 612 4928 et
639 4873 820 4935 devotionem
873 4889 1435 4950 meliongmnflsmenqperpompam

85 4967 185 5034 tugost,
201 4967 229 5017 et
244 4963 378 5018 salntem.
396 4964 459 5017 Per.
1176 4980 1274 5050 [Super
1285 4979 1425 5049 populum,

337 5069 454 5125 Secreto.
909 5070 988 5126 adsit
1002 5069 1080 5140 plebi
1095 5073 1161 5136 tue,
1182 5067 1366 5139 omnipotens
1386 5067 1471 5132 Deus,
1492 5065 1584 5121 beate
1601 5064 1721 5135 virginis

85 5156 165 5212 titoi
187 5173 247 5226 nos,
272 5172 449 5229 quesumus,
470 5156 601 5222 Domine,
625 5156 733 5220 ubique
747 5156 820 5211 taeti-
875 5165 932 5214 tue
957 5159 990 5214 N.
1012 5157 1193 5229 supplicatio,
1219 5161 1250 5211 ut
1278 5155 1358 5225 cnjus
1385 5152 1546 5209 honoribus
1570 5153 1720 5223 gloriatur,

88 5250 121 5300 ut
136 5245 206 5300 dum
229 5262 330 5300 eornm
345 5243 449 5300 merita
474 5245 637 5309 recolimus,
662 5244 823 5314 patrocinia
877 5253 1062 5318 protegamur
1075 5245 1189 5300 auxilio.
1207 5246 1261 5300 Per
1277 5243 1441 5298 ttominum.

85 5349 142 5388 ros.
159 5335 222 5389 Per.
1197 5332 1244 5387 Ad
1265 5332 1403 5400 Vesperos.

250 5423 313 5478 Post
325 5422 550 5479 communionem.
912 5419 1099 5492 Omnipotens
1114 5419 1287 5491 sempiterne
1302 5419 1386 5484 ilaus,
1403 5413 1629 5471 misericordiam
1643 5419 1723 5470 tuam

85 5515 129 5577 tta,
149 5525 324 5580 quesumus,
345 5510 529 5581 omnipotens
544 5511 629 5578 Deus,
645 5515 677 5564 nt
698 5509 733 5565 de
757 5525 822 5581 per·
877 5508 994 5564 ostende
1009 5507 1196 5580 supplicibus,
1211 5512 1243 5563 ut
1257 5506 1307 5579 qui
1323 5505 1358 5560 de
1375 5503 1545 5575 meritorum
1560 5506 1724 5558 nostrornm
