3930 6098
164 298 214 351 3οΊ
740 296 919 353 utilimum
938 295 1170 352 consulensis
1190 294 1344 367 trutinent
1861 299 1914 351 308

164 447 225 501 qua>
239 437 302 486 suut
322 435 351 485 in
370 431 465 484 ludeo
487 433 517 485 in
539 430 646 488 Christo
669 434 731 487 lesu
756 435 786 505 (I
802 435 878 488 Thes.
906 452 934 501 ιι,
956 435 1008 502 tt).
1028 433 1254 489 hSabbatorum
1271 432 1463 504 persingulas
1488 431 1682 486 hebdomadas
1705 430 1846 486 sacrificia
1868 448 1916 486 ce·

164 522 220 576 ista
240 523 336 576 dicens
360 521 485 574 ostendit
510 521 596 576 etiam
622 522 756 577 Ecclesias
779 525 955 579 credentium
974 525 1010 579 de
1064 522 1220 589 lebrentur,
1238 521 1291 576 hoe
1303 522 1333 575 in
1345 520 1517 576 Alexandria
1527 525 1555 574 et
1570 521 1661 576 Homa
1675 520 1802 592 quadarn
1820 520 1915 592 prisca

164 610 298 680 gentibus
320 626 378 663 non
402 610 530 681 ejusdem
559 628 619 665 esse
641 611 762 681 virtutis,
782 630 880 667 verum
905 614 1011 668 diversi
1063 610 1217 665 traditione
1251 627 1308 664 non
1340 610 1459 664 iaciunt.
1486 609 1607 680 AEgyptii
1641 625 1707 663 vero
1730 609 1915 664 Alexandriae

164 697 302 764 muneris,
325 714 358 751 ac
372 714 424 768 per
439 699 492 753 boe
508 699 626 753 diversae
648 717 764 771 qaoque
783 701 1008 756 consuetudinis.
1064 698 1160 764 vieini,
1185 705 1213 753 et
1234 698 1385 753 Thebaidis
1417 697 1599 762 halritatores,
1637 697 1758 752 Sabbalo
1795 698 1914 769 quidem

164 785 245 849 Ouod
261 786 347 840 etiam
364 787 463 841 beatus
490 788 679 859 Hieronymus
697 789 725 842 in
742 791 861 860 Prologo
876 790 1011 859 epistola·
1065 788 1196 841 collectas
1210 791 1311 858 egunt,
1328 787 1377 841 sed
1393 803 1452 840 uon
1468 789 1540 840 sieut
1563 785 1652 840 moris
1676 792 1719 840 est
1735 792 1916 841 sacramenta

164 888 230 926 rum
254 874 336 928 Pauli
367 880 495 942 testatur,
535 876 648 930 dicens:
677 878 737 931 Non
762 893 808 931 aas
826 877 956 933 ordinem
979 884 1012 933 nt
1064 875 1245 945 percipiunt:
1263 890 1329 928 nam
1354 880 1507 944 postquam
1530 873 1637 927 luerint
1652 873 1770 944 epulati,
1792 879 1820 927 et
1844 873 1916 927 cibis

165 962 367 1032 scriptresuat,
383 964 431 1018 sed
455 965 609 1035 quemdam
625 967 767 1036 graduum
791 972 887 1021 tenere
911 983 1012 1037 prove·
1066 964 1199 1017 omuibus
1223 962 1382 1033 adimpleti,
1404 963 1479 1017 eirca
1499 978 1647 1032 vesperam
1671 961 1816 1016 oblatione
1841 962 1916 1016 lacta

165 1056 263 1117 ctum;
282 1056 311 1105 ut
333 1054 460 1122 primum
486 1054 579 1107 locum
601 1054 731 1125 epistolae
753 1055 929 1123 contineant,
946 1072 1012 1127 qum
1066 1052 1290 1106 communicant.
1306 1054 1415 1107 Hursus
1438 1055 1537 1106 autem
1562 1051 1593 1104 in
1616 1050 1789 1105 Alexandria
1812 1055 1917 1121 quarta

165 1139 389 1194 missmiuerant
406 1141 599 1207 adHcclesias‚
616 1143 721 1214 quibus
747 1144 839 1197 minor
863 1144 1013 1197 observan·
1066 1144 1187 1195 etsexta
1207 1141 1278 1195 seria
1306 1139 1459 1210 Scriptores
1486 1140 1631 1209 leguntur,
1658 1155 1763 1208 easque
1784 1139 1917 1193 ductores

166 1227 634 1285 tiredoctrinaveluit-tusinerat.
658 1231 779 1285 Hediuru
797 1249 862 1286 rero
884 1237 1011 1296 teneant,
1066 1229 1311 1300 interliminium
1341 1233 1369 1282 et
1398 1228 1496 1282 omnia
1520 1229 1594 1282 hunt
1628 1234 1732 1299 preater
1756 1229 1916 1281 solemnem

167 1331 233 1385 quse
249 1316 343 1370 missae
357 1318 471 1371 lucrant
495 1317 540 1372 his
554 1336 619 1390 quae
640 1322 698 1390 jam
724 1320 759 1373 ab
779 1319 868 1374 initiis
889 1336 1013 1374 recesse-
1068 1316 1203 1372 orationis
1219 1333 1341 1371 morem.
1359 1340 1372 1365 a
1389 1317 1459 1371 ltem
1482 1317 1575 1370 inira:
1592 1338 1605 1365 a
1621 1317 1652 1371 ln
1673 1317 1771 1370 eadem
1794 1315 1918 1369 Alexan·

167 1410 242 1472 rant,
265 1406 384 1459 necdum
412 1411 508 1460 tarnen
533 1409 716 1477 perfeetionis
746 1411 860 1463 culmen
884 1410 1013 1463 obtinue-
1068 1407 1130 1461 dria
1144 1408 1276 1471 lectores,
1298 1412 1326 1460 et
1340 1406 1443 1476 psalmi
1457 1405 1702 1476 pronuntiatores,
1718 1403 1920 1459 indillerenter

168 1499 243 1547 rant.
258 1494 396 1548 Ultimum
411 1511 565 1566 vero‚qum
581 1497 672 1551 missae
694 1498 808 1552 fuerant
830 1497 1014 1568 perfectionis
1068 1497 1152 1563 tium,
1175 1495 1233 1548 sive
1258 1493 1466 1560 catechumeni,
1497 1494 1556 1548 sive
1576 1495 1636 1563 jam
1660 1492 1824 1558 Christiani,
1846 1492 1919 1548 dum

168 1581 289 1650 gradum
302 1582 506 1653 obtinentibus,
519 1592 649 1656 qnaetam
661 1586 786 1642 scientiae
803 1603 889 1658 quam
903 1587 1015 1641 virtutis
1068 1601 1168 1638 omnes
1183 1584 1314 1638 Ecclesiae
1326 1583 1386 1653 jam
1406 1582 1505 1637 fideles
1525 1582 1554 1636 in
1570 1582 1614 1636 his
1637 1583 1788 1637 ordinibus
1809 1568 1919 1637 habere

169 1670 325 1725 eminentia
340 1674 556 1743 praepollebant,
571 1680 601 1729 ut
614 1675 689 1729 inlra
704 1693 733 1730 se
751 1677 868 1745 multos,
884 1693 971 1746 supra
985 1692 1015 1729 se
1068 1673 1228 1727 videantur.
1247 1673 1305 1742 Ego
1328 1689 1443 1743 quoque
1463 1671 1585 1741 cognovi
1610 1672 1640 1725 in
1660 1672 1805 1727 Thessalia
1830 1672 1919 1727 aliam

168 1773 235 1812 vero
253 1761 346 1814 nullos
363 1762 510 1816 baberent.
527 1764 608 1827 Qiiod
626 1764 748 1818 enimin
771 1764 815 1819 his
829 1769 1014 1832 monstratur,
1069 1760 1327 1815 consuetudinem:
1346 1760 1416 1814 dum
1440 1759 1558 1831 quidam
1584 1759 1703 1812 clericus
1724 1765 1789 1814 ante
1803 1759 1922 1813 clerica-

170 1847 224 1900 nisi
248 1864 369 1918 quarum
394 1857 455 1904 erat
482 1851 644 1906 differentia
669 1852 835 1907 inscientia
858 1859 886 1907 et
910 1854 1015 1907 virtute
1070 1849 1270 1920 tumlegitime
1290 1848 1418 1902 duxisset
1440 1863 1569 1912 uxorem,
1591 1847 1658 1918 quia
1678 1863 1791 1901 cumea
1815 1846 1921 1901 mistus

170 1931 372 1999 Ecclesiarum,
384 1950 483 1988 earum
497 1952 612 2006 quoque
628 1953 685 1991 non
699 1937 798 1991 eadem
810 1942 883 1991 esset
898 1953 1016 1991 consue·
1070 1938 1158 1992 lnerit
1176 1943 1240 2008 post
1253 1939 1428 2002 clericatum,
1440 1936 1586 1990 abdicatus
1597 1941 1639 1989 est
1651 1955 1658 2003 3
1672 1935 1741 1989 dum
1757 1935 1787 1989 in
1800 1936 1921 1991 Oriente

169 2020 238 2072 tudo
266 2021 425 2087 religionis.
450 2023 596 2092 Siquidem
621 2025 704 2094 longe
728 2025 810 2079 aliter
831 2042 860 2079 se
879 2026 1017 2096 gerebant
1070 2026 1165 2080 cuncti
1182 2031 1339 2096 spontanea
1356 2026 1617 2091 voluntate,etnon
1632 2024 1920 2095 aliquanecessitate,

171 2107 220 2175 qui
234 2106 437 2177 Hierosolymis
452 2109 565 2163 fuerant
587 2112 778 2166 communiter
792 2112 928 2181 viventes,
944 2118 972 2168 et
987 2115 1017 2168 in

169 2194 292 2248 faotione
316 2197 399 2264 panis
413 2199 669 2267 communicantes,
690 2206 719 2255 et
742 2202 871 2255 oratioue
886 2219 1016 2273 persera-

170 2289 275 2349 rautes,
293 2284 362 2338 nihil
378 2287 530 2356 proprium
546 2288 742 2357 possidentes:
758 2296 843 2360 atque
860 2291 944 2361 longe
964 2290 1017 2344 ali-

170 2377 223 2438 ter,
240 2373 289 2443 qui
305 2390 356 2427 sira
371 2391 434 2444 quaa
458 2378 646 2445 possederant
669 2378 834 2444 retinentes,
859 2381 1016 2435 secundum

170 2460 292 2529 gratiam
308 2462 362 2514 sibi
374 2463 508 2517 divinitus
520 2464 693 2536 impertitam
707 2467 891 2537 Evangelium
903 2469 1016 2552 christi,

171 2546 237 2612 vita,
264 2548 401 2615 moribus,
434 2556 461 2605 et
480 2551 537 2605 lide
570 2554 820 2610 commendabant.
846 2557 923 2610 luter
945 2572 1017 2626 quos

171 2636 328 2705 plurimum
351 2640 462 2693 extollit
486 2642 638 2710 Apostolus
658 2643 929 2708 Thessalonicenses,
957 2644 1017 2714 qui·

171 2722 225 2777 bus
238 2724 374 2779 donatum
389 2733 431 2781 est
446 2733 477 2781 ut
491 2730 591 2783 eadem
606 2736 773 2801 paterentur
784 2750 800 2786 a
810 2731 1017 2787 contribulibus

172 2811 240 2877 suis,
257 2827 321 2881 qma
336 2813 412 2884 passi
436 2821 503 2869 sunt
525 2823 554 2870 et
577 2818 606 2872 hi
624 2819 674 2889 qui
698 2820 900 2891 Hierosolymis
920 2836 1015 2874 mora·

172 2897 276 2952 bantur
291 2917 306 2952 a
320 2901 434 2956 ludaeis.

1071 2116 1158 2169 etiam
1174 2115 1300 2185 episcopi
1324 2115 1492 2184 semetipsos
1513 2113 1686 2167 abstineant.
1703 2113 1824 2167 Plurimi
1840 2113 1922 2166 enim

1071 2220 1171 2258 eorum
1186 2203 1272 2256 etiam
1287 2203 1467 2273 episcopatus
1488 2206 1617 2271 tempore
1633 2218 1665 2255 er
1687 2202 1814 2272 legitima
1830 2217 1922 2255 uxore

1071 2293 1157 2346 etiam
1173 2292 1247 2346 lilios
1260 2292 1431 2346 habuerunt.
1449 2293 1506 2345 Hoc
1521 2307 1636 2361 quoque
1651 2291 1681 2345 in
1695 2290 1842 2346 Thessalia
1856 2305 1921 2344 ser-

1071 2382 1130 2435 vari
1145 2381 1274 2451 cognovi,
1299 2380 1435 2451 quoniam
1458 2380 1536 2449 apud
1556 2396 1604 2433 eos
1629 2379 1657 2434 in
1682 2380 1782 2434 diebus
1801 2380 1922 2435 Paschae

1071 2470 1269 2525 tantummodo
1294 2469 1477 2539 baptizatur:
1502 2473 1677 2539 quapropter
1707 2467 1825 2538 plurimi
1857 2468 1922 2522 sine

1070 2558 1240 2629 baptismate
1262 2559 1434 2612 moriuntur.
1452 2558 1482 2611 ln
1509 2557 1660 2611 Antiochia
1675 2572 1741 2610 vero
1765 2555 1855 2626 Syriae
1875 2558 1922 2610 al-

1070 2654 1132 2703 tare
1147 2664 1204 2702 uon
1226 2648 1260 2700 ad
1276 2647 1424 2701 Orientem
1449 2646 1588 2710 Ecclesiae,
1606 2645 1655 2700 sed
1680 2646 1771 2716 magis
1785 2645 1822 2699 ad
1839 2645 1923 2701 Occi·

1072 2738 1186 2792 dentem
1206 2737 1322 2791 habent.
1340 2737 1370 2791 ln
1396 2735 1522 2801 hellada,
1551 2734 1764 2805 Hierosolymis,
1787 2739 1817 2788 et
1836 2734 1924 2789 Thes-

1070 2825 1141 2879 salia
1156 2826 1191 2879 ad
1208 2829 1321 2894 tempus
1335 2824 1529 2894 vespertinum
1546 2823 1689 2877 orationes
1704 2823 1812 2876 similes
1827 2823 1923 2876 Nova-

1071 2914 1154 2969 tianis
1169 2912 1447 2984 Constantinopolim
1460 2911 1629 2984 degentibus
1644 2912 1760 2965 babent.
1776 2910 1808 2964 ln
1824 2911 1922 2966 Caesa-

208 2987 246 3040 lle
271 2987 349 3041 varia
373 3007 489 3063 quoque
517 2993 706 3049 Ecclesiarum
737 2996 944 3051 consuetudine
968 2997 1014 3051 So·
1036 3019 1119 3080 crea
1134 3001 1330 3073 Cappadocia,
1347 3006 1376 3055 et
1388 3002 1491 3072 Cypro,
1514 3001 1560 3055 die
1583 3000 1699 3056 Sabbati
1724 3005 1751 3053 et
1770 3000 1922 3054 [dominico

171 3081 261 3130 orales
277 3077 307 3131 in
331 3079 453 3135 Historia
472 3082 661 3138 ecclesiastica
682 3086 740 3155 (lib.
767 3102 795 3148 v,
818 3101 877 3154 cup.
907 3087 954 3154 tl)
977 3085 1017 3138 sic

170 3164 318 3235 loquitur:
333 3168 438 3232 «Quod
454 3186 521 3224 vero
537 3188 571 3226 ex
588 3176 794 3228 consuetudine
818 3175 943 3246 quadam
967 3193 1019 3245 per

170 3254 332 3322 provincias
362 3256 521 3312 celebratur
553 3261 668 3325 Pascha,
702 3262 768 3316 hinc
798 3264 909 3318 aestimo
941 3266 1018 3336 quod

171 3343 251 3395 nulla
267 3343 369 3412 religio
388 3346 502 3399 easdem
526 3347 655 3402 videatur
678 3366 790 3405 servare
813 3353 1016 3408 solemnitates.

174 3429 244 3482 Nam
259 3447 323 3482 cum
341 3432 426 3485 unius
441 3433 498 3486 sint
512 3435 590 3501 lidei,
606 3437 731 3506 plurima
746 3444 841 3492 tamen
861 3441 1020 3512 disponunt

173 3516 245 3569 circa
266 3519 373 3572 Pascha
400 3520 546 3591 legitima;
582 3526 658 3579 uude
682 3543 773 3597 pauca
797 3528 917 3583 dicenda
941 3537 1016 3584 sunt.

174 3605 244 3658 Nam
260 3605 290 3659 in
305 3606 374 3676 ipsis
388 3609 506 3679 jejuniis
518 3612 600 3667 aliter
615 3615 689 3684 apud
706 3617 778 3670 alios
795 3617 905 3671 invenis
925 3618 1020 3673 obser-

171 3692 251 3748 vari:
276 3695 398 3750 Humani
421 3699 498 3753 enirn
531 3717 579 3756 sex
604 3710 669 3757 aute
702 3706 808 3759 Pascha
832 3707 1016 3777 septimanas,

171 3788 275 3852 praeter
296 3786 483 3854 Hominicam,
499 3791 552 3844 sub
563 3792 778 3848 continuatione
791 3797 934 3866 jejunant.
952 3799 1018 3869 llly-

170 3871 221 3924 rici
236 3888 303 3927 vero
326 3881 355 3929 et
372 3880 430 3931 tota
448 3878 550 3947 Hellas,
575 3881 747 3936 Alexandria
762 3900 876 3954 quoque
892 3892 957 3940 ante
970 3903 1018 3940 sex

171 3961 344 4030 septimanas
356 3963 509 4034 jejunant,
535 3984 625 4038 eaque
637 3970 749 4040 jejunia
764 3971 1018 4044 Quadragesimam

171 4055 282 4104 vocant.
306 4051 363 4105 Alii
386 4068 453 4106 vero
486 4062 549 4109 ante
579 4064 688 4126 septem
719 4060 824 4113 Pascha
846 4062 1019 4131 septimanas

167 4137 346 4206 jejuniorum
363 4139 455 4196 faeere
470 4150 626 4198 nascuntur
641 4146 732 4202 initia.
749 4169 762 4195 u
782 4150 813 4202 Et
831 4155 1016 4220 postpauca:

131 4287 136 4296 Ι
173 4225 255 4278 «Sed
277 4226 363 4281 etiam
387 4230 514 4285 ciborum
530 4232 732 4289 abstinentiam
757 4252 814 4290 non
834 4236 957 4291 similem
970 4239 1019 4292 ha-

1071 3093 1145 3146 cirea
1167 3107 1314 3161 vesperam
1330 3106 1393 3143 cum
1415 3089 1582 3143 lucernariis
1600 3087 1726 3160 episcopi
1746 3094 1834 3160 atque
1857 3104 1922 3158 pre·

1072 3180 1176 3250 sbyteri
1191 3178 1351 3250 Scripturas
1374 3178 1606 3248 interpretantur.
1622 3178 1653 3230 ln
1670 3176 1840 3232 Alexandria
1856 3192 1922 3246 pre·

1072 3269 1170 3338 sbyter
1192 3284 1250 3321 uon
1275 3267 1342 3321 lacit
1375 3282 1557 3333 sermonem;
1593 3271 1622 3320 et
1643 3265 1704 3320 haec
1731 3282 1776 3319 res
1803 3264 1922 3319 initium

1072 3356 1180 3426 accepit
1198 3371 1231 3411 ex
1252 3371 1308 3426 quo
1324 3354 1407 3408 arius
1426 3353 1580 3407 Ecclesiam
1603 3353 1793 3407 conturbavit.
1820 3353 1922 3407 Hamae

1073 3443 1194 3498 Sabbata
1213 3443 1344 3497 universa
1364 3443 1506 3512 jejunant.
1527 3443 1558 3496 ln
1583 3443 1710 3497 Caesarea
1731 3441 1921 3512 Cappadociae

1072 3531 1184 3603 eosqui
1211 3537 1277 3601 post
1300 3531 1442 3600 baptisma
1470 3530 1651 3600 delinquant,
1674 3547 1691 3584 a
1713 3530 1923 3584 communione

1072 3621 1259 3691 suspendunt.
1276 3618 1426 3674 Noratiani
1450 3620 1523 3673 eirea
1547 3619 1699 3691 Phrygiam
1714 3618 1839 3672 binubos
1861 3634 1923 3673 non

1073 3709 1224 3778 recipiunt.
1242 3708 1518 3778 Constantinopolim
1535 3724 1612 3774 vero,
1626 3723 1719 3778 neque
1732 3712 1832 3777 aperte
1848 3708 1921 3761 reci·

1072 3797 1166 3868 piant,
1191 3812 1284 3866 neque
1308 3797 1399 3865 palam
1424 3812 1572 3849 removere
1595 3801 1769 3850 nuscuntur:
1785 3794 1818 3849 in
1843 3795 1923 3849 ocei-

1073 3885 1236 3939 deutalibus
1248 3900 1315 3937 vero
1331 3883 1459 3954 partibus
1475 3889 1571 3954 aperte
1587 3884 1738 3954 recipiunt,
1752 3906 1762 3932 ι

1109 3975 1236 4044 Longum
1251 3972 1301 4027 liet
1315 3971 1338 4027 si
1363 3978 1464 4027 cuncta
1487 3974 1659 4027 voluerimus
1684 3974 1832 4043 colligere,
1854 3991 1922 4046 quae

1072 4060 1273 4130 perEcclesias
1292 4066 1351 4114 toto
1377 4061 1445 4114 orbe
1469 4061 1618 4131 dispositas
1644 4061 1793 4132 multiplex
1824 4063 1922 4117 varie-

1073 4153 1114 4203 tas
1129 4151 1278 4203 observare
1302 4150 1489 4218 dignoscitur,
1514 4151 1556 4203 vel
1583 4150 1740 4220 antiquitus
1755 4150 1922 4206 observasse

1072 4238 1307 4308 deprehenditur.
1332 4237 1386 4292 Sed
1415 4238 1536 4292 suflieiat
1558 4239 1612 4292 ista
1636 4238 1759 4292 breviter
1773 4254 1810 4292 ex
1836 4239 1924 4294 utrius

170 4310 257 4365 beat:
274 4316 404 4369 namatii
427 4318 544 4372 omnino
568 4324 604 4374 ab
629 4323 761 4376 animatis
782 4325 953 4393 observant3
969 4327 1017 4380 alii
1037 4322 1218 4397 Dscriptoris
1240 4326 1360 4380 historia
1384 4327 1540 4397 collegisse.
1567 4335 1595 4380 et
1618 4326 1671 4380 boc
1694 4326 1803 4381 Graeci:
1825 4334 1925 4399 quate·

170 4401 361 4456 animantium
385 4406 477 4477 pisces
502 4409 682 4466 solummodo
705 4415 877 4480 comedunt;
900 4414 1017 4484 quidam

170 4504 234 4542 cram
251 4491 376 4559 piscibus
400 4502 552 4551 vescuntur
574 4505 602 4554 et
616 4502 788 4565 volatilibus,
809 4502 935 4556 dicentes
958 4504 1018 4557 haec

170 4576 325 4631 seeundum
345 4579 459 4652 Hoyseu
476 4599 508 4637 ex
524 4600 597 4657 aqua
618 4587 725 4643 habere
744 4589 952 4657 substantiam3
969 4591 1017 4644 alii

169 4679 236 4718 vero
261 4666 346 4722 etiam
368 4671 497 4725 caulibus
521 4679 549 4728 et
578 4676 638 4730 ovis
670 4677 811 4732 abstinere
839 4684 1015 4733 noscuntur:

168 4753 284 4822 quidam
305 4756 378 4810 sicco
401 4764 513 4815 tantum
543 4779 617 4833 pane
641 4771 816 4834 vescuntur;
850 4766 899 4821 alii
922 4783 1016 4838 neque

168 4839 239 4892 bos:
272 4841 321 4895 alii
358 4859 448 4915 usque
481 4862 586 4901 nonam
611 4850 777 4920 jejunantes
814 4853 924 4920 horam,
954 4855 1016 4906 sine

167 4927 339 4984 discretione
368 4932 498 4988 ciborum
526 4936 705 4993 relieiuntur.
736 4940 768 4994 lit
790 4940 1016 4995 innumerabiles

167 5020 390 5074 consuetudines
412 5023 488 5092 apud
519 5024 646 5081 diversos
674 5028 869 5083 inveniuntur.
896 5031 929 5085 Et
948 5031 1015 5101 quia

167 5105 247 5160 nulla
266 5107 350 5162 lectio
364 5125 397 5162 ex
417 5110 470 5164 hoc
493 5112 639 5168 invenitur
655 5119 785 5186 antiqua,
808 5124 879 5188 pulo
903 5125 1016 5189 aposto-

168 5193 209 5244 los
228 5191 407 5263 singulorum
432 5196 486 5250 hoc
509 5199 658 5269 reliquisse
684 5203 845 5271 sententiae,
873 5208 905 5260 ut
928 5221 1014 5259 unus·

168 5279 289 5349 quisque
302 5290 439 5352 operetur
462 5301 520 5339 non
542 5287 656 5357 umore,
669 5307 726 5345 non
742 5294 921 5360 necessitate,
936 5296 1014 5365 quod

167 5367 274 5421 bonum
299 5377 352 5424 ost.
376 5372 430 5427 Sed
454 5373 541 5429 etiam
563 5376 637 5430 circa
662 5380 856 5435 celebritatem
884 5383 1014 5436 collecta·

166 5469 231 5508 rom
256 5459 388 5528 quiedam
413 5461 562 5518 diversitas
596 5466 748 5523 invenitur.
775 5470 845 5525 Nam
864 5469 933 5524 dum
961 5486 1013 5540 per

167 5542 303 5599 Ecclesiae
317 5546 347 5600 in
365 5549 496 5605 universo
518 5557 659 5609 terrarum
685 5557 753 5612 orbe
770 5558 948 5624 constitutas,
965 5559 1013 5613 die

1074 4432 1126 4468 uus
1142 4415 1331 4485 imperatores
1347 4414 1510 4484 intelligant
1524 4415 1688 4470 Graecorum
1702 4430 1789 4485 quam
1803 4415 1923 4486 injuste,

1073 4520 1158 4573 quam
1183 4489 1324 4572 'imperite
1354 4503 1498 4557 Romanos
1525 4503 1707 4574 redarguant,
1742 4505 1824 4572 quod
1856 4521 1925 4558 suas

1071 4592 1291 4645 consuetudines
1312 4606 1363 4660 per
1395 4590 1492 4643 omnia
1522 4606 1582 4643 nou
1615 4591 1779 4643 observent.
1812 4591 1926 4662 Cogant

1071 4696 1140 4749 ergo
1173 4679 1338 4732 universum
1370 4678 1558 4733 Ecclesiarum
1593 4678 1696 4733 Christi
1730 4694 1838 4749 eorpus
1860 4685 1924 4734 toto

1070 4768 1137 4821 orbe
1153 4767 1287 4821 diffusum
1312 4766 1341 4819 in
1369 4783 1486 4820 suarum
1511 4767 1587 4836 leges
1614 4766 1871 4835 consuetudinum,
1897 4774 1926 4823 et

1070 4860 1131 4908 turn
1143 4856 1166 4909 si
1190 4856 1286 4908 valent
1303 4854 1446 4908 Romanos
1468 4855 1625 4925 dijudicent
1644 4871 1730 4925 super
1751 4871 1813 4910 suae
1829 4857 1924 4913 varie·

1069 4948 1127 4998 tate
1152 4942 1317 5013 religionis,
1342 4943 1419 5014 quod
1438 4943 1794 5014 aConstantinopolitana
1815 4945 1924 5001 diversi

1070 5033 1220 5086 videantur
1239 5033 1339 5087 baberi
1364 5033 1581 5086 consuetudine.
1607 5038 1649 5087 An
1674 5043 1751 5086 certe
1774 5034 1924 5090 doctiores

1069 5126 1135 5174 suut
1150 5121 1295 5192 apostulis,
1312 5127 1362 5175 aut
1385 5137 1419 5175 ex
1445 5121 1629 5191 antiquorum
1651 5121 1772 5176 lectione
1799 5131 1924 5193 possunt

1069 5209 1218 5263 ostendere
1233 5225 1313 5263 snam
1329 5208 1472 5281 potiorem
1491 5210 1552 5263 lore
1576 5210 1705 5263 Humana
1726 5213 1922 5268 consuetudi-

1067 5296 1157 5350 nem‘l
1185 5296 1437 5367 Historiographus
1463 5297 1607 5367 siquidem
1642 5298 1758 5352 illorum
1783 5305 1921 5371 testatur,

1067 5383 1247 5454 singulorum
1262 5384 1318 5438 hoc
1331 5384 1482 5455 reliquisse
1497 5385 1647 5440 sententire
1663 5394 1776 5442 sanctos
1798 5397 1921 5460 aposto-

1066 5472 1121 5540 los,
1152 5477 1185 5526 ut
1205 5472 1402 5543 unusquisque
1427 5488 1485 5527 nou
1510 5473 1623 5540 timore,
1656 5491 1715 5529 non
1734 5479 1919 5546 necessitate,

1067 5559 1141 5630 quod
1158 5561 1266 5615 bonum
1282 5565 1324 5613 est
1339 5569 1491 5630 operetur;
1507 5562 1554 5615 sed
1573 5563 1663 5630 magis
1680 5565 1806 5634 proprios
1821 5567 1920 5621 volun·
1956 5600 1960 5617 .
