3930 6098
104 251 157 305 855

672 249 840 306 Gilllldblll
860 249 1124 309 SANGALLENSIS
1141 252 1288 309 ABBATlS

1801 256 1846 311 856

105 390 152 442 tus
166 386 257 443 sancti
270 388 415 458 percepto,
447 388 593 454 sequatur.
627 385 680 439 Per
708 384 861 440 bominum
891 400 946 440 no·
964 387 1091 456 Arabet,
1108 387 1226 444 territus
1240 388 1332 457 abeat,
1347 388 1640 456 strictusabscedat,
1658 387 1772 461 tibique
1788 406 1844 461 pos

106 480 211 531 strum.

472 560 582 616 cxcvi.

195 682 271 723 ΙΤΕΙ
291 682 366 722 anta
385 681 444 722 PRO
463 681 612 723 cautuae
631 682 861 726 trauehendo.

139 774 379 842 Dominesancte,
396 775 480 828 Pater
509 774 703 844 omnipotens,
731 779 838 830 aeterne
862 777 947 842 Deus,

103 863 236 917 virtutem
252 868 330 917 tuam
351 862 417 917 lotis
432 879 518 917 exoro
535 863 700 933 gemitibus,
717 880 769 934 pro
796 864 885 935 hujus
906 864 948 919 la·

103 951 176 1007 muli
189 950 232 1005 tui
251 967 389 1021 oppressa
411 950 531 1005 infautia
545 968 552 1005 :
571 952 620 1023 qni
632 951 720 1006 ctiam
734 952 863 1023 indignis
876 953 953 1008 iuter

103 1056 250 1112 pressuras
264 1040 352 1094 donas
366 1039 533 1109 praesidium
548 1056 669 1112 eisurge
680 1057 732 1111 pro
753 1041 839 1113 hujus
856 1039 951 1097 infen-

103 1129 144 1183 tia
158 1130 310 1196 debellata,
323 1133 352 1182 et
366 1129 424 1183 noli
438 1128 487 1183 diu
496 1129 619 1184 retinere
635 1130 802 1198 vindictam,
819 1146 872 1186 nee
885 1135 951 1188 ente

104 1219 289 1286 conspectum
302 1221 385 1269 tuum
399 1215 516 1269 veniant
532 1220 685 1285 parentum
704 1216 817 1282 delicta,
834 1217 884 1288 qui
899 1233 952 1271 nec

104 1303 226 1375 proillio
240 1307 362 1373 patrem,
375 1318 427 1357 nec
439 1319 491 1375 pro
501 1308 584 1375 patre
599 1304 756 1375 promisisti
766 1305 860 1359 lilium
871 1305 949 1375 judi2

105 1391 186 1447 cari:
209 1391 356 1454 auxiliare,
381 1408 559 1463 quaesumus,
581 1392 691 1446 inimici
713 1393 809 1448 furore
836 1400 950 1461 vexato,

105 1497 142 1536 ua
167 1481 228 1534 sine
249 1480 420 1552 baptismate
445 1480 532 1534 facias
555 1481 619 1551 ejus
640 1482 766 1536 animam
792 1499 809 1537 a
836 1483 951 1538 diabolo

106 1569 255 1642 possideri,
281 1570 331 1624 sed
353 1569 449 1641 polius
467 1574 566 1624 tenera
590 1575 658 1624 aetas
683 1571 815 1642 malignis
831 1588 952 1642 oppres-

107 1658 236 1713 sionibus
260 1657 390 1718 liberata.
412 1657 465 1712 tibi
495 1659 599 1713 referat
617 1659 724 1729 gratias
750 1660 949 1730 sempiternas.
972 1664 992 1719 B

107 1749 171 1803 Per.

469 1833 592 1891 CllLVll.

190 1956 267 1996 trau
283 1954 384 1996 suren
402 1955 645 1997 nuauouuauuu
663 1956 883 2000 aarrrzsruu.

143 2049 217 2103 Deus
242 2047 424 2118 angelorum,
441 2049 514 2102 Deus
528 2047 778 2117 archangelorum,
799 2049 874 2103 [lens
887 2066 957 2120 pro·

1005 474 1043 530 sit
1056 475 1102 531 hic
1117 492 1214 531 servus
1236 481 1303 532 tuus
1327 477 1413 533 corde
1427 477 1541 533 firmato
1565 482 1595 533 et
1620 481 1720 533 mente
1744 477 1846 535 ducere

1005 563 1133 620 debitum
1149 565 1277 638 prebere
1291 566 1474 622 famulatum.
1488 568 1542 622 Per
1556 566 1725 623 Dominum.

1392 657 1440 710 Ari
1459 696 1466 709 .

1042 743 1162 798 Domine
1182 748 1288 813 sancte,
1313 745 1396 800 Pater
1419 658 1616 816 irinuipotcus,
1632 748 1745 800 aeterne
1771 745 1843 814 Deus,

1007 831 1139 886 llosanua
1154 832 1183 886 in
1198 832 1323 898 excelsis,
1341 832 1549 889 Paterllomini
1559 831 1728 888 uostrilesu
1740 831 1843 900 Christi,

1004 919 1055 992 qui
1070 920 1152 974 illum
1166 920 1297 991 refugam
1309 925 1462 991 tyranuum
1477 921 1616 992 gehenne
1627 919 1786 992 deputasti,
1802 921 1844 992 qui

1006 1008 1190 1078 Unigenitum
1206 1014 1288 1063 tuum
1302 1008 1333 1063 iu
1348 1010 1424 1064 hunc
1439 1010 1579 1065 mundum
1594 1008 1710 1074 misisti,
1728 1008 1844 1064 utillum

1005 1096 1166 1165 rugientem
1181 1097 1294 1152 leonem
1309 1101 1479 1165 contereret,
1499 1097 1634 1153 velociter
1655 1096 1782 1153 adtende
1788 1113 1797 1169 ;
1810 1114 1843 1152 ao

1006 1185 1108 1250 celere,
1127 1189 1157 1239 ut
1182 1184 1286 1256 eripies
1309 1184 1469 1252 homiuem,
1486 1186 1520 1242 ad
1537 1187 1697 1258 imaginem
1713 1190 1743 1240 et
1755 1185 1843 1240 simii

1006 1269 1135 1324 tudinem
1146 1274 1225 1324 tuem
1241 1275 1380 1339 creatum,
1396 1270 1509 1326 aruino
1521 1276 1549 1327 et
1565 1271 1711 1327 daemonio
1726 1271 1845 1327 meridie

1006 1374 1054 1412 no.
1069 1360 1118 1428 Da,
1137 1359 1267 1427 Domine,
1282 1362 1420 1413 terrorem
1432 1364 1513 1415 tuum
1529 1375 1616 1431 super
1635 1359 1772 1428 beatiam,
1792 1375 1842 1431 qua

1006 1446 1206 1500 exterminavit
1228 1447 1341 1501 vineam
1365 1452 1460 1515 tuam,
1477 1446 1514 1501 da
1535 1446 1672 1502 fiduciam
1686 1447 1776 1502 serris
1798 1446 1841 1501 tuis

1006 1538 1105 1588 contra
1139 1533 1348 1606 nequissimum
1376 1535 1530 1589 draconem
1558 1535 1673 1590 fortiter
1699 1540 1788 1602 stare,
1814 1550 1841 1589 m

1006 1627 1171 1677 contemnat
1194 1627 1341 1692 sperantes
1370 1622 1401 1677 iu
1425 1628 1464 1692 te,
1488 1623 1605 1678 etdicet
1626 1624 1704 1679 sicut
1723 1623 1756 1678 iu
1782 1625 1840 1678 Pha·

1010 1728 1096 1766 raone
1116 1710 1262 1781 jamolim
1281 1710 1375 1767 dixit:
1391 1712 1483 1766 Deum
1505 1728 1563 1766 nou
1586 1712 1665 1780 novi,
1692 1728 1747 1767 uec
1770 1711 1841 1767 lsrael

1009 1800 1135 1855 dimitto.
1160 1800 1263 1870 Urgeat
1284 1798 1377 1868 illum,
1398 1800 1530 1868 Domine,
1545 1800 1662 1855 dextere
1685 1804 1840 1872 tuepoteus,

1011 1888 1155 1943 discedere
1170 1903 1185 1941 a
1200 1887 1321 1956 famulo,
1336 1894 1396 1955 tuo,
1412 1904 1447 1942 ue
1462 1887 1571 1942 diutius
1595 1892 1755 1957 praesumat
1768 1885 1839 1958 capti·

1012 1992 1080 2030 vum
1095 1981 1193 2030 tenere
1203 1975 1365 2045 hominem,
1384 1992 1469 2048 qoem
1489 1981 1522 2031 tu
1536 1977 1571 2031 ad
1587 1975 1750 2046 imaginem
1764 1975 1839 2030 fecere

1011 2065 1146 2136 dignatus
1162 2081 1201 2119 es.
1218 2064 1326 2135 Adjuro
1353 2069 1379 2119 tc
1404 2081 1485 2136 ergo,
1506 2081 1624 2136 serpeus
1653 2065 1782 2136 antique,
1803 2078 1839 2134 per

108 2136 271 2206 Phetlfflmi
287 2136 360 2189 ⁰⁰⁰³
377 2136 584 2206 ⁸P⁰=³t⁰¹⁰l¹¹m=
600 2136 674 2189 ⁰⁰³⁵
689 2141 861 2207 millium,
883 2140 957 2194 ⁰0⁰⁵
1008 2153 1134 2224 judicem
1150 2153 1277 2207 rivorum
1294 2159 1323 2208 et
1332 2159 1525 2220 mortuorum,
1539 2153 1737 2225 perfectorem
1747 2151 1837 2218 muudi,

107 2225 263 2296 virginum,
289 2224 364 2278 Deris
392 2225 475 2278 Pater
502 2223 618 2278 Domini
637 2224 728 2278 nostri
755 2226 819 2280 lesu
841 2226 957 2295 Christi,
1012 2258 1145 2314 pereum
1161 2241 1309 2312 qujhabet
1325 2247 1494 2313 potestatem
1511 2241 1670 2296 mmmm
1685 2241 1836 2313 germanam,

108 2314 209 2368 invoco
222 2317 350 2366 sanctum
366 2328 472 2367 nomen
487 2317 582 2381 tuum,
594 2328 625 2366 ac
635 2314 777 2384 praeclarae
799 2315 958 2386 majestatis

109 2405 166 2454 tuae
181 2401 365 2454 clementiam
384 2400 504 2471 supplex
518 2416 650 2471 exposco,
673 2406 704 2456 ut
730 2402 803 2456 mihi
818 2402 958 2459 auxilium

110 2493 247 2559 praestare
259 2487 387 2558 digneris
412 2487 546 2542 adversus
569 2488 646 2542 hunc
671 2489 881 2560 nequissimum
901 2493 959 2564 spi·

110 2575 208 2636 ritum,
224 2579 256 2628 ut
270 2574 437 2646 ubicunque
453 2574 532 2639 latet,
557 2576 656 2629 audito
670 2577 789 2631 nomine
804 2583 865 2651 tuo,
881 2580 960 2635 velo·

110 2664 181 2717 citer
198 2668 281 2717 exeat
303 2663 348 2717 vel
363 2663 485 2718 recedat.
512 2663 574 2734 lpse
590 2664 666 2718 enim
682 2664 736 2718 tibi
750 2665 883 2736 imperat,
900 2668 961 2722 dia·

112 2751 188 2816 bole,
200 2749 250 2821 qui
267 2749 358 2804 ventis
372 2755 400 2804 et
414 2751 488 2805 meri
502 2752 547 2805 rel
562 2753 780 2822 tempestatibus
796 2754 959 2826 imperavit.

112 2842 176 2910 lpse
188 2840 241 2894 tibi
256 2840 389 2911 imperat,
409 2841 457 2911 qui
471 2845 498 2894 te
515 2840 550 2895 de
565 2841 696 2910 supernis
711 2843 851 2898 ccelorum
870 2843 901 2899 in
915 2845 959 2899 in·

1012 2336 1044 2386 ut
1059 2331 1093 2385 ab
1104 2330 1157 2385 hoc
1170 2330 1279 2384 famulo
1298 2330 1358 2397 Dei,
1373 2329 1423 2401 qui
1436 2330 1472 2384 ad
1487 2328 1620 2384 Ecclesia
1636 2329 1776 2399 praesepia
1789 2343 1837 2382 cou-

1012 2419 1111 2487 curril,
1128 2435 1193 2473 cum
1217 2423 1296 2474 metu
1320 2423 1349 2473 et
1371 2418 1495 2473 exercitu
1526 2417 1632 2472 furoris
1654 2417 1698 2471 tui
1723 2415 1837 2471 festinans

1013 2505 1152 2560 discedas.
1167 2504 1277 2576 Adjuro
1292 2511 1320 2559 te
1336 2521 1394 2559 uon
1410 2521 1473 2559 mea
1495 2504 1676 2572 infirmitate,
1694 2504 1744 2559 sed
1756 2503 1785 2557 in
1797 2504 1836 2555 vir·

1014 2596 1075 2646 tute
1102 2592 1193 2647 sancti
1221 2592 1354 2663 Spiritus,
1380 2599 1412 2648 ut
1427 2592 1540 2647 desinas
1562 2593 1623 2664 [al.,
1640 2592 1735 2663 exeas]
1757 2590 1837 2645 abhoc

1014 2680 1123 2735 lamule
1139 2680 1189 2734 Dei
1206 2681 1251 2745 N„
1265 2696 1352 2751 quem
1368 2682 1553 2751 omnipotens
1564 2681 1638 2734 Deus
1654 2680 1690 2734 ad
1703 2678 1835 2748 imaginem

1015 2784 1097 2823 suam
1111 2767 1188 2822 lecit.
1204 2768 1287 2835 Cede,
1304 2768 1373 2823 cede
1389 2784 1448 2822 non
1464 2768 1544 2836 mihi,
1561 2767 1610 2823 sed
1623 2766 1766 2838 mysteriis
1775 2763 1835 2822 Chri·

1015 2858 1061 2912 sti.
1072 2857 1153 2912 lllius
1167 2857 1244 2911 enim
1259 2863 1286 2911 te
1301 2861 1437 2928 perurget
1468 2861 1606 2928 potestas,
1622 2857 1674 2929 qui
1688 2862 1716 2911 te
1730 2855 1836 2924 affligens

111 2929 216 2985 seriora
233 2934 315 2983 terre
340 2928 469 3000 demergi
488 2930 630 3001 praecepa.
665 2931 727 3000 lese
747 2931 800 2986 tibi
827 2932 962 3003 imperat.
982 2942 1413 3017 c[al.‚adssigens]‚crucisuae
1429 2942 1835 3016 sth'ugsvir.111iusbrachian

113 3018 163 3088 qui
178 3024 205 3071 te
219 3022 379 3072 retrorsum
395 3017 490 3072 redire
510 3018 655 3089 praecepit.
673 3019 748 3073 Audi
761 3035 831 3088 ergo
847 3026 875 3074 et
890 3021 960 3076 time

113 3106 241 3174 Satanas,
259 3106 349 3160 victus
366 3110 394 3160 et
408 3111 568 3175 prostratus
583 3107 704 3161 abscede
718 3108 747 3162 iu
764 3108 882 3162 nouriue
908 3111 961 3164 llo·

115 3195 186 3249 mini
202 3194 292 3249 nostri
307 3195 370 3249 lesu
383 3194 497 3249 Christi.
520 3196 560 3248 Tu
577 3211 656 3265 ergo,
677 3196 853 3266 nequissime
878 3198 960 3253 Sata·

114 3301 180 3348 nes,
196 3283 330 3337 inimicus
345 3282 414 3337 fidei
430 3283 546 3354 generis
561 3284 691 3350 humaui,
724 3285 825 3339 mortis
849 3293 959 3357 raptor,

112 3371 230 3444 justitiae
245 3371 414 3438 declinator,
432 3372 573 3426 malorum
591 3373 678 3439 radix,
708 3372 800 3428 lomes
814 3374 961 3442 vitiorum,

115 3461 248 3515 seductor
262 3459 425 3526 hominum,
441 3460 571 3531 perditor
585 3463 727 3530 gentium,
745 3462 878 3517 incitator
892 3463 963 3518 inri-

116 3549 180 3613 dice,
196 3548 277 3617 origo
304 3546 442 3614 avaritie,
465 3564 549 3603 causa
572 3548 730 3614 discordiae,
751 3550 888 3606 excitetur
912 3552 963 3606 do·

1014 3038 1219 3100 contremesco,
1234 3033 1285 3104 qui
1300 3033 1414 3088 devictis
1429 3033 1585 3104 gemitibus
1609 3032 1727 3100 inferni,
1751 3031 1836 3086 anina

1015 3122 1050 3176 ad
1074 3121 1167 3176 lucem
1184 3121 1328 3192 perduxit.
1352 3121 1395 3177 Sit
1414 3121 1467 3175 tibi
1486 3126 1581 3175 terror
1598 3136 1705 3192 corpus
1725 3116 1835 3177 hominis

1015 3210 1052 3264 sit
1068 3210 1119 3264 tibi
1131 3209 1255 3264 formido
1272 3209 1366 3281 imago
1382 3209 1448 3276 Dei3
1467 3225 1519 3262 nec
1538 3208 1662 3276 resistas,
1675 3224 1727 3263 uec
1742 3202 1836 3262 moreris

1017 3299 1161 3354 discedere
1178 3298 1213 3352 ab
1241 3298 1370 3363 homine,
1388 3298 1527 3371 quoniam
1553 3298 1730 3367 complacuit
1750 3294 1836 3352 Christo

1016 3391 1049 3441 ut
1062 3387 1092 3441 in
1110 3387 1228 3442 homine
1242 3387 1394 3443 habitaret.
1411 3387 1444 3440 Et
1459 3401 1495 3441 ue
1511 3401 1559 3440 me
1572 3384 1722 3440 infirmum
1738 3385 1836 3439 conhu-

1016 3475 1252 3546 nendumputes,
1269 3476 1337 3530 dum
1363 3490 1408 3529 me
1424 3479 1603 3545 peccatorem
1630 3472 1718 3526 nimis
1734 3485 1790 3525 esse
1807 3480 1836 3520 ee

1016 3564 1136 3636 gnoscis.
1150 3566 1274 3636 Imperet
1287 3563 1340 3619 tibi
1356 3563 1503 3624 Dominus,
1524 3563 1649 3633 imperat
1663 3561 1716 3617 tibi
1731 3560 1836 3631 majesta

116 3638 221 3697 l⁰f¹¹mr
239 3636 405 3691 dffiffifflfflm
419 3637 566 3708 magister,
583 3638 880 3709 (Ιῑῑίὓῑὸὅθῑΐθὲἱθῐίῦ,
898 3656 963 3696 ⁰⁰11}
1018 3651 1134 3721 Christi,
1147 3652 1272 3723 imperet
1287 3651 1338 3706 tibi
1355 3653 1439 3718 Deus,
1455 3652 1549 3717 Pater,
1565 3651 1690 3720 imperat
1710 3648 1760 3703 tibi
1773 3643 1835 3702 Filius
1877 3706 1879 3715 Ι

117 3724 248 3780 sciseum
261 3728 323 3779 tuas
338 3725 456 3795 perdere
471 3726 543 3780 rires
558 3726 641 3781 illum
658 3728 864 3799 metuoquiin
887 3730 965 3784 Isaac
1018 3744 1046 3793 et
1072 3738 1334 3808 sperassemus,
1356 3731 1834 3808 imperettibiapostolorumlidcu
1877 3724 1879 3757 ²

117 3814 282 3869 immolatus
302 3818 354 3880 est,
367 3813 397 3868 iu
411 3816 517 3885 loseph
541 3816 731 3883 venundatus,
745 3817 775 3871 iu
796 3834 871 3888 agno
890 3818 963 3872 occi·
1019 3827 1108 3882 sancti
1133 3826 1211 3881 Petri
1237 3830 1265 3880 et
1290 3825 1383 3894 Pauli,
1398 3831 1426 3880 et
1452 3831 1622 3879 caeterorum
1651 3823 1834 3895 apostolorum

118 3918 175 3970 ⁵¹¹³,
192 3901 353 3955 issh⁰mi⁰0
375 3900 539 3970 clulififfl·
556 3903 658 3957 deinde
686 3904 891 3974 triumphstllll·
909 3906 963 3960 ΗΘ·
1019 3917 1211 3989 imperettibi
1235 3916 1416 3987 indulgentia
1439 3915 1649 3981 confessorum,
1677 3903 1834 3986 imperettibi

118 3991 187 4046 cede
202 3991 232 4045 in
247 3989 364 4044 nomine
379 3991 480 4054 Patris,
498 3995 525 4043 ct
547 3990 621 4058 Filii,
639 3996 667 4045 et
683 3991 806 4063 Spiritus
821 3992 921 4062 sancti,
939 3997 967 4048 et
1020 4005 1319 4077 marryrumsanguis,
1345 4005 1469 4076 imperat
1489 4003 1542 4058 tibi
1570 4008 1780 4058 sacramentum
1793 4011 1835 4051 cru·

119 4079 155 4134 da
176 4079 271 4133 locum
291 4077 411 4147 Spiritui
442 4083 549 4143 sancto,
574 4095 627 4149 per
648 4078 704 4134 hoc
737 4080 852 4151 siguum
875 4080 967 4136 crucis
1020 4091 1070 4158 cis,
1084 4092 1208 4163 imperat
1220 4093 1486 4165 tibimystariorum
1503 4092 1602 4145 virtus.
1622 4091 1684 4159 Exi,
1710 4095 1834 4157 trinepos

120 4165 223 4223 Chri³fi
237 4165 350 4220 0οωίΗὶ
362 4165 463 4220 nostri·
473 4166 528 4230 0¹11
544 4170 679 4220 l011¹¹¹l⁸¹⁵
692 4171 734 4221 ⁰⁵2
746 4166 885 4237 judicam-
1021 4197 1078 4249 sor,
1089 4183 1145 4250 cxi,
1161 4183 1303 4248 seductor,
1318 4181 1403 4254 plene
1421 4180 1501 4236 omui
1517 4180 1585 4236 dolo
1601 4186 1630 4235 et
1653 4178 1769 4244 fallacia,
1784 4169 1834 4229 red·

506 4272 584 4326 Alio.
985 4243 1087 4325 ¹'tatis
1106 4271 1233 4338 inimice,
1268 4271 1466 4327 inuocantium
1490 4274 1666 4341 persecutor.
1694 4270 1734 4324 Da
1757 4268 1832 4321 locum·

158 4360 232 4414 Deus
246 4358 380 4413 conditor
396 4364 425 4414 et
440 4359 572 4414 defensor
585 4360 699 4431 generis
712 4360 842 4429 humaui,
854 4363 905 4434 qui
918 4362 968 4418 ho-
1023 4360 1185 4427 durissime,
1196 4362 1233 4437 da
1257 4361 1363 4427 locum,
1378 4359 1562 4431 impiissime,
1583 4359 1727 4415 dalocum
1741 4355 1832 4412 Christo

122 4448 229 4504 minem
249 4448 285 4502 cd
298 4447 456 4518 imaginem
470 4453 498 4503 et
513 4448 731 4504 similitudinem
756 4455 835 4505 tuam
857 4452 967 4520 ,forma-
1021 4446 1053 4501 iu
1068 4464 1125 4519 quo
1135 4448 1208 4503 nihil
1218 4447 1353 4503 invenisti
1369 4446 1404 4502 dc
1418 4447 1552 4518 operibus
1565 4447 1632 4516 tuis,
1658 4462 1715 4519 que
1728 4450 1754 4500 le
1764 4448 1834 4507 eppo

122 4538 169 4602 sti,
185 4536 294 4608 respice
309 4552 396 4608 super
416 4537 493 4593 huuc
508 4537 648 4594 famulum
663 4544 756 4609 tuum,
776 4541 827 4612 qui
843 4542 916 4597 dolis
930 4543 970 4597 iu·
1023 4534 1110 4605 liavit,
1140 4536 1190 4608 qui
1214 4550 1336 4606 regnum
1360 4540 1441 4590 tuum
1469 4535 1619 4603 destruxit,
1647 4535 1699 4607 qui
1714 4539 1739 4588 le
1756 4530 1832 4584 tillim

123 4626 182 4682 vidi
197 4627 337 4699 serpentis
362 4628 513 4699 appetitur,
529 4644 615 4700 quem
631 4633 710 4684 vetus
737 4630 916 4685 adversarius
940 4635 970 4686 et
1022 4625 1131 4697 ligavit,
1157 4631 1184 4680 et
1195 4641 1260 4679 vasa
1272 4629 1320 4679 tua
1340 4624 1472 4694 disrupit,
1494 4624 1544 4696 qui
1560 4630 1587 4679 te
1603 4623 1724 4696 projecit
1736 4621 1764 4676 in
1776 4625 1833 4673 lent·

123 4716 214 4772 hostis
227 4716 363 4788 antiquus
389 4721 458 4772 atrae
480 4717 643 4773 formidinis
664 4719 784 4773 horrore
811 4720 968 4775 circumvo-
1022 4713 1089 4770 bras
1099 4715 1262 4783 exteriores,
1275 4714 1324 4770 ubi
1342 4714 1394 4769 tibi
1410 4730 1473 4769 cum
1490 4713 1630 4768 ministris
1645 4712 1704 4768 tuis
1719 4711 1769 4767 erit
1784 4714 1832 4776 prv·

122 4806 174 4873 lat,
190 4809 219 4861 et
248 4822 364 4860 sensum
379 4806 485 4861 mentis
496 4806 631 4861 humanae
653 4811 770 4878 stupore
786 4807 896 4879 defigit,
911 4812 967 4863 ter·
1022 4803 1308 4875 parflluslinterilut·
1333 4803 1472 4875 Sedqssid
1496 4819 1583 4870 nunt,
1600 4802 1833 4881 truculenter&

123 4910 189 4950 rore
203 4895 364 4962 conturbat,
380 4901 408 4948 et
422 4899 499 4950 metu
516 4895 621 4967 trepidi
635 4895 746 4951 timoris
761 4897 885 4968 exagitat
901 4913 908 4952 ε
924 4912 970 4951 re·
1023 4891 1206 4963 gites‘lquid,
1220 4890 1384 4957 temerarie,
1399 4889 1558 4946 retractas?
1582 4890 1658 4946 Reus
1674 4880 1834 4978 omnipotrl

123 4984 208 5054 pelle,
223 4983 355 5051 Domine,
369 4983 504 5038 virtutem
520 4983 634 5050 diaboli,
662 4985 834 5057 fallacesque
849 4984 911 5055 ejus
925 4984 969 5040 iu·
1023 4981 1081 5037 Deo
1101 4980 1183 5049 cujus
1203 4982 1309 5033 statuta
1332 4983 1526 5049 transgressus
1544 4994 1584 5033 es.
1611 4977 1689 5034 Reus
1711 4975 1776 5032 Filio
1796 4976 1835 5038 tlus

123 5071 335 5138 sidiasamove,
355 5072 455 5142 procul
479 5072 586 5143 impius
615 5078 742 5129 tentator
757 5073 909 5146 aufugiat:
933 5073 971 5129 sit
1022 5071 1087 5125 lesu
1101 5069 1225 5134 Christo,
1245 5084 1331 5140 quem
1351 5072 1462 5122 tentare
1488 5083 1574 5121 cusos
1593 5084 1624 5122 es
1651 5072 1681 5122 et
1703 5062 1837 5151 cucifigot
1877 5078 1879 5105 ι

124 5158 309 5215 noministui
332 5159 413 5230 siguo
442 5160 566 5222 famulis,
596 5161 653 5215 tuis
679 5162 918 5217 exanimototus
941 5166 970 5217 et
1023 5158 1337 5231 praesumpsissemus
1361 5158 1488 5212 humano
1511 5157 1620 5229 generi,
1641 5157 1688 5211 cui
1711 5169 1781 5211 mors
1803 5152 1839 5202 lul

124 5263 246 5318 corpore
262 5264 269 5302 :
287 5252 316 5302 tu
332 5248 456 5319 pectoris
475 5249 561 5322 hujus
577 5250 691 5305 interna
706 5250 860 5317 custodias,
881 5255 914 5305 tu
924 5249 968 5304 ri·
1023 5247 1258 5319 persuasionibus
1275 5247 1362 5301 veuit.
1377 5247 1486 5318 Adjuro
1501 5251 1529 5301 te
1544 5263 1626 5318 ergo,
1640 5248 1727 5302 draco
1750 5235 1841 5312 nequit·

125 5352 204 5392 scere
227 5353 320 5410 regas,
339 5344 370 5393 tn
386 5339 471 5394 corda
497 5339 658 5404 confirmes,
675 5340 772 5394 inania
786 5338 967 5407 adversariae,
1023 5335 1105 5404 sime,
1122 5335 1152 5389 in
1166 5334 1284 5390 nomine
1299 5334 1367 5406 agni
1379 5335 1558 5391 immaculati
1572 5335 1624 5407 qui
1648 5331 1799 5389 ambularit
1811 5339 1843 5380 so·

124 5426 273 5493 potestatis
291 5428 468 5482 tentamenta
481 5433 660 5485 evanescant.
678 5429 718 5482 [la
732 5428 767 5482 ad
796 5427 869 5482 hauc
892 5427 970 5482 inro-
1023 5441 1075 5495 per
1089 5425 1219 5497 aspidem
1239 5428 1267 5479 et
1290 5423 1466 5494 basiliscum,
1484 5423 1535 5496 qui
1550 5423 1729 5480 conculcarit
1755 5424 1846 5478 leonem

123 5512 267 5567 cationem
278 5514 405 5570 nominis
427 5515 469 5570 tui
481 5516 612 5587 gratiam,
635 5522 667 5571 ut
680 5516 731 5587 qui
742 5515 892 5588 hucusque
914 5520 969 5571 ter·
1023 5514 1231 5581 ctdracouem,
1262 5517 1295 5570 ut
1317 5512 1447 5568 discedas
1470 5513 1506 5568 ab
1527 5511 1657 5582 homine,
1683 5502 1848 5570 modest
