3930 6098
602 260 706 321 LIBER
727 264 772 320 DE
791 264 917 323 TRIBUS
936 265 1124 323 uulsrutrs.
1678 272 1746 327 leot

85 390 194 445 lationis
207 391 314 446 bontvm
340 391 369 446 in
392 407 511 462 pravum
537 409 651 447 sensum
677 401 844 451 convertens
864 403 954 455 Anec
965 397 1071 451 trlvstra
1086 401 1113 451 et
1128 397 1190 451 sino
1204 414 1289 453 causa
1309 397 1355 452 ille
1369 413 1441 469 opus
1462 415 1545 453 suum
1561 400 1687 456 deceruit
1700 403 1746 457 in-

85 478 127 534 dis
140 481 320 534 sermonibus
331 481 531 550 blasphemare
544 484 703 553 presumit.
900 485 997 551 tcrire,
1016 486 1064 540 sed
1086 502 1159 556 quos
1179 486 1327 541 verissime
1346 488 1488 558 prescivit
1512 487 1618 558 impios
1642 496 1671 546 et
1695 491 1747 545 ini-

85 567 173 633 bimo,
197 569 273 640 quod
296 570 463 624 Creatorem
491 587 585 636 suum,
606 571 715 641 quiesi
734 588 846 628 summe
899 588 972 644 quos
989 573 1109 640 futuros,
1126 578 1153 627 ct
1168 573 1197 628 in
1222 590 1274 628 sua
1295 574 1442 645 impietate
1464 579 1492 629 et
1507 575 1659 648 iniquitate
1678 595 1745 649 par-

85 672 100 723 v,
125 657 291 711 malivolum
316 664 460 712 aususest
483 658 586 726 dicere,
615 674 648 713 eo
672 661 748 730 quod
775 678 846 732 opus
901 677 1051 716 mansuros
1074 662 1160 732 justis
1184 668 1212 717 et
1242 663 1408 718 rectissimis
1440 665 1530 718 causis
1562 665 1687 721 decrevit
1718 672 1748 722 et

95 744 201 799 trustra
217 749 245 798 et
259 745 320 799 sine
335 761 421 799 carisa
433 747 565 801 decernat
581 747 710 802 interire.
899 750 1009 819 statuit,
1036 756 1064 805 et
1088 750 1299 821 predestinavit
1323 752 1475 822 perituros.
1502 752 1580 807 Sicut
1604 753 1664 824 ipse
1687 756 1744 810 ait:

85 834 204 901 acundo,
222 835 299 905 quod
315 835 407 905 ipsam
422 835 571 889 veritatem
591 834 720 890 fallacem
743 836 847 891 nititur
900 860 913 887 «
936 839 991 903 Qui
1014 839 1172 909 peccaverit
1198 839 1280 906 mibi,
1304 838 1405 894 delebo
1431 856 1497 895 eum
1522 841 1556 895 de
1580 841 1655 897 libro
1681 859 1746 899 meo

85 937 134 989 ire,
157 938 222 994 qne
236 939 289 993 per
308 922 468 995 Scripturas
490 939 583 978 sacras
608 928 683 980 recte
700 924 845 980 credenti·
899 927 1006 998 (Eaeod.
1020 943 1107 994 xxxiv,
1125 929 1178 996 33).
1198 949 1209 976 »

85 1010 180 1066 tbene
194 1011 381 1081 operantibus
402 1016 518 1067 eterne
541 1013 606 1066 vite
623 1012 747 1083 spondet
770 1029 844 1083 pre·
933 1015 983 1070 Ad
996 1015 1150 1070 secundam.
1170 1046 1204 1055 m
1225 1016 1282 1069 Nec
1296 1015 1347 1086 qui
1370 1015 1653 1086 praedestinationem
1669 1019 1746 1075 divi·

87 1103 117 1154 et
125 1100 309 1171 peccantibus
329 1105 415 1172 atque
432 1116 489 1156 non
512 1101 718 1171 paenitentibus
743 1101 845 1156 mortis
899 1118 965 1156 nam
987 1103 1018 1158 in
1032 1108 1325 1175 utramquepartem,
1341 1103 1429 1158 idest
1448 1108 1476 1157 et
1487 1105 1644 1161 electorum
1658 1111 1686 1161 et
1701 1124 1745 1164 re·

85 1186 128 1242 cit
142 1203 250 1258 pesnas.
897 1191 1066 1261 proborum,
1087 1191 1211 1246 fideliter
1232 1190 1321 1246 credit
1335 1195 1364 1245 et
1383 1190 1545 1258 confitetor,
1567 1194 1659 1265 ipsam
1676 1197 1746 1251 veri·

85 1275 167 1341 ertio,
198 1276 275 1348 quod
297 1276 407 1346 justum
435 1276 563 1347 judicem
586 1277 687 1348 quiin
709 1277 844 1348 equitate
898 1282 986 1334 tatem
1002 1280 1132 1335 fallacem
1152 1279 1255 1335 nititur
1278 1279 1447 1335 ostendere:
1470 1281 1518 1336 sed
1535 1282 1745 1339 omninovera·

85 1366 174 1418 iturus
189 1369 231 1417 est
245 1364 322 1417 vivos
338 1380 370 1418 ac
388 1367 517 1418 mortuos
540 1365 676 1436 predicat
691 1365 840 1434 injustum,
899 1383 960 1422 cem
975 1372 1002 1422 et
1025 1368 1140 1422 fidelem
1163 1369 1193 1421 in
1217 1368 1350 1423 omnibus
1373 1368 1467 1423 verbis
1486 1369 1556 1438 suis,
1572 1375 1601 1424 et
1620 1375 1746 1426 sanctam

85 1452 113 1507 io
129 1451 201 1533 bene
227 1453 377 1523 agentibus
401 1453 521 1522 premia
544 1459 572 1507 et
593 1455 668 1507 mate
692 1453 845 1524 agentibus
898 1456 929 1509 in
943 1456 1074 1510 omnibus
1090 1456 1227 1527 operibus
1242 1455 1299 1510 suis
1313 1477 1321 1523 3
1336 1457 1403 1527 quia
1419 1457 1526 1523 electis,
1541 1457 1614 1512 siccat
1632 1459 1747 1530 prede·

85 1547 140 1594 :ota
153 1557 218 1595 eum
233 1557 292 1594 non
307 1541 427 1596 reddere
442 1542 576 1597 affirmat.
899 1544 1024 1611 stinavit,
1045 1549 1160 1599 aeterne
1172 1543 1237 1598 vite
1253 1544 1370 1615 premia
1384 1544 1506 1614 spondet
1520 1550 1549 1598 et
1563 1545 1666 1600 reddit.
1685 1548 1717 1601 Et
1730 1562 1746 1602 e
1760 1554 1764 1563 “

85 1632 183 1694 ¹uario,
200 1629 276 1698 quod
296 1629 516 1699 Redemptorem
538 1629 638 1684 mnndi
656 1630 1043 1729 trustrasan-Bcontrario
1068 1630 1198 1702 reprobis
1227 1631 1422 1702 peccantibus,
1452 1646 1504 1685 nec
1527 1633 1743 1702 penitentibus,

88 1731 118 1771 m
131 1732 215 1770 suum
235 1717 339 1772 fudisse
357 1734 415 1772 non
439 1718 522 1772 timet
539 1735 589 1789 per
606 1734 734 1772 errorem
758 1733 843 1771 suum
899 1722 973 1775 sicut
985 1721 1210 1792 predestinavit,
1231 1722 1309 1791 justo
1326 1737 1378 1774 suo
1391 1720 1500 1791 judicio
1525 1725 1646 1775 eternas
1661 1722 1745 1776 retri-

84 1820 117 1871 e,
151 1805 266 1875 quando
289 1805 320 1858 in
344 1822 373 1860 se
401 1806 582 1861 credentibus
609 1811 638 1860 et
661 1805 843 1877 sperantibus
897 1808 1083 1881 buitpoenas.

85 1909 117 1948 er
148 1894 409 1964 predestinationis
436 1895 634 1950 necessitatem
668 1911 726 1949 non
755 1893 843 1965 possit
933 1898 980 1952 Ad
1007 1901 1124 1952 tertiam.
1150 1928 1184 1937 —
1206 1898 1262 1953 Nec
1281 1897 1392 1968 justum
1414 1897 1541 1967 judicem
1566 1897 1621 1951 ista
1641 1897 1745 1952 divine

88 1981 160 2036 nire.
897 1984 1158 2057 predestinationis
1190 1986 1294 2056 veritas
1323 1986 1401 2040 velut
1424 1985 1563 2055 injustum
1587 1986 1742 2056 predicat:

85 2073 182 2137 luinto,
197 2071 273 2141 quod
290 2069 399 2125 invidet
412 2070 727 2143 bonisangetiseorum
744 2086 844 2124 nume·
899 2075 967 2146 quia
988 2075 1145 2129 secuudum
1171 2090 1234 2128 eam
1259 2080 1288 2128 et
1318 2073 1392 2129 bene
1415 2074 1578 2143 agentibus,
1603 2079 1690 2146 atque
1713 2074 1744 2129 iu

91 2174 177 2230 quem
195 2159 325 2214 diabolus
339 2175 391 2229 per
405 2159 569 2230 superbiam
580 2160 717 2215 corrueris
727 2158 842 2226 minuit,
898 2164 976 2219 bono
990 2162 1240 2234 perseverantibus
1264 2162 1382 2234 premia
1404 2163 1611 2229 restituuntur;
1628 2166 1656 2217 et
1672 2164 1744 2218 male

85 2253 171 2303 torem
200 2252 329 2302 nostrum
367 2264 419 2320 per
453 2249 605 2303 hominum
648 2246 843 2302 conditionem
887 2250 1049 2331 ,agentibus
1072 2255 1159 2321 atque
1186 2251 1215 2305 in
1239 2249 1316 2304 malo
1336 2250 1573 2321 permanentibus
1586 2252 1663 2322 juste
1682 2257 1744 2307 tor-

85 2337 165 2408 olere.
900 2345 996 2395 menta
1011 2338 1182 2393 inferuntur.

85 2430 160 2494 arto,
177 2424 254 2495 quod
280 2424 372 2496 magis
398 2425 473 2481 lavet
496 2442 547 2479 sua
571 2424 707 2496 opinione
729 2424 844 2480 diabolo
935 2427 1132 2496 Adguartom.
1154 2427 1262 2480 —Nec
1283 2425 1507 2496 Redemptorem
1532 2427 1746 2500 mundialique
1778 2431 1783 2437 '

101 2515 172 2580 Deo,
189 2529 255 2568 cum
269 2514 303 2569 ad
318 2515 379 2585 ejus
394 2513 562 2584 perditionis
578 2519 684 2567 sortem
698 2513 784 2567 tradit
797 2529 845 2567 eos
898 2514 1162 2588 predestinationis
1192 2530 1250 2568 sues
1282 2516 1435 2569 necessitas
1467 2515 1623 2584 compellit,
1648 2521 1747 2587 utper

84 2619 153 2667 rere,
179 2618 252 2674 quos
277 2603 373 2657 divina
396 2603 489 2674 gratia
514 2601 639 2657 decrevit
665 2603 699 2657 ad
723 2602 844 2656 salutem
899 2605 1057 2676 gloriosum
1073 2602 1276 2674 sanguinissui
1294 2602 1463 2673 pretiumin
1478 2619 1507 2656 se
1522 2603 1703 2658 credentibus
1718 2608 1747 2659 at
1818 2650 1821 2655 ,

85 2707 136 2747 vam
152 2691 325 2764 pertingere.
900 2691 1080 2764 sperantibus
1102 2691 1255 2747 subvenire
1279 2707 1337 2745 non
1349 2692 1458 2761 possit:
1476 2691 1545 2762 quia
1559 2696 1587 2746 et
1611 2691 1747 2748 omnibus

85 2780 203 2851 eptimo‚
227 2780 303 2851 quod
318 2779 407 2834 totius
433 2779 554 2834 humani
578 2778 692 2849 generis
709 2778 845 2833 inimicus
900 2779 997 2832 electis
1009 2778 1069 2831 suis
1083 2777 1133 2831 illo
1147 2778 1240 2847 pretio
1255 2777 1284 2831 in
1300 2783 1441 2831 eternum
1463 2778 1605 2834 subvenit.
1623 2780 1656 2834 Et
1669 2779 1747 2851 quod

85 2869 228 2937 sniiestus,
243 2884 309 2922 cum
326 2869 398 2923 illud
416 2868 486 2922 dicit
511 2884 564 2938 por
584 2867 690 2922 Christi
715 2867 802 2922 fidem
818 2871 845 2922 et
900 2867 1031 2937 reprobis
1041 2880 1099 2919 uon
1111 2866 1253 2933 subvenit,
1264 2866 1318 2936 ipsi
1328 2883 1381 2937 per
1398 2865 1588 2936 impietatem,
1604 2867 1747 2939 etiniqui·

85 2958 134 3012 imi
149 2961 358 3012 sacramentum
378 2974 393 3011 a
410 2956 496 3029 primi
519 2956 647 3027 parentis
671 2956 762 3026 lapsu,
779 2971 845 3026 pro·
866 2959 988 3014 etatem
1003 2969 1084 3010 suam
1108 2953 1233 3023 pretium
1250 2955 1312 3023 ejus
1337 2954 1498 3025 repellunt:
1513 2971 1584 3026 quos
1599 2961 1629 3010 et
1652 2956 1676 3009 si
1689 2971 1747 3026 po-

85 3060 186 3116 umqne
207 3046 347 3100 scelernm
363 3051 455 3113 reatu,
476 3061 529 3100 nec
543 3061 602 3099 non
617 3054 645 3100 ct
668 3045 703 3098 ab
718 3045 844 3099 bostium
899 3047 956 3096 test
969 3043 1017 3096 ille
1032 3043 1150 3107 salvare,
1166 3041 1227 3095 vult
1242 3046 1338 3096 tamen
1352 3042 1464 3113 aliquos
1478 3042 1516 3097 ad
1535 3044 1747 3100 ostendendum

85 3133 396 3205 tatenouposseerui,
425 3134 473 3189 sed
491 3133 649 3204 obligatum
674 3133 760 3194 noxie
783 3132 846 3204 opi·
899 3135 1038 3185 terrorem
1055 3128 1215 3184 severitatis
1227 3145 1298 3197 aue,
1313 3130 1392 3201 justa
1404 3130 1514 3185 ultione
1530 3132 1678 3188 damnare.

85 3219 119 3274 ini
139 3220 392 3292 predestinatione
407 3219 437 3274 in
452 3224 593 3275 tartarum
603 3219 743 3291 demergi.
759 3238 774 3268 »
935 3219 982 3275 Ad
995 3221 1129 3290 quintum.
1147 3247 1177 3260 -
1195 3220 1252 3274 Nec
1265 3219 1375 3273 invidet
1388 3220 1490 3275 eadem
1513 3220 1617 3275 divine
1635 3222 1746 3293 prede-

330 3322 513 3364 aasronsvo.
900 3307 1063 3363 stinationis
1077 3308 1211 3362 severitas
1226 3307 1308 3362 bonis
1330 3307 1450 3377 angelis,
1467 3323 1503 3362 ne
1517 3317 1636 3380 propter
1649 3311 1747 3366 multi-

85 3401 149 3452 vtem
174 3396 218 3452 bis
242 3396 335 3452 verbis
367 3397 542 3468 objectiones
573 3395 630 3450 siva
665 3394 847 3451 definitiones
899 3397 1030 3452 tudinem
1040 3396 1232 3466 reproborum
1247 3395 1377 3466 quotidie
1390 3397 1575 3467 pereuntium
1584 3413 1643 3452 non
1656 3397 1748 3469 possit

85 3484 214 3556 ,quibus
230 3501 300 3551 non,
316 3489 349 3539 ut
367 3484 429 3555 ipse
452 3484 529 3552 dicit,
557 3484 791 3555 blasphemantes
815 3482 847 3538 in
901 3485 1061 3556 adimpleri,
1089 3490 1119 3540 et
1141 3483 1297 3538 instaurari
1327 3498 1428 3538 eorum
1450 3498 1600 3551 numeras,
1626 3487 1676 3556 qui
1695 3502 1749 3557 per

85 3590 101 3641 l,
121 3574 170 3629 ssd
192 3573 317 3629 fideliter
342 3573 492 3628 credentes
513 3574 579 3641 Deo,
604 3578 633 3628 et
658 3573 798 3628 veraciter
815 3572 848 3626 in
901 3575 1017 3629 ruinam
1040 3572 1147 3628 diaboli
1162 3578 1191 3626 et
1210 3573 1380 3640 angelorum
1403 3572 1465 3643 ejus
1488 3578 1531 3628 est
1556 3573 1748 3631 imminutus:

85 3676 155 3715 vrum
178 3660 349 3716 liberatione
379 3666 407 3715 et
429 3660 621 3730 reproborum
663 3660 847 3716 damnatione
901 3662 970 3734 quia
983 3660 1140 3716 certissime
1161 3661 1240 3714 novit
1258 3660 1329 3713 tides
1353 3659 1482 3715 fidelium
1497 3666 1591 3716 tantos
1605 3663 1674 3718 illuc
1688 3664 1750 3719 elo·

85 3749 225 3805 icordiam
248 3750 311 3820 eJus
335 3753 364 3804 ot
391 3748 532 3820 judicium
568 3750 738 3804 conlitentes
761 3757 847 3821 atque
901 3752 960 3804 ctos
974 3764 1008 3802 ex
1022 3747 1150 3802 humano
1170 3763 1276 3819 genere
1291 3762 1456 3801 assensuros
1471 3752 1594 3819 quantos
1609 3749 1749 3805 illicoon'·

86 3842 158 3904 ntes,
178 3838 309 3892 falsitatis
331 3843 361 3893 et
384 3838 488 3893 erroris
509 3842 620 3908 arguat.
643 3839 676 3892 Et
689 3842 786 3892 tamen
803 3837 847 3891 ni·
902 3841 958 3892 stat
978 3836 1083 3891 electos
1103 3835 1219 3905 angelos
1243 3835 1432 3889 remansisse:
1457 3840 1578 3892 testante
1601 3837 1749 3909 Scriptura

85 3926 147 3981 :bis
165 3942 231 3997 qne
259 3928 289 3980 in
310 3927 379 3998 ipsis
408 3933 518 3996 septem
545 3925 761 3981 delinitionibus
789 3926 848 3981 suis
902 3942 967 3998 quae
982 3925 1069 3980 dicit:
1088 3945 1102 3975 α
1117 3923 1222 3979 Statuit
1242 3923 1381 3977 terminos
1400 3924 1530 3994 gentium
1548 3925 1632 3995 juxta
1646 3941 1749 3980 nume·

87 4020 221 4081 tvernm,
238 4020 288 4069 aut
300 4016 470 4069 rationabile
493 4015 567 4069 valet
580 4015 739 4070 ostendere.
903 4031 967 4070 rum
982 4015 1150 4085 angelorum
1167 4012 1216 4067 ilai
1231 4012 1324 4084 (Dect.
1340 4028 1427 4079 rxxu,
1442 4013 1480 4085 8).
1495 4032 1510 4065 s

95 4105 212 4173 psimom
222 4103 404 4171 objectionem.
421 4133 456 4143 -
481 4105 569 4158 Mmo
591 4105 667 4158 enim
684 4104 847 4160 Creatorem
938 4104 1161 4159 Adseatcm.—
1177 4101 1234 4156 Nec
1252 4101 1344 4172 magis
1360 4101 1511 4156 tavethec
1534 4103 1749 4174 praedestinatio

85 4191 342 4246 ‚summobonum
368 4192 534 4246 malivolum
560 4192 639 4259 dicit,
663 4193 741 4263 quod
763 4191 847 4258 absit,
903 4191 1017 4247 diabolo
1034 4206 1121 4262 quam
1138 4191 1204 4258 lieo,
1229 4190 1342 4261 quinat
1365 4189 1511 4244 diabolum
1525 4191 1656 4262 quotidie
1669 4207 1750 4247 com-

101 4279 183 4333 male
199 4279 353 4335 voluntatis
365 4280 402 4334 sit
417 4296 485 4351 erga
497 4285 657 4335 creaturam
671 4297 764 4347 svsam,
781 4280 849 4351 quia
869 4269 986 4351 ”pellit
1001 4280 1143 4345 amittere,
1159 4295 1232 4350 qnos
1247 4278 1344 4333 divina
1368 4279 1461 4348 gratia
1483 4281 1584 4335 eadem
1601 4281 1751 4352 predesti-

86 4384 118 4423 er
131 4368 194 4439 ejus
206 4368 337 4423 voluntas
352 4367 426 4423 bona
442 4375 485 4423 est
498 4368 596 4434 bonis;
613 4383 679 4439 que
694 4372 723 4422 ct
735 4368 760 4422 si
775 4370 850 4423 mala
905 4365 1021 4420 natione
1037 4365 1160 4420 decrevit
1173 4364 1209 4418 ad
1231 4365 1352 4418 salutem
1369 4367 1507 4419 eternam
1529 4366 1701 4437 pertingere.
1719 4369 1752 4423 Et
1862 4431 1871 4443 ι

85 4457 221 4523 armatis,
237 4473 351 4529 semper
375 4463 472 4512 tamen
486 4457 563 4527 justa
580 4459 633 4523 est,
648 4461 677 4511 et
694 4455 759 4511 ideo
775 4457 851 4511 mala
905 4452 1023 4507 omnino
1039 4452 1152 4507 nullum
1164 4468 1197 4505 ex
1214 4451 1312 4507 electis
1322 4452 1374 4507 Dei
1384 4451 1419 4507 ad
1429 4452 1520 4523 ipsius
1528 4453 1635 4511 diaboli
1645 4459 1751 4511 sortem

85 4561 139 4600 uon
160 4551 271 4616 potest;
290 4547 365 4600 unde
388 4550 417 4600 et
440 4545 586 4616 Scriptura
610 4546 646 4600 ad
670 4560 738 4599 eum
761 4544 849 4599 dicit:
906 4555 988 4612 posse
1002 4541 1146 4610 pertinere
1161 4540 1320 4594 contirmat.

85 4649 109 4689 m
124 4640 220 4690 sancto
240 4641 353 4689 sanctus
375 4635 442 4703 eris,
457 4639 486 4688 et
507 4649 573 4688 cum
598 4634 749 4689 innocente
772 4632 853 4688 inno
941 4628 988 4684 Ad
1002 4630 1154 4698 septimam.
1170 4657 1202 4668 -
1217 4629 1274 4683 Nec
1285 4627 1569 4701 compellilaliquem
1582 4630 1747 4703 hujuspre-

93 4723 158 4778 eris.
182 4724 300 4778 Etcum
323 4722 413 4777 electo
437 4722 544 4776 electus
569 4721 634 4784 eris,
660 4727 689 4776 et
706 4737 771 4776 cum
787 4735 851 4791 per·
907 4715 1106 4773 destinationis
1120 4716 1202 4784 fides‚
1218 4716 1301 4787 quasi
1322 4732 1373 4787 per
1396 4715 1483 4772 tidem
1497 4717 1600 4774 Christi
1616 4726 1644 4775 et
1657 4737 1752 4777 sacra-

85 4828 89 4862 ·
101 4812 276 4881 perverteris
291 4811 379 4880 (Psoi.
404 4826 471 4878 xvn,
495 4813 538 4876 26,
561 4813 618 4878 27).
640 4831 655 4860 »
684 4811 725 4865 De
746 4810 853 4881 quibus
908 4810 1038 4861 mentum
1051 4803 1188 4876 baptismi
1206 4821 1224 4858 a
1239 4805 1326 4875 primi
1342 4806 1470 4874 parantis
1494 4807 1588 4877 lapsu,
1609 4814 1636 4862 et
1652 4824 1668 4862 a
1686 4824 1751 4864 suo·

85 4914 101 4952 a
111 4897 211 4953 beatus
221 4898 400 4968 Augustinus
410 4903 535 4952 tractans
546 4897 663 4968 (inpsat.
676 4897 776 4968 nvn.):
793 4897 853 4962 Est,
908 4911 973 4950 rum
1006 4893 1146 4948 scelerum
1179 4897 1270 4959 reatu,
1295 4893 1353 4947 sive
1381 4892 1507 4948 hostium
1529 4899 1671 4964 potestate
1693 4913 1753 4952 non

85 4987 116 5055 it,
140 4987 251 5040 occulta
283 4986 474 5057 profunditas,
511 5002 568 5057 qua
596 4985 765 5057 intelligaris
788 5000 853 5040 cum
908 4998 992 5055 posse
1016 4981 1097 5036 erui:
1114 4981 1162 5035 sed
1185 4980 1332 5036 verissime
1351 4986 1469 5052 prestat
1490 4982 1624 5037 omnibus
1645 4985 1753 5057 electis,

89 5080 245 5140 osanctus,
263 5075 331 5146 quia
343 5082 374 5131 tu
398 5074 572 5129 sanctificas:
590 5079 619 5129 et
632 5090 697 5129 cum
724 5074 784 5128 viro
809 5074 855 5127 in·
911 5093 925 5122 κ
947 5073 982 5127 Ut
993 5071 1050 5124 sint
1069 5074 1186 5141 agentes
1210 5086 1324 5141 semper
1337 5069 1445 5141 gratias
1461 5070 1528 5135 lico,
1555 5077 1584 5125 et
1602 5073 1688 5140 Patri,
1704 5075 1754 5146 qui

85 5167 131 5218 nte
155 5164 305 5231 innocens,
334 5164 402 5235 quia
423 5162 495 5216 nulli
521 5178 616 5232 noces,
640 5163 689 5217 sed
712 5162 856 5217 criniculis
910 5161 1014 5232 dignos
1029 5175 1077 5213 eos
1092 5157 1159 5212 iecit
1173 5158 1203 5213 in
1228 5165 1338 5231 partem
1361 5159 1448 5213 sortis
1469 5164 1632 5216 sanctorum
1652 5162 1683 5216 in
1707 5164 1754 5218 lu-

85 5256 192 5307 storom
205 5268 324 5307 suorum
339 5253 537 5323 unusquisque
551 5251 768 5322 constringitur,
778 5255 807 5305 et
819 5250 855 5306 ab
912 5252 1000 5304 mine.
1015 5278 1050 5288 -
1065 5246 1119 5312 Qui
1141 5247 1249 5318 eripuit
1269 5248 1333 5301 illos
1350 5247 1386 5303 de
1402 5252 1540 5317 potestate
1559 5249 1755 5322 tenebrarum,

85 5326 147 5394 uem
164 5339 244 5409 eligis
255 5339 379 5409 eligeris,
394 5344 423 5392 et
436 5353 501 5392 cum
516 5352 649 5408 perverso
665 5336 771 5391 videris
790 5352 856 5407 per·
912 5342 941 5392 et
954 5335 1100 5391 transtulit
1112 5334 1143 5388 in
1170 5350 1291 5406 regnum
1309 5334 1372 5389 Filii
1391 5335 1552 5391 dilectionis
1576 5354 1634 5393 sue
1649 5339 1715 5410 (Cot.
1736 5357 1755 5408 v,

85 5444 128 5496 vs;
145 5427 284 5499 quoniam
301 5427 417 5481 dicum:
435 5445 448 5476 α
465 5427 527 5481 Non
541 5429 584 5479 est
598 5430 674 5480 recta
689 5424 734 5479 via
757 5423 858 5479 Domi·
915 5429 957 5492 lt,
971 5427 1014 5496 13)
1030 5440 1037 5477 :
1054 5442 1068 5475 s
1087 5424 1144 5477 Nec
1162 5422 1293 5494 reprobis
1311 5422 1397 5477 noxia
1417 5428 1459 5478 est
1474 5425 1584 5494 opiticis
1598 5427 1653 5496 sui,
1671 5427 1758 5484 idest

85 5515 238 5587 tipsorum
251 5514 298 5569 via
312 5530 370 5569 non
386 5519 430 5569 est
445 5498 522 5570 reeta
546 5513 655 5584 (azeca.
673 5512 828 5584 xv111,25);
844 5528 857 5555 e
914 5510 965 5567 Dei
980 5509 1205 5582 praedestinatio,
1235 5524 1297 5582 que
1320 5519 1552 5581 perseverantem
1575 5518 1604 5568 ct
1626 5514 1757 5572 indoma-

104 5691 112 5704 .
189 5606 329 5672 Parnon.
355 5604 457 5672 CXXI.
849 5618 854 5628 ·
1562 5608 1604 5670 34
