3930 6098
103 323 158 379 349
784 324 973 392 consessio
989 325 1185 383 reouxlort.
1807 332 1859 386 350

100 463 254 530 ceqicuntur
275 473 327 525 me,
353 464 379 516 ιι
391 475 439 529 eqo
462 462 549 516 eitam
572 465 701 517 aternam
715 460 749 517 dc
772 464 823 531 ιιι,
850 466 876 516 ιι
898 476 952 517 non
970 464 991 514 ι
1008 459 1185 533 prescientia
1198 458 1375 531 protulitque
1397 458 1608 514 sententiam.»
1633 460 1704 515 ltem
1733 459 1859 516 inlibris
1945 450 1947 454 '

102 548 233 619 peribunt
255 550 284 604 in
298 555 438 617 eternum,
454 554 480 604 ιι
501 565 554 604 nori
584 553 675 620 rapiet
703 550 958 620 eesqeisquomde
1012 551 1046 605 de
1057 549 1175 606 Ciuitate
1186 549 1236 605 Dei
1247 548 1305 620 (ιιι.
1319 563 1421 614 ιιιι,ι.
1437 549 1532 617 titt«
1545 546 1618 612 Quid
1637 547 1717 603 dabit
1731 549 1771 603 eis
1787 566 1859 621 quos

104 654 277 692 manumet:
305 639 386 693 Peter
407 653 481 692 meus
509 639 582 707 quod
595 638 672 693 dedit
694 640 765 694 mibi
786 640 876 709 majus
903 656 957 694 om·
1009 637 1272 711 praedestinavitad
1297 641 1459 691 mortem.»
1489 637 1558 691 ltem
1581 637 1682 692 beatus
1704 637 1859 709 Gregorius

104 727 184 781 nibus
206 731 256 794 est,
272 732 298 781 et
321 742 397 781 neno
410 731 498 796 potest
513 742 610 797 repere
637 727 670 782 ιιι
684 743 768 782 manu
796 730 889 783 Patris
905 729 958 783 mei
1010 743 1084 798 pape
1103 728 1210 798 (Μοιαι.
1227 727 1274 781 lib.
1295 742 1389 788 xxxiv,
1407 739 1430 780 ι.
1446 727 1491 791 tl:
1509 747 1522 774 «
1544 725 1771 797 leviathangiste
1790 742 1857 782 cum

107 817 193 885 (Joun.
220 831 250 883 ιι,
279 817 314 870 27
339 818 393 884 29),
433 817 473 869 ιιι
499 815 586 871 dixit:
617 816 691 882 Quid
726 821 821 888 potest
849 815 958 888 lupusi
1012 816 1152 870 universis
1168 814 1304 869 membris
1318 814 1377 868 suis
1392 812 1507 867 oeternis
1520 813 1692 868 cruciatibus
1714 819 1756 868 est
1772 814 1860 887 depu-

108 904 177 974 quid
194 908 289 976 potest
303 905 349 958 lur
364 910 392 959 et
411 905 484 959 latro
498 903 513 958 ι
529 905 591 959 Nou
603 905 736 976 perdunt.
748 905 803 960 nisi
816 907 851 961 ad
867 907 956 961 inter·
1009 909 1095 959 tatus.
1114 926 1125 953 ι
1145 906 1214 958 ltem
1240 909 1354 957 sanctus
1371 901 1538 974 Fulgentius
1562 901 1591 955 in
1612 901 1684 956 libro
1712 904 1798 958 tertio
1825 903 1860 959 de

108 991 177 1047 itum
196 992 425 1063 praedestinatos.
443 1013 456 1044 ιι
472 994 544 1049 ltem
556 993 591 1048 de
605 993 717 1049 duobus
733 995 854 1066 loquens
870 1010 957 1050 mun·
1010 992 1133 1047 Veritate
1160 991 1421 1062 praedestinationis
1448 993 1476 1045 el
1503 989 1603 1060 gratiae
1629 991 1686 1060 (tit.
1704 1007 1744 1059 ιιι,
1769 1007 1795 1047 ι.
1814 994 1858 1058 5);

108 1080 147 1135 ιιι
162 1083 258 1150 (tract.
280 1082 408 1150 ιιιιιιι).
427 1107 438 1129 ι
455 1082 542 1136 Totus
567 1083 690 1137 mundus
714 1083 837 1138 Ecclesia
860 1089 911 1152 est,
929 1087 957 1137 et
1012 1081 1230 1152 «Praeperavit‚
1252 1080 1357 1151 inquit,
1384 1082 1459 1134 Deus
1475 1078 1671 1151 peccatoribus
1693 1095 1791 1150 poenas
1804 1079 1860 1134 illis

108 1169 324 1226 totusmundns
347 1171 407 1225 odit
434 1171 612 1239 Ecclesiam3
639 1171 760 1227 blundus
780 1172 870 1243 igitur
896 1171 958 1227 odit
1011 1172 1197 1244 utiquequos
1222 1171 1299 1241 juste
1325 1168 1540 1242 praedestinavit
1559 1168 1595 1223 nd
1626 1168 1731 1223 luenda
1750 1169 1862 1241 suppli·

109 1258 261 1325 muudum,
279 1258 412 1314 inimicus
436 1259 662 1328 reconciliatum,
691 1261 842 1316 damnatus
866 1261 956 1315 salva·
1011 1260 1090 1315 cia.»

109 1355 179 1414 tum,
214 1347 383 1420 inquinatus
421 1350 631 1408 mundatum.»
663 1351 733 1406 ltem
769 1350 861 1422 (tract.
891 1349 955 1421 cxl:
1045 1350 1099 1414 Qui
1115 1350 1213 1404 beatus
1231 1347 1396 1420 Fulgentius
1416 1346 1578 1419 composuit
1605 1347 1640 1402 de
1662 1346 1715 1402 hac
1735 1350 1862 1402 tantum·

112 1439 186 1492 «list
201 1436 327 1491 muudus
342 1437 376 1492 de
400 1454 457 1508 quo
477 1437 547 1493 dicit
572 1439 745 1510 Apostolus:
770 1442 808 1496 Νι
827 1455 887 1495 cum
910 1440 958 1494 boc
1011 1438 1096 1493 modo
1110 1439 1269 1510 questione
1285 1453 1372 1492 unum
1388 1437 1493 1492 librum
1518 1437 1676 1508 integrum,
1704 1436 1733 1491 id
1757 1441 1801 1492 est
1826 1436 1862 1491 de

109 1524 207 1580 mundo
230 1525 392 1579 damnemur
404 1527 429 1595 (1
459 1528 518 1583 Gor.
544 1544 582 1595 ιι,
608 1527 662 1598 ³2).
694 1530 747 1583 Pro
776 1528 831 1582 isto
849 1529 957 1583 mundo
1012 1526 1266 1582 l'raedcstinatione
1282 1527 1471 1598 reproborum
1493 1525 1530 1580 ad
1551 1525 1713 1592 interitum,
1738 1525 1772 1580 ad
1789 1525 1861 1580 ami-

111 1612 247 1666 ltominus
262 1628 320 1667 nou
337 1618 438 1685 rogat:
465 1615 562 1687 Neque
578 1615 654 1669 enim
671 1631 728 1687 quo
752 1616 790 1670 sit
810 1615 957 1688 praedesti·
1011 1631 1074 1671 cum
1092 1630 1175 1668 suum
1191 1613 1310 1668 nomine
1325 1614 1482 1669 tlonimum
1503 1614 1559 1683 (tib.
1577 1616 1607 1680 ι).

110 1705 201 1766 natus,
218 1698 342 1772 ignorat.
360 1721 374 1754 ιι
394 1701 465 1757 ltem
484 1705 576 1770 (tract.
606 1702 689 1775 ιιιι);
708 1724 722 1753 «
750 1704 838 1759 Filius
865 1703 958 1776 perdi·
1047 1704 1127 1760 Unde
1143 1703 1212 1757 dicit
1227 1707 1256 1757 et
1273 1707 1387 1756 sanctus
1403 1701 1527 1757 isidorus
1543 1702 1673 1773 (Suetent.
1689 1718 1719 1767 ιι,
1734 1717 1796 1773 cap.
1813 1703 1860 1773 dt:

110 1789 191 1843 ιιοιιίι
215 1788 309 1844 dictus
339 1794 382 1844 est
408 1790 496 1845 ludas
525 1791 650 1846 traditor
675 1791 779 1847 Christi
802 1791 957 1865 proditioni
977 1764 997 1819 B
1015 1815 1025 1842 ‹
1045 1792 1163 1848 Gemina
1192 1795 1235 1846 est
1262 1790 1478 1861 predestinatio
1504 1789 1563 1844 sive
1589 1789 1745 1844 electorum
1765 1789 1861 1845 ndre-

112 1877 339 1950 praedestinatus.
358 1899 369 1926 ι
386 1878 457 1933 ltem
468 1879 498 1934 in
513 1879 697 1935 Euchiridion
711 1880 783 1952 (cap.
801 1882 871 1952 100).
887 1904 901 1931 ι
914 1881 958 1936 Ad
1012 1885 1120 1958 quiem,
1137 1885 1196 1939 sive
1209 1884 1399 1956 reproborum
1423 1883 1457 1938 nd
1473 1886 1605 1938 mortem.
1624 1902 1638 1931 ιι
1665 1880 1712 1936 Sic
1729 1897 1798 1953 ergo
1812 1881 1860 1953 (et.

112 1982 210 2020 eorum
236 1965 451 2022 damnationem
479 1984 550 2040 quos
574 1969 651 2040 juste
679 1970 893 2041 praedestinavit
922 1969 957 2025 ad
1011 1980 1039 2029 et
1052 1976 1117 2045 ego)
1137 1989 1189 2044 per
1204 1972 1302 2026 omnia
1316 1988 1380 2026 cum
1396 1971 1458 2026 istis
1474 1970 1572 2025 electis
1596 1969 1658 2036 Dei,
1674 1973 1703 2024 et
1716 1968 1862 2024 catholicis

113 2071 234 2125 penam.
252 2075 266 2103 ιι
284 2055 398 2114 ltemin
415 2057 489 2111 libro
513 2057 547 2112 de
576 2057 885 2131 perlectionejustitiae
904 2060 956 2115 ho·
1012 2062 1097 2117 eredo
1108 2066 1136 2116 et
1152 2061 1299 2127 conliteor,
1314 2065 1402 2132 prout
1417 2059 1555 2114 divinitus
1572 2058 1695 2126 afflatus,
1707 2058 1861 2125 animatus,

114 2143 193 2197 minis
207 2143 280 2215 (cop.
300 2147 362 2212 13):
382 2167 393 2195 ι
407 2145 475 2213 Ηοι,
491 2145 596 2218 inquit,
612 2147 732 2214 bonum,
753 2148 830 2219 quod
855 2153 898 2204 est
912 2165 956 2203 re·
1013 2156 1140 2206 armatus
1154 2150 1284 2221 adjuvor.
1300 2152 1402 2204 Amen.

114 2232 293 2303 quirendum,
308 2249 365 2289 non
380 2240 441 2289 erat
453 2234 505 2307 qui
518 2234 635 2306 iaceret,
660 2253 718 2292 nou
743 2242 804 2292 erat
818 2253 909 2309 usque
923 2238 958 2293 ad
1050 2241 1146 2295 Falsus
1158 2239 1235 2293 enim
1249 2237 1328 2293 testis
1347 2241 1399 2302 est,
1414 2236 1509 2309 quiin
1525 2236 1606 2292 dictis
1624 2251 1864 2308 quorumcunque

114 2336 219 2387 unum;
236 2322 284 2375 sed
300 2321 331 2375 in
345 2338 380 2377 eo
393 2338 498 2393 genere
512 2325 664 2379 hominum
677 2324 754 2397 quod
769 2326 958 2397 praedestina·
1013 2333 1063 2384 aut
1079 2344 1196 2383 sensum
1206 2331 1255 2382 aut
1265 2326 1448 2398 superficiem
1463 2325 1632 2398 corrumpit.

116 2416 171 2463 tum
187 2415 230 2465 est
245 2411 280 2466 ad
295 2410 444 2466 interitum
460 2428 467 2466 ε
494 2414 647 2484 superbos
668 2414 746 2469 enim
769 2415 894 2487 respexit
909 2416 959 2470 Dei

425 2738 847 2878 lolllltllllll
889 2740 1194 2879 tullissit
1237 2737 1544 2878 lucullei

151 3135 324 3204 Dominator,
346 3133 466 3189 Domine
492 3134 577 3199 Deus,
592 3132 789 3203 misericordia
812 3149 885 3199 mea,
915 3149 964 3188 ιιι
984 3135 1004 3190 C
1021 3134 1093 3189 libus
1121 3134 1266 3205 indagata,
1300 3133 1359 3187 imo
1385 3137 1413 3187 te
1447 3131 1592 3186 revelante
1626 3130 1683 3186 illis
1720 3129 1866 3186 evidenter

119 3225 294 3296 omnipotens
315 3227 344 3278 et
356 3255 358 3259 ν
370 3221 633 3294 incomparabiliter
657 3222 783 3276 clemens
802 3222 961 3277 inaestime·

1015 3226 1125 3277 constat
1141 3238 1201 3277 esse
1215 3222 1357 3288 intimata,
1384 3221 1411 3276 id
1439 3219 1533 3274 estin
1558 3220 1658 3292 gratire
1682 3218 1821 3274 beneficia
1838 3223 1867 3273 et

119 3312 293 3385 biliquoque
321 3312 397 3367 circe
419 3311 579 3366 humanum
595 3327 686 3382 genus
710 3311 888 3382 benignitate
915 3329 962 3383 pa·
1013 3302 1237 3383 justitioe'simul
1254 3310 1373 3380 judicia.
1406 3309 1548 3375 Quoniam
1572 3309 1689 3382 quidem
1717 3307 1865 3362 sicutcer·

118 3401 196 3467 tiens,
212 3408 241 3456 et
264 3399 457 3471 investigabili
482 3400 595 3471 penitus
619 3399 815 3471 profunditate
837 3400 960 3471 sapiens.

118 3489 200 3560 Cujus
213 3490 339 3560 protecto
355 3489 395 3543 sic
409 3504 523 3560 semper
546 3487 677 3559 indigent
695 3505 795 3544 omnes
812 3490 894 3544 electi
908 3489 961 3557 tui,

118 3594 171 3648 quo
188 3578 319 3631 videlicet
334 3577 386 3632 tibi
400 3577 435 3632 de
451 3581 479 3632 ιι
497 3577 559 3631 solo
573 3592 688 3648 semper
701 3577 813 3632 valeant
840 3579 960 3649 placere.

119 3665 365 3731 Quemadmodum
381 3666 513 3737 palmites
529 3665 660 3735 indigent
678 3665 745 3732 rite,
761 3682 818 3737 quo
839 3667 963 3721 fructum

118 3762 221 3825 queant
237 3753 322 3822 terre,
343 3754 387 3808 rel
414 3769 463 3807 aar
491 3757 540 3807 aut
563 3753 639 3808 oculi
666 3753 738 3821 luce,
764 3770 822 3825 quo
847 3755 890 3809 ιιι
915 3754 963 3808 ille

118 3840 227 3897 lucidus
253 3858 326 3909 esse,
354 3842 399 3896 rel
427 3841 469 3896 illi
492 3841 603 3912 possint
628 3840 744 3908 videre;
775 3841 906 3913 alioquin
937 3846 964 3896 ιι

115 3930 246 3999 palmites
258 3929 367 4000 absque
382 3928 437 3983 rite
461 3934 603 3997 arescunt,
621 3933 650 3983 et
665 3929 696 3982 in
712 3928 779 3999 igne
795 3929 874 3984 missi
893 3945 964 3984 con-

115 4023 268 4089 sequenter
284 4017 396 4081 ardent,
412 4022 441 4072 et
459 4033 507 4071 aer
522 4017 628 4088 absque
643 4017 706 4071 luce
727 4018 894 4072 tenebrosus
909 4022 963 4088 est,

116 4107 231 4161 elocuti
254 4107 359 4161 frustra
385 4110 492 4177 petent.
520 4107 558 4160 Te
587 4106 676 4171 igitur
704 4107 823 4178 supplex
850 4107 963 4175 invoco,

112 4194 409 4267 cunctipotentissime
443 4193 667 4249 clementissime
697 4200 725 4249 et
749 4196 963 4266 gloriosissime,

1016 3401 1158 3455 tissimum
1172 3400 1321 3454 Psalmista
1336 3399 1445 3471 praebet
1467 3397 1618 3465 indicium,
1645 3402 1800 3469 utrumque
1823 3401 1865 3461 tu,

1017 3489 1148 3557 Domine,
1166 3490 1262 3562 diligis
1277 3494 1303 3544 et
1316 3489 1534 3544 misericordium
1548 3487 1679 3542 videlicet
1692 3490 1717 3542 ιι
1728 3486 1868 3556 judicium

1017 3578 1101 3648 (Paul.
1122 3594 1216 3643 ιιιιιι,
1247 3577 1284 3645 5).
1313 3577 1530 3632 Praedestinasse
1555 3577 1652 3648 itaque
1676 3575 1707 3629 in
1734 3574 1868 3629 omnibus

1017 3667 1113 3722 electis
1137 3667 1193 3720 tuis
1219 3667 1305 3720 vitam
1329 3666 1418 3738 gratis
1433 3671 1582 3732 aeternam,
1607 3667 1636 3719 et
1652 3680 1699 3718 eos
1721 3662 1867 3718 nihilomi-

1018 3771 1072 3808 nus
1100 3754 1134 3808 ad
1163 3754 1284 3822 gloriam
1317 3754 1544 3829 sempiternam:
1566 3753 1634 3824 quia
1660 3757 1736 3807 certe
1761 3752 1867 3806 trustra

1017 3842 1074 3896 illis
1098 3841 1331 3912 praedestinasses
1356 3841 1455 3907 vitam,
1487 3840 1542 3894 uisi
1569 3846 1598 3895 et
1624 3840 1690 3894 illos
1718 3838 1867 3910 praedesti·

1018 3947 1115 3984 nasses
1131 3931 1165 3985 ad
1185 3930 1288 4000 ipsam.
1308 3930 1355 3986 Sic
1379 3928 1464 3984 etiem
1481 3928 1689 4000 propemodum
1704 3926 1819 3981 diabolo
1840 3930 1868 3980 et

1019 4019 1128 4091 angelis
1143 4018 1216 4089 ejus,
1242 4024 1271 4073 ιι
1290 4018 1426 4073 omnibus
1448 4033 1565 4089 quoque
1588 4015 1718 4087 reprobis
1746 4013 1867 4070 homini·

1019 4109 1082 4175 bus,
1114 4124 1270 4180 perennem
1309 4109 1411 4163 merito
1445 4105 1654 4178 praedestinasti
1679 4120 1802 4177 pernam,
1838 4106 1867 4158 et

1020 4199 1134 4253 eosdem
1163 4197 1295 4252 similiter
1311 4195 1521 4269 predestinasti
1547 4195 1581 4251 ad
1596 4210 1668 4250 eam.
1686 4192 1759 4258 Quia
1783 4191 1866 4246 nimi·

111 4285 189 4337 trine
202 4290 232 4338 et
248 4299 305 4337 une
329 4283 449 4336 Domine
475 4284 557 4345 [teus.
584 4288 615 4337 ut
638 4284 726 4354 gratis
755 4301 815 4338 esse
837 4284 965 4355 digneris
1020 4302 1084 4340 rum
1098 4285 1160 4340 siue
1176 4302 1270 4350 causa,
1288 4292 1317 4341 et
1343 4286 1413 4356 ipsis
1437 4284 1670 4356 praedestinasses
1691 4280 1791 4336 mortis
1806 4284 1869 4353 per·

110 4373 263 4443 piissimus
278 4371 394 4443 adjutor
408 4375 436 4425 et
465 4371 615 4426 exauditor
639 4389 731 4439 meus,
755 4372 965 4444 dignanterque
987 4382 1116 4468 „petua
1133 4391 1257 4444 poenam,
1274 4374 1330 4428 nisi
1346 4379 1376 4429 ιι
1398 4374 1477 4445 ipsos
1493 4372 1727 4444 praedestinasses
1742 4371 1776 4426 ad
1793 4387 1866 4425 eam.

112 4457 247 4532 largiaris
274 4459 505 4530 indigentissimo
528 4460 601 4515 mihi
630 4476 683 4531 per
709 4460 841 4532 gratuitae
866 4461 965 4532 gretiae
1024 4464 1084 4518 Nou
1100 4463 1176 4516 enim
1192 4464 1268 4518 irent
1291 4462 1346 4516 nisi
1370 4462 1514 4526 destinati,
1539 4458 1870 4532 nequeproiectodesti·

111 4554 172 4603 tuae
186 4548 407 4604 invictissimam
423 4548 568 4616 virtutem,
585 4555 617 4605 ut
640 4550 719 4620 quod
745 4567 779 4605 ex
799 4555 836 4617 te,
860 4567 912 4622 per
927 4556 966 4621 te,
1021 4556 1168 4618 narentur,
1200 4551 1256 4605 nisi
1292 4555 1388 4605 essent
1423 4549 1628 4622 praedestinati.
1666 4548 1777 4620 Quippe
1803 4562 1869 4602 cum

114 4639 226 4692 etiute
248 4637 521 4708 depraescientiaet
544 4638 794 4709 praedestinatione
819 4644 877 4707 tue,
891 4639 966 4710 jam·
1021 4640 1091 4711 ipse,
1109 4639 1406 4694 anteornuiasaeeula
1429 4655 1543 4710 semper
1572 4655 1648 4693 esses
1677 4638 1752 4710 quod
1777 4636 1870 4692 need

114 4725 226 4781 dudum
242 4726 327 4781 corde
343 4727 427 4781 credo
440 4725 504 4798 (tibi
519 4727 637 4798 gratias)
652 4727 687 4781 ad
706 4727 856 4799 justitiam,
883 4727 967 4782 sicuti
1023 4730 1200 4781 momentum
1209 4726 1325 4798 quidem
1341 4727 1425 4781 modo
1440 4726 1570 4798 quolibet
1583 4731 1661 4797 potes
1672 4741 1758 4792 esses,
1779 4729 1870 4779 muta·

113 4811 288 4880 iamcrebro
312 4830 364 4884 per
382 4815 503 4884 gratiam
520 4821 599 4868 tuam
616 4815 761 4869 consessus
787 4830 862 4882 sum,
890 4831 967 4868 nune
1021 4816 1095 4884 bilis,
1114 4820 1142 4870 ιι
1164 4832 1216 4888 per
1242 4816 1341 4870 omnia
1364 4815 1547 4887 postmodum
1574 4815 1676 4870 saecula
1701 4811 1868 4887 probaberis

117 4916 231 4973 quoque
246 4901 485 4973 veraciteratque
511 4902 680 4973 simpliciter
703 4918 753 4957 ore
777 4903 916 4958 confitear
932 4903 967 4958 ad
1021 4907 1238 4971 essemutatus;
1254 4904 1277 4958 si
1295 4905 1338 4958 vel
1365 4903 1450 4972 ullus,
1475 4904 1550 4975 quod
1573 4903 1656 4970 absit,
1681 4902 1869 4973 reproborum

116 4990 410 5061 saturem,quatenus
432 4990 549 5045 tandem
573 4990 857 5061 aliquandomeade
886 4997 967 5062 parte
1020 4993 1089 5048 illuc
1122 4997 1196 5047 esset
1223 4993 1392 5059 destinatus,
1425 4993 1475 5064 qui
1504 5007 1560 5046 nou
1588 4991 1688 5046 luisset
1720 4987 1868 5060 praedesti·

121 5078 233 5145 patefiat
247 5078 345 5132 electis
361 5078 417 5132 tuis
441 5079 545 5133 veritas
558 5078 674 5146 invicta,
691 5083 719 5133 et
746 5079 808 5133 sine
834 5079 892 5135 line
920 5080 967 5135 be·
1021 5087 1114 5136 natus.

123 5166 238 5233 nedicta‚
255 5173 283 5222 et
306 5165 429 5221 facescat
444 5167 505 5238 jam
516 5167 635 5240 jamque
650 5167 724 5222 sieut
740 5174 863 5239 oportet,
888 5168 966 5224 talsi-
1056 5169 1180 5225 Proinde
1194 5170 1260 5242 quia
1276 5175 1317 5235 ιιι,
1336 5169 1466 5235 Domine,
1482 5171 1553 5224 sotus
1564 5183 1590 5222 es
1606 5169 1694 5235 quies
1710 5164 1810 5236 (Ειοιι.
1829 5180 1868 5232 ιιι,

126 5257 161 5306 tas
172 5254 280 5309 devicta
296 5260 324 5309 et
339 5272 456 5326 prorsus
467 5256 532 5328 J'ure
552 5256 712 5311 maledicta.
732 5259 837 5312 Amen.
1021 5258 1061 5328 4),
1088 5257 1166 5312 ιιιιιι
1193 5259 1255 5329 ipse
1283 5260 1406 5322 testaris,
1443 5264 1471 5313 et
1497 5263 1527 5311 ut
1559 5255 1646 5310 David
1674 5253 1727 5308 tibi
1752 5268 1870 5325 quoque

155 5342 242 5399 Credo
258 5343 401 5416 siquidem
418 5350 504 5418 atque
526 5343 664 5399 contiteor
678 5345 826 5415 praescisse
848 5351 875 5399 te
901 5350 966 5401 ante
1020 5347 1108 5403 dicit:
1138 5349 1178 5403 Tu
1197 5355 1303 5417 semper
1335 5349 1407 5403 idem
1437 5350 1495 5416 ipse
1523 5361 1549 5400 es
1575 5344 1658 5410 (Psat,
1686 5359 1721 5408 cr,
1754 5343 1813 5413 28),
1841 5347 1871 5398 et

127 5433 229 5502 seruis,
262 5448 443 5504 quecunque
481 5436 561 5487 erant
589 5433 687 5487 lutura
710 5433 769 5487 sive
803 5433 879 5488 bona
907 5434 965 5489 sire
1022 5439 1052 5489 ut
1067 5434 1137 5489 alias
1152 5436 1238 5490 etiam
1255 5437 1314 5507 ipse
1329 5436 1470 5490 dicis2Te
1489 5449 1527 5497 ιι,
1545 5430 1675 5499 Domine,
1692 5437 1718 5485 et
1735 5447 1789 5486 reon
1809 5447 1869 5487 mu-

128 5520 193 5574 mala
208 5538 215 5576 :
231 5522 452 5593 praedestinasse
477 5536 544 5575 vero
559 5521 758 5576 tantummodo
786 5523 872 5577 hona.
891 5526 967 5579 Bona
1022 5526 1090 5578 toris
1104 5522 1235 5592 (Mataei.
1255 5540 1295 5591 ru,
1315 5529 1352 5590 l).
1374 5525 1406 5577 Et
1424 5522 1496 5575 sicut
1511 5518 1644 5591 egregius
1659 5536 1775 5593 quoque
1793 5536 1870 5590 pree·

125 5615 213 5664 entem
234 5625 252 5663 a
274 5616 302 5664 ts
316 5608 519 5680 predestinata
544 5607 678 5663 bifariam
700 5615 767 5664 sunt
788 5610 876 5665 tuisa
896 5611 966 5665 tide·
1020 5612 1130 5667 dicator
1145 5616 1211 5666 tuus
1224 5612 1359 5683 perhibet
1373 5610 1496 5664 Paulus:
1515 5611 1554 5664 Tu
1573 5609 1645 5664 solus
1660 5610 1741 5666 babes
1755 5612 1865 5664 iinmer-
