<?xml version="1.0" encoding="UTF-8"?>
<!DOCTYPE html PUBLIC "-//W3C//DTD XHTML 1.0 Transitional//EN"
    "http://www.w3.org/TR/xhtml1/DTD/xhtml1-transitional.dtd">
<html xmlns="http://www.w3.org/1999/xhtml" xml:lang="en" lang="en">
 <head>
  <title>
</title>
<meta http-equiv="Content-Type" content="text/html;charset=utf-8" />
  <meta name='ocr-system' content='tesseract 3.04.00' />
  <meta name='ocr-capabilities' content='ocr_page ocr_carea ocr_par ocr_line ocrx_word'/>
</head>
<body>
  <div class='ocr_page' id='page_1' title='image "./patrologiaecurs04unkngoog_0152.png"; bbox 0 0 3930 6098; ppageno 0'>
   <div class='ocr_carea' id='block_1_1' title="bbox 475 284 1726 353">
    <p class='ocr_par' dir='ltr' id='par_1_1' title="bbox 475 284 1726 353">
     <span class='ocr_line' id='line_1_1' title="bbox 475 284 1726 353; baseline 0.009 -11"><span class='ocrx_word' id='word_1_1' title='bbox 475 285 612 344; x_wconf 75' lang='lat' dir='ltr'><strong>cunm</strong></span> <span class='ocrx_word' id='word_1_2' title='bbox 629 284 834 346; x_wconf 68' lang='lat' dir='ltr'><strong>GRAECORUH</strong></span> <span class='ocrx_word' id='word_1_3' title='bbox 852 286 1031 346; x_wconf 71' lang='lat' dir='ltr'><strong>uetustis.</strong></span> <span class='ocrx_word' id='word_1_4' title='bbox 1045 317 1079 335; x_wconf 57' lang='grc' dir='ltr'><strong>ι-</strong></span> <span class='ocrx_word' id='word_1_5' title='bbox 1095 288 1158 345; x_wconf 85' lang='lat' dir='ltr'><strong>lllt.</strong></span> <span class='ocrx_word' id='word_1_6' title='bbox 1181 289 1213 346; x_wconf 90' lang='lat' dir='ltr'><strong>ll.</strong></span> <span class='ocrx_word' id='word_1_7' title='bbox 1672 292 1726 353; x_wconf 68' lang='lat' dir='ltr'><strong>biii</strong></span> 
     </span>
    </p>
   </div>
   <div class='ocr_carea' id='block_1_2' title="bbox 85 418 1734 5630">
    <p class='ocr_par' dir='ltr' id='par_1_2' title="bbox 85 418 1730 4209">
     <span class='ocr_line' id='line_1_2' title="bbox 85 418 1721 504; baseline 0.009 -28"><span class='ocrx_word' id='word_1_8' title='bbox 85 418 183 494; x_wconf 78' lang='lat' dir='ltr'><strong>pinitus</strong></span> <span class='ocrx_word' id='word_1_9' title='bbox 194 424 316 477; x_wconf 86' lang='lat' dir='ltr'><strong>sanctus.</strong></span> <span class='ocrx_word' id='word_1_10' title='bbox 335 418 453 494; x_wconf 81' lang='lat' dir='ltr'><strong>Legitur</strong></span> <span class='ocrx_word' id='word_1_11' title='bbox 465 420 500 476; x_wconf 91' lang='lat' dir='ltr'><strong>de</strong></span> <span class='ocrx_word' id='word_1_12' title='bbox 521 421 578 477; x_wconf 85' lang='lat' dir='ltr'><strong>ileo</strong></span> <span class='ocrx_word' id='word_1_13' title='bbox 597 422 675 495; x_wconf 92' lang='lat' dir='ltr'><strong>quod</strong></span> <span class='ocrx_word' id='word_1_14' title='bbox 691 421 727 477; x_wconf 91' lang='lat' dir='ltr'><strong>sit</strong></span> <span class='ocrx_word' id='word_1_15' title='bbox 742 422 817 494; x_wconf 90' lang='lat' dir='ltr'><strong>ignis</strong></span> <span class='ocrx_word' id='word_1_16' title='bbox 835 425 1046 496; x_wconf 67' lang='lat' dir='ltr'><strong>nnuucnpatq</strong></span> <span class='ocrx_word' id='word_1_17' title='bbox 1061 426 1145 480; x_wconf 86' lang='lat' dir='ltr'><strong>Patre</strong></span> <span class='ocrx_word' id='word_1_18' title='bbox 1159 425 1300 492; x_wconf 87' lang='lat' dir='ltr'><strong>videlicet,</strong></span> <span class='ocrx_word' id='word_1_19' title='bbox 1318 429 1360 484; x_wconf 81' lang='lat' dir='ltr'><strong>vel</strong></span> <span class='ocrx_word' id='word_1_20' title='bbox 1376 428 1459 498; x_wconf 79' lang='lat' dir='ltr'><strong>Filio,</strong></span> <span class='ocrx_word' id='word_1_21' title='bbox 1477 431 1520 488; x_wconf 89' lang='lat' dir='ltr'><strong>vel</strong></span> <span class='ocrx_word' id='word_1_22' title='bbox 1534 432 1643 504; x_wconf 89' lang='lat' dir='ltr'><strong>Spiritu</strong></span> <span class='ocrx_word' id='word_1_23' title='bbox 1658 449 1721 490; x_wconf 87' lang='lat' dir='ltr'><strong>san·</strong></span> 
     </span>
     <span class='ocr_line' id='line_1_3' title="bbox 85 509 1721 589; baseline 0.009 -25"><span class='ocrx_word' id='word_1_24' title='bbox 85 522 153 576; x_wconf 79' lang='lat' dir='ltr'><strong>vens,</strong></span> <span class='ocrx_word' id='word_1_25' title='bbox 170 525 230 564; x_wconf 91' lang='lat' dir='ltr'><strong>non</strong></span> <span class='ocrx_word' id='word_1_26' title='bbox 248 509 365 581; x_wconf 87' lang='lat' dir='ltr'><strong>quidem</strong></span> <span class='ocrx_word' id='word_1_27' title='bbox 388 509 525 565; x_wconf 83' lang='lat' dir='ltr'><strong>naturalis</strong></span> <span class='ocrx_word' id='word_1_28' title='bbox 547 515 576 564; x_wconf 89' lang='lat' dir='ltr'><strong>ct</strong></span> <span class='ocrx_word' id='word_1_29' title='bbox 589 526 752 583; x_wconf 87' lang='lat' dir='ltr'><strong>corporeus,</strong></span> <span class='ocrx_word' id='word_1_30' title='bbox 769 511 819 568; x_wconf 88' lang='lat' dir='ltr'><strong>sed</strong></span> <span class='ocrx_word' id='word_1_31' title='bbox 872 516 929 576; x_wconf 87' lang='lat' dir='ltr'><strong>clo,</strong></span> <span class='ocrx_word' id='word_1_32' title='bbox 945 512 1032 569; x_wconf 90' lang='lat' dir='ltr'><strong>totius</strong></span> <span class='ocrx_word' id='word_1_33' title='bbox 1047 512 1194 569; x_wconf 71' lang='lat' dir='ltr'><strong>Trinitatis</strong></span> <span class='ocrx_word' id='word_1_34' title='bbox 1208 514 1270 569; x_wconf 83' lang='lat' dir='ltr'><strong>llari</strong></span> <span class='ocrx_word' id='word_1_35' title='bbox 1283 519 1588 589; x_wconf 69' lang='lat' dir='ltr'><strong>comprehensionem</strong></span> <span class='ocrx_word' id='word_1_36' title='bbox 1603 521 1721 579; x_wconf 90' lang='lat' dir='ltr'><strong>demon-</strong></span> 
     </span>
     <span class='ocr_line' id='line_1_4' title="bbox 85 597 1721 677; baseline 0.008 -24"><span class='ocrx_word' id='word_1_37' title='bbox 85 597 108 653; x_wconf 88' lang='lat' dir='ltr'><strong>is</strong></span> <span class='ocrx_word' id='word_1_38' title='bbox 122 602 151 652; x_wconf 91' lang='lat' dir='ltr'><strong>et</strong></span> <span class='ocrx_word' id='word_1_39' title='bbox 175 597 335 652; x_wconf 85' lang='lat' dir='ltr'><strong>invisibilis.</strong></span> <span class='ocrx_word' id='word_1_40' title='bbox 353 598 430 669; x_wconf 92' lang='lat' dir='ltr'><strong>lgnis</strong></span> <span class='ocrx_word' id='word_1_41' title='bbox 445 615 514 670; x_wconf 92' lang='lat' dir='ltr'><strong>ergo</strong></span> <span class='ocrx_word' id='word_1_42' title='bbox 538 601 611 654; x_wconf 82' lang='lat' dir='ltr'><strong>Deus</strong></span> <span class='ocrx_word' id='word_1_43' title='bbox 628 602 722 668; x_wconf 84' lang='lat' dir='ltr'><strong>Pater,</strong></span> <span class='ocrx_word' id='word_1_44' title='bbox 744 600 819 671; x_wconf 89' lang='lat' dir='ltr'><strong>ignis</strong></span> <span class='ocrx_word' id='word_1_45' title='bbox 873 606 966 657; x_wconf 86' lang='lat' dir='ltr'><strong>straus</strong></span> <span class='ocrx_word' id='word_1_46' title='bbox 979 606 1090 659; x_wconf 83' lang='lat' dir='ltr'><strong>tautam</strong></span> <span class='ocrx_word' id='word_1_47' title='bbox 1106 603 1137 659; x_wconf 90' lang='lat' dir='ltr'><strong>in</strong></span> <span class='ocrx_word' id='word_1_48' title='bbox 1151 604 1242 658; x_wconf 92' lang='lat' dir='ltr'><strong>tribus</strong></span> <span class='ocrx_word' id='word_1_49' title='bbox 1255 605 1428 676; x_wconf 73' lang='lat' dir='ltr'><strong>equalitatis</strong></span> <span class='ocrx_word' id='word_1_50' title='bbox 1442 608 1674 677; x_wconf 86' lang='lat' dir='ltr'><strong>similitudinem,</strong></span> <span class='ocrx_word' id='word_1_51' title='bbox 1689 615 1721 666; x_wconf 90' lang='lat' dir='ltr'><strong>nt</strong></span> 
     </span>
     <span class='ocr_line' id='line_1_5' title="bbox 85 683 1719 765; baseline 0.009 -24"><span class='ocrx_word' id='word_1_52' title='bbox 85 683 163 752; x_wconf 91' lang='lat' dir='ltr'><strong>ilius,</strong></span> <span class='ocrx_word' id='word_1_53' title='bbox 179 686 255 757; x_wconf 87' lang='lat' dir='ltr'><strong>ignis</strong></span> <span class='ocrx_word' id='word_1_54' title='bbox 277 688 352 742; x_wconf 84' lang='lat' dir='ltr'><strong>llens</strong></span> <span class='ocrx_word' id='word_1_55' title='bbox 375 687 500 758; x_wconf 82' lang='lat' dir='ltr'><strong>Spiritus</strong></span> <span class='ocrx_word' id='word_1_56' title='bbox 514 695 647 743; x_wconf 85' lang='lat' dir='ltr'><strong>sanctus:</strong></span> <span class='ocrx_word' id='word_1_57' title='bbox 673 690 722 743; x_wconf 87' lang='lat' dir='ltr'><strong>sed</strong></span> <span class='ocrx_word' id='word_1_58' title='bbox 743 688 819 760; x_wconf 90' lang='lat' dir='ltr'><strong>iguis</strong></span> <span class='ocrx_word' id='word_1_59' title='bbox 875 705 932 745; x_wconf 89' lang='lat' dir='ltr'><strong>uno</strong></span> <span class='ocrx_word' id='word_1_60' title='bbox 954 691 1092 747; x_wconf 83' lang='lat' dir='ltr'><strong>vocabulo</strong></span> <span class='ocrx_word' id='word_1_61' title='bbox 1115 697 1173 747; x_wconf 91' lang='lat' dir='ltr'><strong>tres</strong></span> <span class='ocrx_word' id='word_1_62' title='bbox 1196 709 1327 764; x_wconf 81' lang='lat' dir='ltr'><strong>personne</strong></span> <span class='ocrx_word' id='word_1_63' title='bbox 1348 696 1559 765; x_wconf 80' lang='lat' dir='ltr'><strong>contineantur,</strong></span> <span class='ocrx_word' id='word_1_64' title='bbox 1584 699 1637 754; x_wconf 90' lang='lat' dir='ltr'><strong>etsi</strong></span> <span class='ocrx_word' id='word_1_65' title='bbox 1661 714 1719 754; x_wconf 90' lang='lat' dir='ltr'><strong>non</strong></span> 
     </span>
     <span class='ocr_line' id='line_1_6' title="bbox 85 773 1720 854; baseline 0.006 -23"><span class='ocrx_word' id='word_1_66' title='bbox 85 773 181 846; x_wconf 83' lang='lat' dir='ltr'><strong>aigne</strong></span> <span class='ocrx_word' id='word_1_67' title='bbox 194 776 267 830; x_wconf 84' lang='lat' dir='ltr'><strong>Deus</strong></span> <span class='ocrx_word' id='word_1_68' title='bbox 285 775 377 843; x_wconf 83' lang='lat' dir='ltr'><strong>Pater,</strong></span> <span class='ocrx_word' id='word_1_69' title='bbox 394 776 513 848; x_wconf 83' lang='lat' dir='ltr'><strong>quiade</strong></span> <span class='ocrx_word' id='word_1_70' title='bbox 532 777 614 833; x_wconf 85' lang='lat' dir='ltr'><strong>nvsllo</strong></span> <span class='ocrx_word' id='word_1_71' title='bbox 628 793 745 832; x_wconf 87' lang='lat' dir='ltr'><strong>sumens</strong></span> <span class='ocrx_word' id='word_1_72' title='bbox 761 778 819 832; x_wconf 90' lang='lat' dir='ltr'><strong>ori·</strong></span> <span class='ocrx_word' id='word_1_73' title='bbox 873 777 951 833; x_wconf 89' lang='lat' dir='ltr'><strong>vocis</strong></span> <span class='ocrx_word' id='word_1_74' title='bbox 969 779 1162 846; x_wconf 90' lang='lat' dir='ltr'><strong>distinctione,</strong></span> <span class='ocrx_word' id='word_1_75' title='bbox 1188 779 1306 835; x_wconf 87' lang='lat' dir='ltr'><strong>unitatis</strong></span> <span class='ocrx_word' id='word_1_76' title='bbox 1331 785 1427 836; x_wconf 88' lang='lat' dir='ltr'><strong>tamen</strong></span> <span class='ocrx_word' id='word_1_77' title='bbox 1451 785 1622 854; x_wconf 78' lang='lat' dir='ltr'><strong>esqualitate.</strong></span> <span class='ocrx_word' id='word_1_78' title='bbox 1639 784 1720 850; x_wconf 82' lang='lat' dir='ltr'><strong>Quod</strong></span> 
     </span>
     <span class='ocr_line' id='line_1_7' title="bbox 103 863 1721 941; baseline 0.008 -24"><span class='ocrx_word' id='word_1_79' title='bbox 103 863 181 937; x_wconf 86' lang='lat' dir='ltr'><strong>ignis</strong></span> <span class='ocrx_word' id='word_1_80' title='bbox 205 864 279 918; x_wconf 88' lang='lat' dir='ltr'><strong>tlens</strong></span> <span class='ocrx_word' id='word_1_81' title='bbox 303 864 400 931; x_wconf 83' lang='lat' dir='ltr'><strong>lilius,</strong></span> <span class='ocrx_word' id='word_1_82' title='bbox 423 865 528 921; x_wconf 86' lang='lat' dir='ltr'><strong>sedda</strong></span> <span class='ocrx_word' id='word_1_83' title='bbox 552 867 635 921; x_wconf 88' lang='lat' dir='ltr'><strong>Patre</strong></span> <span class='ocrx_word' id='word_1_84' title='bbox 658 866 734 938; x_wconf 90' lang='lat' dir='ltr'><strong>igne,</strong></span> <span class='ocrx_word' id='word_1_85' title='bbox 752 866 820 938; x_wconf 88' lang='lat' dir='ltr'><strong>quia</strong></span> <span class='ocrx_word' id='word_1_86' title='bbox 874 867 1053 925; x_wconf 85' lang='lat' dir='ltr'><strong>autemdicit</strong></span> <span class='ocrx_word' id='word_1_87' title='bbox 1077 885 1093 922; x_wconf 89' lang='lat' dir='ltr'><strong>a</strong></span> <span class='ocrx_word' id='word_1_88' title='bbox 1116 869 1198 924; x_wconf 82' lang='lat' dir='ltr'><strong>Patre</strong></span> <span class='ocrx_word' id='word_1_89' title='bbox 1220 869 1376 940; x_wconf 87' lang='lat' dir='ltr'><strong>procedere</strong></span> <span class='ocrx_word' id='word_1_90' title='bbox 1398 869 1547 941; x_wconf 86' lang='lat' dir='ltr'><strong>Spiritum,</strong></span> <span class='ocrx_word' id='word_1_91' title='bbox 1565 874 1640 928; x_wconf 89' lang='lat' dir='ltr'><strong>nulle</strong></span> <span class='ocrx_word' id='word_1_92' title='bbox 1654 873 1721 930; x_wconf 90' lang='lat' dir='ltr'><strong>hinc</strong></span> 
     </span>
     <span class='ocr_line' id='line_1_8' title="bbox 85 951 1721 1031; baseline 0.007 -25"><span class='ocrx_word' id='word_1_93' title='bbox 85 951 184 1019; x_wconf 85' lang='lat' dir='ltr'><strong>xillo;</strong></span> <span class='ocrx_word' id='word_1_94' title='bbox 201 957 231 1007; x_wconf 87' lang='lat' dir='ltr'><strong>et</strong></span> <span class='ocrx_word' id='word_1_95' title='bbox 245 952 322 1024; x_wconf 90' lang='lat' dir='ltr'><strong>iguis</strong></span> <span class='ocrx_word' id='word_1_96' title='bbox 342 953 465 1024; x_wconf 84' lang='lat' dir='ltr'><strong>Spiritus</strong></span> <span class='ocrx_word' id='word_1_97' title='bbox 484 959 608 1022; x_wconf 89' lang='lat' dir='ltr'><strong>sanctus,</strong></span> <span class='ocrx_word' id='word_1_98' title='bbox 625 955 674 1010; x_wconf 91' lang='lat' dir='ltr'><strong>scd</strong></span> <span class='ocrx_word' id='word_1_99' title='bbox 698 956 734 1011; x_wconf 95' lang='lat' dir='ltr'><strong>de</strong></span> <span class='ocrx_word' id='word_1_100' title='bbox 750 955 820 1010; x_wconf 81' lang='lat' dir='ltr'><strong>Filio</strong></span> <span class='ocrx_word' id='word_1_101' title='bbox 874 955 1010 1027; x_wconf 74' lang='lat' dir='ltr'><strong>quaestio;</strong></span> <span class='ocrx_word' id='word_1_102' title='bbox 1033 957 1181 1012; x_wconf 85' lang='lat' dir='ltr'><strong>nobiscum</strong></span> <span class='ocrx_word' id='word_1_103' title='bbox 1208 958 1284 1012; x_wconf 84' lang='lat' dir='ltr'><strong>enirn</strong></span> <span class='ocrx_word' id='word_1_104' title='bbox 1301 958 1329 1013; x_wconf 92' lang='lat' dir='ltr'><strong>id</strong></span> <span class='ocrx_word' id='word_1_105' title='bbox 1353 958 1503 1013; x_wconf 84' lang='lat' dir='ltr'><strong>letemini:</strong></span> <span class='ocrx_word' id='word_1_106' title='bbox 1530 962 1607 1031; x_wconf 90' lang='lat' dir='ltr'><strong>quod</strong></span> <span class='ocrx_word' id='word_1_107' title='bbox 1623 967 1721 1017; x_wconf 86' lang='lat' dir='ltr'><strong>autem</strong></span> 
     </span>
     <span class='ocr_line' id='line_1_9' title="bbox 85 1040 1720 1120; baseline 0.004 -23"><span class='ocrx_word' id='word_1_108' title='bbox 85 1040 135 1097; x_wconf 85' lang='lat' dir='ltr'><strong>uia</strong></span> <span class='ocrx_word' id='word_1_109' title='bbox 152 1043 310 1112; x_wconf 80' lang='lat' dir='ltr'><strong>procedens</strong></span> <span class='ocrx_word' id='word_1_110' title='bbox 326 1058 361 1096; x_wconf 84' lang='lat' dir='ltr'><strong>ex</strong></span> <span class='ocrx_word' id='word_1_111' title='bbox 379 1041 459 1097; x_wconf 84' lang='lat' dir='ltr'><strong>Filio.</strong></span> <span class='ocrx_word' id='word_1_112' title='bbox 478 1064 491 1094; x_wconf 79' lang='lat' dir='ltr'><strong>a</strong></span> <span class='ocrx_word' id='word_1_113' title='bbox 513 1045 585 1115; x_wconf 83' lang='lat' dir='ltr'><strong>lirgu</strong></span> <span class='ocrx_word' id='word_1_114' title='bbox 606 1045 727 1100; x_wconf 87' lang='lat' dir='ltr'><strong>dicendo</strong></span> <span class='ocrx_word' id='word_1_115' title='bbox 743 1044 819 1116; x_wconf 90' lang='lat' dir='ltr'><strong>quod</strong></span> <span class='ocrx_word' id='word_1_116' title='bbox 874 1043 915 1098; x_wconf 89' lang='lat' dir='ltr'><strong>ait</strong></span> <span class='ocrx_word' id='word_1_117' title='bbox 944 1044 1016 1100; x_wconf 79' lang='lat' dir='ltr'><strong>Filio</strong></span> <span class='ocrx_word' id='word_1_118' title='bbox 1045 1051 1223 1117; x_wconf 88' lang='lat' dir='ltr'><strong>nuncupato,</strong></span> <span class='ocrx_word' id='word_1_119' title='bbox 1246 1045 1386 1117; x_wconf 91' lang='lat' dir='ltr'><strong>Spiritum</strong></span> <span class='ocrx_word' id='word_1_120' title='bbox 1414 1047 1523 1119; x_wconf 88' lang='lat' dir='ltr'><strong>pariter</strong></span> <span class='ocrx_word' id='word_1_121' title='bbox 1551 1048 1720 1120; x_wconf 88' lang='lat' dir='ltr'><strong>nuncupari,</strong></span> 
     </span>
     <span class='ocr_line' id='line_1_10' title="bbox 85 1130 1721 1208; baseline 0.004 -23"><span class='ocrx_word' id='word_1_122' title='bbox 85 1134 97 1185; x_wconf 92' lang='lat' dir='ltr'><strong>l</strong></span> <span class='ocrx_word' id='word_1_123' title='bbox 114 1131 200 1200; x_wconf 89' lang='lat' dir='ltr'><strong>ignis,</strong></span> <span class='ocrx_word' id='word_1_124' title='bbox 216 1136 246 1185; x_wconf 87' lang='lat' dir='ltr'><strong>et</strong></span> <span class='ocrx_word' id='word_1_125' title='bbox 260 1130 335 1202; x_wconf 86' lang='lat' dir='ltr'><strong>ignis</strong></span> <span class='ocrx_word' id='word_1_126' title='bbox 354 1130 477 1202; x_wconf 83' lang='lat' dir='ltr'><strong>Spiritus</strong></span> <span class='ocrx_word' id='word_1_127' title='bbox 501 1137 626 1200; x_wconf 89' lang='lat' dir='ltr'><strong>sanctus,</strong></span> <span class='ocrx_word' id='word_1_128' title='bbox 644 1148 730 1187; x_wconf 90' lang='lat' dir='ltr'><strong>onem</strong></span> <span class='ocrx_word' id='word_1_129' title='bbox 752 1133 821 1188; x_wconf 92' lang='lat' dir='ltr'><strong>sub·</strong></span> <span class='ocrx_word' id='word_1_130' title='bbox 874 1134 941 1204; x_wconf 87' lang='lat' dir='ltr'><strong>quia</strong></span> <span class='ocrx_word' id='word_1_131' title='bbox 959 1133 1021 1189; x_wconf 81' lang='lat' dir='ltr'><strong>Filii</strong></span> <span class='ocrx_word' id='word_1_132' title='bbox 1042 1133 1079 1189; x_wconf 91' lang='lat' dir='ltr'><strong>sit</strong></span> <span class='ocrx_word' id='word_1_133' title='bbox 1095 1134 1229 1205; x_wconf 90' lang='lat' dir='ltr'><strong>Spiritus,</strong></span> <span class='ocrx_word' id='word_1_134' title='bbox 1246 1135 1313 1191; x_wconf 89' lang='lat' dir='ltr'><strong>hinc</strong></span> <span class='ocrx_word' id='word_1_135' title='bbox 1329 1151 1346 1190; x_wconf 93' lang='lat' dir='ltr'><strong>a</strong></span> <span class='ocrx_word' id='word_1_136' title='bbox 1368 1136 1453 1191; x_wconf 89' lang='lat' dir='ltr'><strong>nobis</strong></span> <span class='ocrx_word' id='word_1_137' title='bbox 1467 1134 1631 1190; x_wconf 86' lang='lat' dir='ltr'><strong>dividimini</strong></span> <span class='ocrx_word' id='word_1_138' title='bbox 1647 1152 1654 1191; x_wconf 78' lang='grc' dir='ltr'><strong>ι</strong></span> <span class='ocrx_word' id='word_1_139' title='bbox 1671 1137 1721 1208; x_wconf 94' lang='lat' dir='ltr'><strong>qui</strong></span> 
     </span>
     <span class='ocr_line' id='line_1_11' title="bbox 85 1218 1722 1296; baseline 0.004 -23"><span class='ocrx_word' id='word_1_140' title='bbox 85 1234 106 1273; x_wconf 85' lang='lat' dir='ltr'><strong>u</strong></span> <span class='ocrx_word' id='word_1_141' title='bbox 131 1220 221 1274; x_wconf 88' lang='lat' dir='ltr'><strong>totins</strong></span> <span class='ocrx_word' id='word_1_142' title='bbox 244 1218 391 1274; x_wconf 78' lang='lat' dir='ltr'><strong>Trinitatis</strong></span> <span class='ocrx_word' id='word_1_143' title='bbox 419 1220 556 1286; x_wconf 85' lang='lat' dir='ltr'><strong>ostendit;</strong></span> <span class='ocrx_word' id='word_1_144' title='bbox 583 1220 670 1275; x_wconf 88' lang='lat' dir='ltr'><strong>Patris</strong></span> <span class='ocrx_word' id='word_1_145' title='bbox 701 1220 820 1293; x_wconf 89' lang='lat' dir='ltr'><strong>quidem</strong></span> <span class='ocrx_word' id='word_1_146' title='bbox 874 1223 951 1278; x_wconf 90' lang='lat' dir='ltr'><strong>enim</strong></span> <span class='ocrx_word' id='word_1_147' title='bbox 968 1223 1097 1296; x_wconf 82' lang='lat' dir='ltr'><strong>profiteri</strong></span> <span class='ocrx_word' id='word_1_148' title='bbox 1113 1223 1253 1295; x_wconf 88' lang='lat' dir='ltr'><strong>ditlugitis</strong></span> <span class='ocrx_word' id='word_1_149' title='bbox 1271 1224 1411 1296; x_wconf 88' lang='lat' dir='ltr'><strong>Spiritum</strong></span> <span class='ocrx_word' id='word_1_150' title='bbox 1430 1241 1447 1279; x_wconf 89' lang='lat' dir='ltr'><strong>a</strong></span> <span class='ocrx_word' id='word_1_151' title='bbox 1470 1224 1540 1279; x_wconf 80' lang='lat' dir='ltr'><strong>Filio</strong></span> <span class='ocrx_word' id='word_1_152' title='bbox 1556 1224 1722 1296; x_wconf 87' lang='lat' dir='ltr'><strong>procedere,</strong></span> 
     </span>
     <span class='ocr_line' id='line_1_12' title="bbox 85 1306 1722 1385; baseline 0.003 -22"><span class='ocrx_word' id='word_1_153' title='bbox 85 1306 91 1363; x_wconf 92' lang='lat' dir='ltr'><strong>i</strong></span> <span class='ocrx_word' id='word_1_154' title='bbox 119 1307 231 1362; x_wconf 87' lang='lat' dir='ltr'><strong>socians</strong></span> <span class='ocrx_word' id='word_1_155' title='bbox 256 1323 417 1379; x_wconf 87' lang='lat' dir='ltr'><strong>personam,</strong></span> <span class='ocrx_word' id='word_1_156' title='bbox 449 1308 580 1375; x_wconf 83' lang='lat' dir='ltr'><strong>dicendo,</strong></span> <span class='ocrx_word' id='word_1_157' title='bbox 609 1309 686 1380; x_wconf 89' lang='lat' dir='ltr'><strong>Ignis</strong></span> <span class='ocrx_word' id='word_1_158' title='bbox 712 1311 787 1365; x_wconf 88' lang='lat' dir='ltr'><strong>lleus</strong></span> <span class='ocrx_word' id='word_1_159' title='bbox 811 1327 817 1365; x_wconf 92' lang='lat'>:</span> <span class='ocrx_word' id='word_1_160' title='bbox 874 1311 981 1383; x_wconf 89' lang='lat' dir='ltr'><strong>pariter</strong></span> <span class='ocrx_word' id='word_1_161' title='bbox 995 1328 1110 1385; x_wconf 89' lang='lat' dir='ltr'><strong>quoque</strong></span> <span class='ocrx_word' id='word_1_162' title='bbox 1124 1312 1265 1385; x_wconf 81' lang='lat' dir='ltr'><strong>diffugitis</strong></span> <span class='ocrx_word' id='word_1_163' title='bbox 1282 1313 1377 1368; x_wconf 91' lang='lat' dir='ltr'><strong>dicere</strong></span> <span class='ocrx_word' id='word_1_164' title='bbox 1391 1314 1469 1385; x_wconf 89' lang='lat' dir='ltr'><strong>quod</strong></span> <span class='ocrx_word' id='word_1_165' title='bbox 1485 1313 1522 1368; x_wconf 90' lang='lat' dir='ltr'><strong>sit</strong></span> <span class='ocrx_word' id='word_1_166' title='bbox 1540 1313 1662 1385; x_wconf 89' lang='lat' dir='ltr'><strong>Spiritus</strong></span> <span class='ocrx_word' id='word_1_167' title='bbox 1677 1314 1722 1369; x_wconf 83' lang='lat' dir='ltr'><strong>Ti·</strong></span> 
     </span>
     <span class='ocr_line' id='line_1_13' title="bbox 99 1395 1724 1473; baseline 0.004 -22"><span class='ocrx_word' id='word_1_168' title='bbox 99 1395 251 1451; x_wconf 79' lang='lat' dir='ltr'><strong>subintulit</strong></span> <span class='ocrx_word' id='word_1_169' title='bbox 272 1397 395 1467; x_wconf 84' lang='lat' dir='ltr'><strong>Spiritus</strong></span> <span class='ocrx_word' id='word_1_170' title='bbox 419 1398 518 1466; x_wconf 90' lang='lat' dir='ltr'><strong>seucti,</strong></span> <span class='ocrx_word' id='word_1_171' title='bbox 544 1397 660 1453; x_wconf 89' lang='lat' dir='ltr'><strong>diceus:</strong></span> <span class='ocrx_word' id='word_1_172' title='bbox 687 1399 719 1453; x_wconf 86' lang='lat' dir='ltr'><strong>El</strong></span> <span class='ocrx_word' id='word_1_173' title='bbox 745 1397 820 1469; x_wconf 91' lang='lat' dir='ltr'><strong>ignis</strong></span> <span class='ocrx_word' id='word_1_174' title='bbox 873 1399 924 1456; x_wconf 91' lang='lat' dir='ltr'><strong>lii:</strong></span> <span class='ocrx_word' id='word_1_175' title='bbox 941 1401 965 1456; x_wconf 89' lang='lat' dir='ltr'><strong>si</strong></span> <span class='ocrx_word' id='word_1_176' title='bbox 980 1416 1038 1456; x_wconf 90' lang='lat' dir='ltr'><strong>non</strong></span> <span class='ocrx_word' id='word_1_177' title='bbox 1062 1401 1140 1456; x_wconf 88' lang='lat' dir='ltr'><strong>enirn</strong></span> <span class='ocrx_word' id='word_1_178' title='bbox 1162 1402 1267 1457; x_wconf 87' lang='lat' dir='ltr'><strong>abillo</strong></span> <span class='ocrx_word' id='word_1_179' title='bbox 1287 1401 1426 1473; x_wconf 90' lang='lat' dir='ltr'><strong>procedit,</strong></span> <span class='ocrx_word' id='word_1_180' title='bbox 1443 1417 1500 1456; x_wconf 91' lang='lat' dir='ltr'><strong>nou</strong></span> <span class='ocrx_word' id='word_1_181' title='bbox 1517 1407 1594 1457; x_wconf 90' lang='lat' dir='ltr'><strong>recte</strong></span> <span class='ocrx_word' id='word_1_182' title='bbox 1618 1401 1724 1457; x_wconf 86' lang='lat' dir='ltr'><strong>dicitur</strong></span> 
     </span>
     <span class='ocr_line' id='line_1_14' title="bbox 85 1487 1724 1562; baseline 0.004 -23"><span class='ocrx_word' id='word_1_183' title='bbox 85 1492 245 1540; x_wconf 86' lang='lat' dir='ltr'><strong>ssanctus.</strong></span> <span class='ocrx_word' id='word_1_184' title='bbox 271 1487 328 1540; x_wconf 88' lang='lat' dir='ltr'><strong>Cur</strong></span> <span class='ocrx_word' id='word_1_185' title='bbox 351 1492 448 1541; x_wconf 89' lang='lat' dir='ltr'><strong>eutem</strong></span> <span class='ocrx_word' id='word_1_186' title='bbox 463 1487 581 1541; x_wconf 91' lang='lat' dir='ltr'><strong>seorsim</strong></span> <span class='ocrx_word' id='word_1_187' title='bbox 602 1487 695 1541; x_wconf 88' lang='lat' dir='ltr'><strong>Patris</strong></span> <span class='ocrx_word' id='word_1_188' title='bbox 710 1490 737 1541; x_wconf 88' lang='lat' dir='ltr'><strong>et</strong></span> <span class='ocrx_word' id='word_1_189' title='bbox 757 1487 820 1542; x_wconf 85' lang='lat' dir='ltr'><strong>Filii</strong></span> <span class='ocrx_word' id='word_1_190' title='bbox 874 1488 999 1560; x_wconf 83' lang='lat' dir='ltr'><strong>Spiritus</strong></span> <span class='ocrx_word' id='word_1_191' title='bbox 1019 1489 1100 1561; x_wconf 88' lang='lat' dir='ltr'><strong>ejus:</strong></span> <span class='ocrx_word' id='word_1_192' title='bbox 1126 1488 1233 1544; x_wconf 89' lang='lat' dir='ltr'><strong>dicitur</strong></span> <span class='ocrx_word' id='word_1_193' title='bbox 1257 1494 1353 1544; x_wconf 86' lang='lat' dir='ltr'><strong>eutem</strong></span> <span class='ocrx_word' id='word_1_194' title='bbox 1379 1489 1503 1562; x_wconf 90' lang='lat' dir='ltr'><strong>Spiritus</strong></span> <span class='ocrx_word' id='word_1_195' title='bbox 1527 1489 1629 1557; x_wconf 88' lang='lat' dir='ltr'><strong>Petris,</strong></span> <span class='ocrx_word' id='word_1_196' title='bbox 1654 1490 1724 1562; x_wconf 89' lang='lat' dir='ltr'><strong>quia</strong></span> 
     </span>
     <span class='ocr_line' id='line_1_15' title="bbox 85 1573 1723 1650; baseline 0.002 -21"><span class='ocrx_word' id='word_1_197' title='bbox 85 1589 109 1629; x_wconf 84' lang='lat' dir='ltr'><strong>ts</strong></span> <span class='ocrx_word' id='word_1_198' title='bbox 128 1573 258 1645; x_wconf 77' lang='lat' dir='ltr'><strong>posuerit</strong></span> <span class='ocrx_word' id='word_1_199' title='bbox 272 1574 326 1629; x_wconf 91' lang='lat' dir='ltr'><strong>sub</strong></span> <span class='ocrx_word' id='word_1_200' title='bbox 351 1575 401 1630; x_wconf 87' lang='lat' dir='ltr'><strong>llei</strong></span> <span class='ocrx_word' id='word_1_201' title='bbox 416 1575 553 1631; x_wconf 88' lang='lat' dir='ltr'><strong>vocabulo</strong></span> <span class='ocrx_word' id='word_1_202' title='bbox 568 1575 762 1631; x_wconf 87' lang='lat' dir='ltr'><strong>communiter</strong></span> <span class='ocrx_word' id='word_1_203' title='bbox 775 1593 820 1632; x_wconf 91' lang='lat' dir='ltr'><strong>so·</strong></span> <span class='ocrx_word' id='word_1_204' title='bbox 874 1577 1035 1648; x_wconf 76' lang='lat' dir='ltr'><strong>procedito</strong></span> <span class='ocrx_word' id='word_1_205' title='bbox 1057 1579 1150 1645; x_wconf 88' lang='lat' dir='ltr'><strong>Patre,</strong></span> <span class='ocrx_word' id='word_1_206' title='bbox 1167 1593 1199 1633; x_wconf 87' lang='lat' dir='ltr'><strong>ac</strong></span> <span class='ocrx_word' id='word_1_207' title='bbox 1213 1593 1265 1650; x_wconf 85' lang='lat' dir='ltr'><strong>per</strong></span> <span class='ocrx_word' id='word_1_208' title='bbox 1285 1577 1349 1646; x_wconf 88' lang='lat' dir='ltr'><strong>hoc,</strong></span> <span class='ocrx_word' id='word_1_209' title='bbox 1364 1583 1531 1649; x_wconf 88' lang='lat' dir='ltr'><strong>nuncupato</strong></span> <span class='ocrx_word' id='word_1_210' title='bbox 1556 1577 1636 1647; x_wconf 85' lang='lat' dir='ltr'><strong>Filio,</strong></span> <span class='ocrx_word' id='word_1_211' title='bbox 1662 1593 1723 1633; x_wconf 89' lang='lat' dir='ltr'><strong>uon</strong></span> 
     </span>
     <span class='ocr_line' id='line_1_16' title="bbox 85 1661 1723 1739; baseline 0.002 -22"><span class='ocrx_word' id='word_1_212' title='bbox 85 1661 251 1732; x_wconf 85' lang='lat' dir='ltr'><strong>etSpiritus</strong></span> <span class='ocrx_word' id='word_1_213' title='bbox 267 1662 367 1717; x_wconf 83' lang='lat' dir='ltr'><strong>sancti</strong></span> <span class='ocrx_word' id='word_1_214' title='bbox 381 1663 501 1718; x_wconf 80' lang='lat' dir='ltr'><strong>seorsim</strong></span> <span class='ocrx_word' id='word_1_215' title='bbox 516 1663 694 1735; x_wconf 78' lang='lat' dir='ltr'><strong>distinguere</strong></span> <span class='ocrx_word' id='word_1_216' title='bbox 709 1665 820 1720; x_wconf 85' lang='lat' dir='ltr'><strong>malue·</strong></span> <span class='ocrx_word' id='word_1_217' title='bbox 874 1666 959 1722; x_wconf 89' lang='lat' dir='ltr'><strong>simul</strong></span> <span class='ocrx_word' id='word_1_218' title='bbox 984 1666 1158 1738; x_wconf 75' lang='lat' dir='ltr'><strong>intelligitur</strong></span> <span class='ocrx_word' id='word_1_219' title='bbox 1179 1668 1356 1738; x_wconf 88' lang='lat' dir='ltr'><strong>nuncupatio</strong></span> <span class='ocrx_word' id='word_1_220' title='bbox 1382 1666 1505 1739; x_wconf 87' lang='lat' dir='ltr'><strong>Spiritus</strong></span> <span class='ocrx_word' id='word_1_221' title='bbox 1529 1666 1634 1734; x_wconf 72' lang='lat' dir='ltr'><strong>suncti,</strong></span> <span class='ocrx_word' id='word_1_222' title='bbox 1665 1682 1723 1722; x_wconf 91' lang='lat' dir='ltr'><strong>non</strong></span> 
     </span>
     <span class='ocr_line' id='line_1_17' title="bbox 98 1710 1723 1828; baseline 0.002 -22"><span class='ocrx_word' id='word_1_223' title='bbox 98 1749 132 1806; x_wconf 86' lang='lat' dir='ltr'><strong>iu</strong></span> <span class='ocrx_word' id='word_1_224' title='bbox 151 1750 276 1806; x_wconf 88' lang='lat' dir='ltr'><strong>evidenti</strong></span> <span class='ocrx_word' id='word_1_225' title='bbox 297 1757 348 1807; x_wconf 88' lang='lat' dir='ltr'><strong>est.</strong></span> <span class='ocrx_word' id='word_1_226' title='bbox 364 1752 459 1808; x_wconf 90' lang='lat' dir='ltr'><strong>lloluit</strong></span> <span class='ocrx_word' id='word_1_227' title='bbox 481 1753 581 1822; x_wconf 88' lang='lat' dir='ltr'><strong>utique</strong></span> <span class='ocrx_word' id='word_1_228' title='bbox 596 1758 756 1809; x_wconf 87' lang='lat' dir='ltr'><strong>monstrare</strong></span> <span class='ocrx_word' id='word_1_229' title='bbox 770 1753 821 1809; x_wconf 85' lang='lat' dir='ltr'><strong>tali</strong></span> <span class='ocrx_word' id='word_1_230' title='bbox 841 1710 954 1811; x_wconf 62' lang='lat' dir='ltr'><strong>Benim</strong></span> <span class='ocrx_word' id='word_1_231' title='bbox 991 1759 1083 1828; x_wconf 89' lang='lat' dir='ltr'><strong>potest</strong></span> <span class='ocrx_word' id='word_1_232' title='bbox 1123 1754 1201 1810; x_wconf 92' lang='lat' dir='ltr'><strong>illius</strong></span> <span class='ocrx_word' id='word_1_233' title='bbox 1242 1755 1458 1827; x_wconf 80' lang='lat' dir='ltr'><strong>nuncupatione</strong></span> <span class='ocrx_word' id='word_1_234' title='bbox 1497 1755 1723 1826; x_wconf 88' lang='lat' dir='ltr'><strong>comprehensus</strong></span> 
     </span>
     <span class='ocr_line' id='line_1_18' title="bbox 85 1836 1722 1916; baseline 0.003 -22"><span class='ocrx_word' id='word_1_235' title='bbox 85 1836 167 1908; x_wconf 84' lang='lat' dir='ltr'><strong>ione,</strong></span> <span class='ocrx_word' id='word_1_236' title='bbox 182 1837 280 1910; x_wconf 86' lang='lat' dir='ltr'><strong>iguem</strong></span> <span class='ocrx_word' id='word_1_237' title='bbox 299 1840 439 1912; x_wconf 91' lang='lat' dir='ltr'><strong>Spiritum</strong></span> <span class='ocrx_word' id='word_1_238' title='bbox 460 1852 591 1896; x_wconf 86' lang='lat' dir='ltr'><strong>sanctum</strong></span> <span class='ocrx_word' id='word_1_239' title='bbox 606 1841 641 1896; x_wconf 92' lang='lat' dir='ltr'><strong>de</strong></span> <span class='ocrx_word' id='word_1_240' title='bbox 656 1841 722 1913; x_wconf 86' lang='lat' dir='ltr'><strong>igne</strong></span> <span class='ocrx_word' id='word_1_241' title='bbox 738 1842 821 1897; x_wconf 87' lang='lat' dir='ltr'><strong>Patre</strong></span> <span class='ocrx_word' id='word_1_242' title='bbox 875 1843 998 1911; x_wconf 89' lang='lat' dir='ltr'><strong>ostendi,</strong></span> <span class='ocrx_word' id='word_1_243' title='bbox 1024 1844 1106 1916; x_wconf 86' lang='lat' dir='ltr'><strong>cujus</strong></span> <span class='ocrx_word' id='word_1_244' title='bbox 1134 1859 1193 1899; x_wconf 91' lang='lat' dir='ltr'><strong>uon</strong></span> <span class='ocrx_word' id='word_1_245' title='bbox 1226 1847 1268 1898; x_wconf 90' lang='lat' dir='ltr'><strong>est</strong></span> <span class='ocrx_word' id='word_1_246' title='bbox 1296 1843 1434 1914; x_wconf 87' lang='lat' dir='ltr'><strong>Spiritus;</strong></span> <span class='ocrx_word' id='word_1_247' title='bbox 1465 1860 1524 1898; x_wconf 89' lang='lat' dir='ltr'><strong>uon</strong></span> <span class='ocrx_word' id='word_1_248' title='bbox 1552 1849 1596 1899; x_wconf 91' lang='lat' dir='ltr'><strong>est</strong></span> <span class='ocrx_word' id='word_1_249' title='bbox 1624 1849 1722 1899; x_wconf 78' lang='lat' dir='ltr'><strong>alitem</strong></span> 
     </span>
     <span class='ocr_line' id='line_1_19' title="bbox 85 1927 1722 2004; baseline 0.003 -22"><span class='ocrx_word' id='word_1_250' title='bbox 85 1927 281 1998; x_wconf 87' lang='lat' dir='ltr'><strong>eprocedere.</strong></span> <span class='ocrx_word' id='word_1_251' title='bbox 875 1931 938 2003; x_wconf 87' lang='lat' dir='ltr'><strong>ejus</strong></span> <span class='ocrx_word' id='word_1_252' title='bbox 960 1947 978 1986; x_wconf 88' lang='lat' dir='ltr'><strong>a</strong></span> <span class='ocrx_word' id='word_1_253' title='bbox 999 1947 1056 2004; x_wconf 90' lang='lat' dir='ltr'><strong>qno</strong></span> <span class='ocrx_word' id='word_1_254' title='bbox 1080 1947 1139 1986; x_wconf 89' lang='lat' dir='ltr'><strong>non</strong></span> <span class='ocrx_word' id='word_1_255' title='bbox 1164 1930 1303 2002; x_wconf 89' lang='lat' dir='ltr'><strong>procedit,</strong></span> <span class='ocrx_word' id='word_1_256' title='bbox 1331 1937 1446 1986; x_wconf 89' lang='lat' dir='ltr'><strong>sanctus</strong></span> <span class='ocrx_word' id='word_1_257' title='bbox 1470 1934 1567 1987; x_wconf 90' lang='lat' dir='ltr'><strong>autem</strong></span> <span class='ocrx_word' id='word_1_258' title='bbox 1596 1931 1722 1988; x_wconf 83' lang='lat' dir='ltr'><strong>Ambro-</strong></span> 
     </span>
     <span class='ocr_line' id='line_1_20' title="bbox 85 2015 1722 2092; baseline 0.003 -22"><span class='ocrx_word' id='word_1_259' title='bbox 85 2019 127 2071; x_wconf 85' lang='lat' dir='ltr'><strong>tus</strong></span> <span class='ocrx_word' id='word_1_260' title='bbox 152 2015 307 2087; x_wconf 76' lang='lat' dir='ltr'><strong>Gregorius</strong></span> <span class='ocrx_word' id='word_1_261' title='bbox 330 2032 395 2071; x_wconf 88' lang='lat' dir='ltr'><strong>curn</strong></span> <span class='ocrx_word' id='word_1_262' title='bbox 418 2016 450 2071; x_wconf 92' lang='lat' dir='ltr'><strong>in</strong></span> <span class='ocrx_word' id='word_1_263' title='bbox 474 2017 597 2072; x_wconf 84' lang='lat' dir='ltr'><strong>Ecclesia</strong></span> <span class='ocrx_word' id='word_1_264' title='bbox 620 2018 821 2073; x_wconf 85' lang='lat' dir='ltr'><strong>Constantino·</strong></span> <span class='ocrx_word' id='word_1_265' title='bbox 875 2020 934 2076; x_wconf 90' lang='lat' dir='ltr'><strong>sius</strong></span> <span class='ocrx_word' id='word_1_266' title='bbox 959 2019 1029 2075; x_wconf 91' lang='lat' dir='ltr'><strong>dicit</strong></span> <span class='ocrx_word' id='word_1_267' title='bbox 1051 2020 1119 2092; x_wconf 89' lang='lat' dir='ltr'><strong>quie</strong></span> <span class='ocrx_word' id='word_1_268' title='bbox 1138 2019 1202 2075; x_wconf 87' lang='lat' dir='ltr'><strong>Filii</strong></span> <span class='ocrx_word' id='word_1_269' title='bbox 1224 2019 1261 2074; x_wconf 92' lang='lat' dir='ltr'><strong>sil</strong></span> <span class='ocrx_word' id='word_1_270' title='bbox 1275 2019 1409 2091; x_wconf 86' lang='lat' dir='ltr'><strong>Spiritus,</strong></span> <span class='ocrx_word' id='word_1_271' title='bbox 1433 2020 1564 2092; x_wconf 88' lang='lat' dir='ltr'><strong>procedit</strong></span> <span class='ocrx_word' id='word_1_272' title='bbox 1591 2020 1681 2092; x_wconf 89' lang='lat' dir='ltr'><strong>igilur</strong></span> <span class='ocrx_word' id='word_1_273' title='bbox 1706 2036 1722 2075; x_wconf 88' lang='lat' dir='ltr'><strong>a</strong></span> 
     </span>
     <span class='ocr_line' id='line_1_21' title="bbox 85 2102 958 2174; baseline 0.003 -15"><span class='ocrx_word' id='word_1_274' title='bbox 85 2119 101 2159; x_wconf 86' lang='grc' dir='ltr'>ι</span> <span class='ocrx_word' id='word_1_275' title='bbox 122 2102 158 2158; x_wconf 87' lang='lat' dir='ltr'><strong>de</strong></span> <span class='ocrx_word' id='word_1_276' title='bbox 180 2103 287 2174; x_wconf 88' lang='lat' dir='ltr'><strong>Spiritu</strong></span> <span class='ocrx_word' id='word_1_277' title='bbox 303 2111 399 2160; x_wconf 87' lang='lat' dir='ltr'><strong>sancto</strong></span> <span class='ocrx_word' id='word_1_278' title='bbox 418 2105 486 2160; x_wconf 89' lang='lat' dir='ltr'><strong>talis</strong></span> <span class='ocrx_word' id='word_1_279' title='bbox 504 2111 661 2174; x_wconf 77' lang='lat' dir='ltr'><strong>tractasset,</strong></span> <span class='ocrx_word' id='word_1_280' title='bbox 676 2112 705 2163; x_wconf 89' lang='lat' dir='ltr'><strong>et</strong></span> <span class='ocrx_word' id='word_1_281' title='bbox 719 2107 822 2162; x_wconf 86' lang='lat' dir='ltr'><strong>litteris</strong></span> <span class='ocrx_word' id='word_1_282' title='bbox 878 2108 958 2164; x_wconf 86' lang='lat' dir='ltr'><strong>Filio.</strong></span> 
     </span>
     <span class='ocr_line' id='line_1_22' title="bbox 85 2192 1723 2268; baseline 0.004 -22"><span class='ocrx_word' id='word_1_283' title='bbox 85 2195 147 2258; x_wconf 80' lang='lat' dir='ltr'><strong>seat,</strong></span> <span class='ocrx_word' id='word_1_284' title='bbox 163 2192 270 2264; x_wconf 90' lang='lat' dir='ltr'><strong>quibus</strong></span> <span class='ocrx_word' id='word_1_285' title='bbox 293 2193 423 2264; x_wconf 91' lang='lat' dir='ltr'><strong>probavit</strong></span> <span class='ocrx_word' id='word_1_286' title='bbox 446 2194 585 2266; x_wconf 90' lang='lat' dir='ltr'><strong>Spiritum</strong></span> <span class='ocrx_word' id='word_1_287' title='bbox 607 2201 738 2251; x_wconf 88' lang='lat' dir='ltr'><strong>sanctum</strong></span> <span class='ocrx_word' id='word_1_288' title='bbox 752 2211 821 2251; x_wconf 91' lang='lat' dir='ltr'><strong>con·</strong></span> <span class='ocrx_word' id='word_1_289' title='bbox 912 2197 942 2251; x_wconf 92' lang='lat' dir='ltr'><strong>ln</strong></span> <span class='ocrx_word' id='word_1_290' title='bbox 966 2195 1205 2268; x_wconf 86' lang='lat' dir='ltr'><strong>consequentibus</strong></span> <span class='ocrx_word' id='word_1_291' title='bbox 1219 2194 1297 2250; x_wconf 90' lang='lat' dir='ltr'><strong>idem</strong></span> <span class='ocrx_word' id='word_1_292' title='bbox 1317 2194 1462 2268; x_wconf 90' lang='lat' dir='ltr'><strong>loquitur:</strong></span> <span class='ocrx_word' id='word_1_293' title='bbox 1481 2217 1495 2246; x_wconf 78' lang='lat' dir='ltr'><strong>a</strong></span> <span class='ocrx_word' id='word_1_294' title='bbox 1510 2195 1565 2261; x_wconf 80' lang='lat' dir='ltr'><strong>Qui</strong></span> <span class='ocrx_word' id='word_1_295' title='bbox 1584 2195 1723 2268; x_wconf 86' lang='lat' dir='ltr'><strong>Spiritum</strong></span> 
     </span>
     <span class='ocr_line' id='line_1_23' title="bbox 85 2278 1722 2356; baseline 0.002 -21"><span class='ocrx_word' id='word_1_296' title='bbox 85 2278 190 2335; x_wconf 81' lang='lat' dir='ltr'><strong>ltielem</strong></span> <span class='ocrx_word' id='word_1_297' title='bbox 215 2280 306 2336; x_wconf 89' lang='lat' dir='ltr'><strong>Patris</strong></span> <span class='ocrx_word' id='word_1_298' title='bbox 326 2281 446 2354; x_wconf 84' lang='lat' dir='ltr'><strong>Titiique</strong></span> <span class='ocrx_word' id='word_1_299' title='bbox 468 2299 540 2349; x_wconf 90' lang='lat' dir='ltr'><strong>esse,</strong></span> <span class='ocrx_word' id='word_1_300' title='bbox 556 2289 584 2338; x_wconf 88' lang='lat' dir='ltr'><strong>ct</strong></span> <span class='ocrx_word' id='word_1_301' title='bbox 608 2283 643 2338; x_wconf 92' lang='lat' dir='ltr'><strong>de</strong></span> <span class='ocrx_word' id='word_1_302' title='bbox 668 2283 738 2339; x_wconf 84' lang='lat' dir='ltr'><strong>Filio</strong></span> <span class='ocrx_word' id='word_1_303' title='bbox 759 2300 822 2356; x_wconf 92' lang='lat' dir='ltr'><strong>pro·</strong></span> <span class='ocrx_word' id='word_1_304' title='bbox 876 2291 1006 2341; x_wconf 89' lang='lat' dir='ltr'><strong>sanctum</strong></span> <span class='ocrx_word' id='word_1_305' title='bbox 1023 2283 1149 2356; x_wconf 88' lang='lat' dir='ltr'><strong>negabit,</strong></span> <span class='ocrx_word' id='word_1_306' title='bbox 1164 2289 1192 2339; x_wconf 92' lang='lat' dir='ltr'><strong>et</strong></span> <span class='ocrx_word' id='word_1_307' title='bbox 1208 2285 1297 2340; x_wconf 85' lang='lat' dir='ltr'><strong>ileum</strong></span> <span class='ocrx_word' id='word_1_308' title='bbox 1309 2285 1423 2340; x_wconf 83' lang='lat' dir='ltr'><strong>Patrem</strong></span> <span class='ocrx_word' id='word_1_309' title='bbox 1434 2284 1552 2355; x_wconf 86' lang='lat' dir='ltr'><strong>negabit</strong></span> <span class='ocrx_word' id='word_1_310' title='bbox 1562 2289 1590 2339; x_wconf 91' lang='lat' dir='ltr'><strong>et</strong></span> <span class='ocrx_word' id='word_1_311' title='bbox 1604 2284 1722 2340; x_wconf 81' lang='lat' dir='ltr'><strong>Filium:</strong></span> 
     </span>
     <span class='ocr_line' id='line_1_24' title="bbox 85 2371 1724 2446; baseline 0.003 -24"><span class='ocrx_word' id='word_1_312' title='bbox 85 2384 132 2434; x_wconf 83' lang='lat' dir='ltr'><strong>vm,</strong></span> <span class='ocrx_word' id='word_1_313' title='bbox 151 2384 203 2424; x_wconf 90' lang='lat' dir='ltr'><strong>nec</strong></span> <span class='ocrx_word' id='word_1_314' title='bbox 225 2374 324 2425; x_wconf 88' lang='lat' dir='ltr'><strong>tamen</strong></span> <span class='ocrx_word' id='word_1_315' title='bbox 338 2371 549 2442; x_wconf 87' lang='lat' dir='ltr'><strong>processionem</strong></span> <span class='ocrx_word' id='word_1_316' title='bbox 574 2371 666 2443; x_wconf 89' lang='lat' dir='ltr'><strong>ejusa</strong></span> <span class='ocrx_word' id='word_1_317' title='bbox 682 2374 764 2427; x_wconf 86' lang='lat' dir='ltr'><strong>Patre</strong></span> <span class='ocrx_word' id='word_1_318' title='bbox 779 2374 822 2428; x_wconf 83' lang='lat' dir='ltr'><strong>sel</strong></span> <span class='ocrx_word' id='word_1_319' title='bbox 876 2372 1015 2446; x_wconf 87' lang='lat' dir='ltr'><strong>quoniam</strong></span> <span class='ocrx_word' id='word_1_320' title='bbox 1031 2372 1108 2427; x_wconf 89' lang='lat' dir='ltr'><strong>idam</strong></span> <span class='ocrx_word' id='word_1_321' title='bbox 1123 2377 1167 2427; x_wconf 90' lang='lat' dir='ltr'><strong>est</strong></span> <span class='ocrx_word' id='word_1_322' title='bbox 1184 2372 1307 2442; x_wconf 88' lang='lat' dir='ltr'><strong>Spiritus</strong></span> <span class='ocrx_word' id='word_1_323' title='bbox 1330 2371 1390 2439; x_wconf 88' lang='lat' dir='ltr'><strong>llei,</strong></span> <span class='ocrx_word' id='word_1_324' title='bbox 1406 2371 1456 2444; x_wconf 90' lang='lat' dir='ltr'><strong>qui</strong></span> <span class='ocrx_word' id='word_1_325' title='bbox 1481 2371 1587 2428; x_wconf 89' lang='lat' dir='ltr'><strong>Christi</strong></span> <span class='ocrx_word' id='word_1_326' title='bbox 1601 2371 1724 2445; x_wconf 88' lang='lat' dir='ltr'><strong>Spiritus</strong></span> 
     </span>
     <span class='ocr_line' id='line_1_25' title="bbox 98 2459 1722 2533; baseline 0.001 -21"><span class='ocrx_word' id='word_1_327' title='bbox 98 2459 143 2513; x_wconf 84' lang='lat' dir='ltr'><strong>rel</strong></span> <span class='ocrx_word' id='word_1_328' title='bbox 168 2459 327 2529; x_wconf 88' lang='lat' dir='ltr'><strong>derogans,</strong></span> <span class='ocrx_word' id='word_1_329' title='bbox 352 2459 402 2514; x_wconf 91' lang='lat' dir='ltr'><strong>sed</strong></span> <span class='ocrx_word' id='word_1_330' title='bbox 426 2459 666 2530; x_wconf 89' lang='lat' dir='ltr'><strong>omnipotentiam</strong></span> <span class='ocrx_word' id='word_1_331' title='bbox 694 2462 765 2533; x_wconf 87' lang='lat' dir='ltr'><strong>ejus,</strong></span> <span class='ocrx_word' id='word_1_332' title='bbox 795 2466 824 2517; x_wconf 90' lang='lat' dir='ltr'><strong>et</strong></span> <span class='ocrx_word' id='word_1_333' title='bbox 876 2467 937 2517; x_wconf 89' lang='lat' dir='ltr'><strong>est:</strong></span> <span class='ocrx_word' id='word_1_334' title='bbox 955 2477 1044 2517; x_wconf 89' lang='lat' dir='ltr'><strong>unum</strong></span> <span class='ocrx_word' id='word_1_335' title='bbox 1061 2466 1158 2516; x_wconf 88' lang='lat' dir='ltr'><strong>aulem</strong></span> <span class='ocrx_word' id='word_1_336' title='bbox 1173 2477 1236 2516; x_wconf 88' lang='lat' dir='ltr'><strong>esse</strong></span> <span class='ocrx_word' id='word_1_337' title='bbox 1253 2460 1392 2532; x_wconf 87' lang='lat' dir='ltr'><strong>Spiritum</strong></span> <span class='ocrx_word' id='word_1_338' title='bbox 1407 2476 1493 2516; x_wconf 87' lang='lat' dir='ltr'><strong>nemo</strong></span> <span class='ocrx_word' id='word_1_339' title='bbox 1509 2459 1691 2516; x_wconf 83' lang='lat' dir='ltr'><strong>dubitaverit.</strong></span> <span class='ocrx_word' id='word_1_340' title='bbox 1711 2482 1722 2508; x_wconf 85' lang='grc' dir='ltr'>ι</span> 
     </span>
     <span class='ocr_line' id='line_1_26' title="bbox 85 2545 1723 2622; baseline 0.001 -20"><span class='ocrx_word' id='word_1_341' title='bbox 85 2545 204 2602; x_wconf 75' lang='lat' dir='ltr'><strong>ationem</strong></span> <span class='ocrx_word' id='word_1_342' title='bbox 230 2550 291 2618; x_wconf 88' lang='lat' dir='ltr'><strong>ejus</strong></span> <span class='ocrx_word' id='word_1_343' title='bbox 315 2548 390 2603; x_wconf 84' lang='lat' dir='ltr'><strong>Petri</strong></span> <span class='ocrx_word' id='word_1_344' title='bbox 420 2549 551 2621; x_wconf 84' lang='lat' dir='ltr'><strong>Filioque</strong></span> <span class='ocrx_word' id='word_1_345' title='bbox 575 2566 628 2620; x_wconf 89' lang='lat' dir='ltr'><strong>per</strong></span> <span class='ocrx_word' id='word_1_346' title='bbox 652 2551 749 2606; x_wconf 88' lang='lat' dir='ltr'><strong>omnia</strong></span> <span class='ocrx_word' id='word_1_347' title='bbox 774 2566 822 2606; x_wconf 90' lang='lat' dir='ltr'><strong>co·</strong></span> <span class='ocrx_word' id='word_1_348' title='bbox 876 2551 987 2617; x_wconf 81' lang='lat' dir='ltr'><strong>Quanta</strong></span> <span class='ocrx_word' id='word_1_349' title='bbox 1005 2550 1041 2606; x_wconf 91' lang='lat' dir='ltr'><strong>sit</strong></span> <span class='ocrx_word' id='word_1_350' title='bbox 1066 2549 1170 2613; x_wconf 88' lang='lat' dir='ltr'><strong>unitas,</strong></span> <span class='ocrx_word' id='word_1_351' title='bbox 1191 2555 1300 2622; x_wconf 87' lang='lat' dir='ltr'><strong>quanta</strong></span> <span class='ocrx_word' id='word_1_352' title='bbox 1323 2549 1605 2605; x_wconf 76' lang='lat' dir='ltr'><strong>consubstantialitas</strong></span> <span class='ocrx_word' id='word_1_353' title='bbox 1630 2547 1723 2620; x_wconf 87' lang='lat' dir='ltr'><strong>Spiri-</strong></span> 
     </span>
     <span class='ocr_line' id='line_1_27' title="bbox 85 2635 1726 2710; baseline 0 -20"><span class='ocrx_word' id='word_1_354' title='bbox 85 2652 104 2704; x_wconf 85' lang='lat' dir='ltr'><strong>s,</strong></span> <span class='ocrx_word' id='word_1_355' title='bbox 120 2652 191 2691; x_wconf 89' lang='lat' dir='ltr'><strong>num</strong></span> <span class='ocrx_word' id='word_1_356' title='bbox 214 2637 346 2706; x_wconf 89' lang='lat' dir='ltr'><strong>repulsus</strong></span> <span class='ocrx_word' id='word_1_357' title='bbox 363 2642 406 2691; x_wconf 91' lang='lat' dir='ltr'><strong>est</strong></span> <span class='ocrx_word' id='word_1_358' title='bbox 427 2637 463 2692; x_wconf 88' lang='lat' dir='ltr'><strong>ab</strong></span> <span class='ocrx_word' id='word_1_359' title='bbox 484 2638 625 2693; x_wconf 75' lang='lat' dir='ltr'><strong>Ecclesia?</strong></span> <span class='ocrx_word' id='word_1_360' title='bbox 648 2639 723 2694; x_wconf 89' lang='lat' dir='ltr'><strong>Num</strong></span> <span class='ocrx_word' id='word_1_361' title='bbox 747 2638 823 2695; x_wconf 90' lang='lat' dir='ltr'><strong>illins</strong></span> <span class='ocrx_word' id='word_1_362' title='bbox 876 2644 1002 2695; x_wconf 88' lang='lat' dir='ltr'><strong>tuscum</strong></span> <span class='ocrx_word' id='word_1_363' title='bbox 1019 2641 1103 2695; x_wconf 87' lang='lat' dir='ltr'><strong>Patre</strong></span> <span class='ocrx_word' id='word_1_364' title='bbox 1126 2638 1256 2710; x_wconf 82' lang='lat' dir='ltr'><strong>Filioque</strong></span> <span class='ocrx_word' id='word_1_365' title='bbox 1282 2643 1436 2704; x_wconf 85' lang='lat' dir='ltr'><strong>monstrat,</strong></span> <span class='ocrx_word' id='word_1_366' title='bbox 1453 2638 1523 2694; x_wconf 91' lang='lat' dir='ltr'><strong>dom</strong></span> <span class='ocrx_word' id='word_1_367' title='bbox 1543 2637 1632 2693; x_wconf 88' lang='lat' dir='ltr'><strong>dicit:</strong></span> <span class='ocrx_word' id='word_1_368' title='bbox 1657 2635 1726 2709; x_wconf 88' lang='lat' dir='ltr'><strong>quia</strong></span> 
     </span>
     <span class='ocr_line' id='line_1_28' title="bbox 85 2724 1727 2801; baseline 0 -21"><span class='ocrx_word' id='word_1_369' title='bbox 85 2724 271 2797; x_wconf 84' lang='lat' dir='ltr'><strong>reprobatus?</strong></span> <span class='ocrx_word' id='word_1_370' title='bbox 285 2741 356 2781; x_wconf 92' lang='lat' dir='ltr'><strong>uum</strong></span> <span class='ocrx_word' id='word_1_371' title='bbox 371 2727 415 2781; x_wconf 92' lang='lat' dir='ltr'><strong>vel</strong></span> <span class='ocrx_word' id='word_1_372' title='bbox 429 2743 446 2781; x_wconf 90' lang='lat' dir='ltr'><strong>a</strong></span> <span class='ocrx_word' id='word_1_373' title='bbox 461 2726 581 2795; x_wconf 91' lang='lat' dir='ltr'><strong>civibus,</strong></span> <span class='ocrx_word' id='word_1_374' title='bbox 598 2729 640 2782; x_wconf 90' lang='lat' dir='ltr'><strong>vel</strong></span> <span class='ocrx_word' id='word_1_375' title='bbox 654 2727 690 2782; x_wconf 91' lang='lat' dir='ltr'><strong>ab</strong></span> <span class='ocrx_word' id='word_1_376' title='bbox 701 2727 824 2799; x_wconf 88' lang='lat' dir='ltr'><strong>impera·</strong></span> <span class='ocrx_word' id='word_1_377' title='bbox 877 2745 927 2801; x_wconf 81' lang='lat' dir='ltr'><strong>qus</strong></span> <span class='ocrx_word' id='word_1_378' title='bbox 944 2733 1030 2800; x_wconf 88' lang='lat' dir='ltr'><strong>neget</strong></span> <span class='ocrx_word' id='word_1_379' title='bbox 1044 2727 1195 2799; x_wconf 90' lang='lat' dir='ltr'><strong>Spiritum,</strong></span> <span class='ocrx_word' id='word_1_380' title='bbox 1211 2733 1298 2798; x_wconf 87' lang='lat' dir='ltr'><strong>negat</strong></span> <span class='ocrx_word' id='word_1_381' title='bbox 1317 2743 1433 2799; x_wconf 89' lang='lat' dir='ltr'><strong>qnoque</strong></span> <span class='ocrx_word' id='word_1_382' title='bbox 1447 2727 1556 2799; x_wconf 87' lang='lat' dir='ltr'><strong>pariter</strong></span> <span class='ocrx_word' id='word_1_383' title='bbox 1570 2727 1685 2782; x_wconf 83' lang='lat' dir='ltr'><strong>Patrem</strong></span> <span class='ocrx_word' id='word_1_384' title='bbox 1698 2729 1727 2780; x_wconf 92' lang='lat' dir='ltr'><strong>et</strong></span> 
     </span>
     <span class='ocr_line' id='line_1_29' title="bbox 95 2813 1725 2889; baseline 0.001 -21"><span class='ocrx_word' id='word_1_385' title='bbox 95 2814 334 2869; x_wconf 86' lang='lat' dir='ltr'><strong>communionem</strong></span> <span class='ocrx_word' id='word_1_386' title='bbox 354 2815 823 2888; x_wconf 74' lang='lat' dir='ltr'><strong>minimesusceplusiFuitcerte</strong></span> <span class='ocrx_word' id='word_1_387' title='bbox 878 2817 996 2884; x_wconf 68' lang='lat' dir='ltr'><strong>Filium</strong></span> <span class='ocrx_word' id='word_1_388' title='bbox 1024 2816 1093 2889; x_wconf 88' lang='lat' dir='ltr'><strong>quia</strong></span> <span class='ocrx_word' id='word_1_389' title='bbox 1119 2832 1193 2871; x_wconf 90' lang='lat' dir='ltr'><strong>unus</strong></span> <span class='ocrx_word' id='word_1_390' title='bbox 1224 2815 1347 2888; x_wconf 92' lang='lat' dir='ltr'><strong>Spiritus</strong></span> <span class='ocrx_word' id='word_1_391' title='bbox 1373 2820 1416 2871; x_wconf 90' lang='lat' dir='ltr'><strong>est</strong></span> <span class='ocrx_word' id='word_1_392' title='bbox 1451 2816 1613 2875; x_wconf 83' lang='lat' dir='ltr'><strong>ansborum.</strong></span> <span class='ocrx_word' id='word_1_393' title='bbox 1644 2813 1725 2870; x_wconf 86' lang='lat' dir='ltr'><strong>Unde</strong></span> 
     </span>
     <span class='ocr_line' id='line_1_30' title="bbox 85 2902 1725 2977; baseline 0 -20"><span class='ocrx_word' id='word_1_394' title='bbox 85 2902 148 2958; x_wconf 90' lang='lat' dir='ltr'><strong>bilis</strong></span> <span class='ocrx_word' id='word_1_395' title='bbox 172 2903 226 2958; x_wconf 91' lang='lat' dir='ltr'><strong>iste</strong></span> <span class='ocrx_word' id='word_1_396' title='bbox 248 2905 348 2959; x_wconf 92' lang='lat' dir='ltr'><strong>ductor</strong></span> <span class='ocrx_word' id='word_1_397' title='bbox 372 2905 508 2971; x_wconf 87' lang='lat' dir='ltr'><strong>Gratiani,</strong></span> <span class='ocrx_word' id='word_1_398' title='bbox 524 2905 582 2961; x_wconf 89' lang='lat' dir='ltr'><strong>sive</strong></span> <span class='ocrx_word' id='word_1_399' title='bbox 597 2907 752 2963; x_wconf 80' lang='lat' dir='ltr'><strong>Theodosii</strong></span> <span class='ocrx_word' id='word_1_400' title='bbox 766 2909 821 2963; x_wconf 87' lang='lat' dir='ltr'><strong>bla-</strong></span> <span class='ocrx_word' id='word_1_401' title='bbox 877 2922 1002 2977; x_wconf 88' lang='lat' dir='ltr'><strong>nemque</strong></span> <span class='ocrx_word' id='word_1_402' title='bbox 1018 2905 1109 2960; x_wconf 87' lang='lat' dir='ltr'><strong>Patris</strong></span> <span class='ocrx_word' id='word_1_403' title='bbox 1121 2904 1183 2960; x_wconf 82' lang='lat' dir='ltr'><strong>esti</strong></span> <span class='ocrx_word' id='word_1_404' title='bbox 1199 2904 1267 2976; x_wconf 91' lang='lat' dir='ltr'><strong>quia</strong></span> <span class='ocrx_word' id='word_1_405' title='bbox 1279 2905 1437 2975; x_wconf 84' lang='lat' dir='ltr'><strong>procedite</strong></span> <span class='ocrx_word' id='word_1_406' title='bbox 1453 2906 1555 2959; x_wconf 87' lang='lat' dir='ltr'><strong>Patre:</strong></span> <span class='ocrx_word' id='word_1_407' title='bbox 1573 2902 1638 2958; x_wconf 87' lang='lat' dir='ltr'><strong>binc</strong></span> <span class='ocrx_word' id='word_1_408' title='bbox 1653 2918 1725 2974; x_wconf 91' lang='lat' dir='ltr'><strong>quo·</strong></span> 
     </span>
     <span class='ocr_line' id='line_1_31' title="bbox 85 2990 1726 3083; baseline -0.001 -36"><span class='ocrx_word' id='word_1_409' title='bbox 85 2998 273 3062; x_wconf 76' lang='lat' dir='ltr'><strong>superatorum</strong></span> <span class='ocrx_word' id='word_1_410' title='bbox 293 2993 489 3049; x_wconf 86' lang='lat' dir='ltr'><strong>Romanorum</strong></span> <span class='ocrx_word' id='word_1_411' title='bbox 507 2995 700 3066; x_wconf 89' lang='lat' dir='ltr'><strong>temporibus;</strong></span> <span class='ocrx_word' id='word_1_412' title='bbox 715 3013 748 3052; x_wconf 85' lang='lat' dir='ltr'><strong>ex</strong></span> <span class='ocrx_word' id='word_1_413' title='bbox 765 3013 823 3068; x_wconf 91' lang='lat' dir='ltr'><strong>quo</strong></span> <span class='ocrx_word' id='word_1_414' title='bbox 844 3011 934 3083; x_wconf 63' lang='lat' dir='ltr'><strong>eque</strong></span> <span class='ocrx_word' id='word_1_415' title='bbox 946 2994 1010 3050; x_wconf 84' lang='lat' dir='ltr'><strong>Filii</strong></span> <span class='ocrx_word' id='word_1_416' title='bbox 1026 2995 1132 3065; x_wconf 89' lang='lat' dir='ltr'><strong>pariter</strong></span> <span class='ocrx_word' id='word_1_417' title='bbox 1147 2997 1199 3057; x_wconf 90' lang='lat' dir='ltr'><strong>est,</strong></span> <span class='ocrx_word' id='word_1_418' title='bbox 1215 2991 1283 3064; x_wconf 89' lang='lat' dir='ltr'><strong>quia</strong></span> <span class='ocrx_word' id='word_1_419' title='bbox 1293 2991 1421 3063; x_wconf 87' lang='lat' dir='ltr'><strong>procedit</strong></span> <span class='ocrx_word' id='word_1_420' title='bbox 1435 3006 1452 3046; x_wconf 83' lang='lat' dir='ltr'><strong>a</strong></span> <span class='ocrx_word' id='word_1_421' title='bbox 1468 2991 1538 3048; x_wconf 84' lang='lat' dir='ltr'><strong>Tilio</strong></span> <span class='ocrx_word' id='word_1_422' title='bbox 1553 3006 1560 3046; x_wconf 92' lang='lat'><strong>:</strong></span> <span class='ocrx_word' id='word_1_423' title='bbox 1577 2990 1726 3046; x_wconf 90' lang='lat' dir='ltr'><strong>nonenim</strong></span> 
     </span>
     <span class='ocr_line' id='line_1_32' title="bbox 85 3078 1727 3155; baseline 0 -22"><span class='ocrx_word' id='word_1_424' title='bbox 85 3078 118 3134; x_wconf 82' lang='lat' dir='ltr'><strong>sd</strong></span> <span class='ocrx_word' id='word_1_425' title='bbox 134 3085 232 3134; x_wconf 89' lang='lat' dir='ltr'><strong>nostra</strong></span> <span class='ocrx_word' id='word_1_426' title='bbox 247 3086 375 3152; x_wconf 88' lang='lat' dir='ltr'><strong>tempore</strong></span> <span class='ocrx_word' id='word_1_427' title='bbox 390 3083 542 3154; x_wconf 85' lang='lat' dir='ltr'><strong>plusquam</strong></span> <span class='ocrx_word' id='word_1_428' title='bbox 563 3083 714 3155; x_wconf 88' lang='lat' dir='ltr'><strong>quingenti</strong></span> <span class='ocrx_word' id='word_1_429' title='bbox 729 3090 825 3141; x_wconf 86' lang='lat' dir='ltr'><strong>trans·</strong></span> <span class='ocrx_word' id='word_1_430' title='bbox 880 3084 947 3149; x_wconf 91' lang='lat' dir='ltr'><strong>duo,</strong></span> <span class='ocrx_word' id='word_1_431' title='bbox 964 3083 1012 3138; x_wconf 88' lang='lat' dir='ltr'><strong>sed</strong></span> <span class='ocrx_word' id='word_1_432' title='bbox 1029 3097 1103 3136; x_wconf 88' lang='lat' dir='ltr'><strong>unus</strong></span> <span class='ocrx_word' id='word_1_433' title='bbox 1127 3085 1169 3134; x_wconf 92' lang='lat' dir='ltr'><strong>est</strong></span> <span class='ocrx_word' id='word_1_434' title='bbox 1190 3080 1335 3151; x_wconf 91' lang='lat' dir='ltr'><strong>Spiritus:</strong></span> <span class='ocrx_word' id='word_1_435' title='bbox 1360 3095 1413 3133; x_wconf 90' lang='lat' dir='ltr'><strong>uec</strong></span> <span class='ocrx_word' id='word_1_436' title='bbox 1428 3079 1506 3134; x_wconf 85' lang='lat' dir='ltr'><strong>enim</strong></span> <span class='ocrx_word' id='word_1_437' title='bbox 1526 3078 1600 3133; x_wconf 88' lang='lat' dir='ltr'><strong>alius</strong></span> <span class='ocrx_word' id='word_1_438' title='bbox 1622 3078 1727 3134; x_wconf 90' lang='lat' dir='ltr'><strong>dicitur</strong></span> 
     </span>
     <span class='ocr_line' id='line_1_33' title="bbox 85 3165 1726 3243; baseline -0.001 -23"><span class='ocrx_word' id='word_1_439' title='bbox 85 3167 165 3235; x_wconf 87' lang='lat' dir='ltr'><strong>enni,</strong></span> <span class='ocrx_word' id='word_1_440' title='bbox 182 3173 211 3222; x_wconf 90' lang='lat' dir='ltr'><strong>et</strong></span> <span class='ocrx_word' id='word_1_441' title='bbox 227 3184 377 3241; x_wconf 86' lang='lat' dir='ltr'><strong>nunquam</strong></span> <span class='ocrx_word' id='word_1_442' title='bbox 392 3187 409 3225; x_wconf 88' lang='lat' dir='ltr'><strong>a</strong></span> <span class='ocrx_word' id='word_1_443' title='bbox 423 3170 492 3226; x_wconf 85' lang='lat' dir='ltr'><strong>Filio</strong></span> <span class='ocrx_word' id='word_1_444' title='bbox 508 3170 631 3242; x_wconf 90' lang='lat' dir='ltr'><strong>Spiritus</strong></span> <span class='ocrx_word' id='word_1_445' title='bbox 649 3171 740 3226; x_wconf 88' lang='lat' dir='ltr'><strong>sancti</strong></span> <span class='ocrx_word' id='word_1_446' title='bbox 754 3189 826 3243; x_wconf 91' lang='lat' dir='ltr'><strong>pro·</strong></span> <span class='ocrx_word' id='word_1_447' title='bbox 880 3186 940 3226; x_wconf 88' lang='lat' dir='ltr'><strong>esse</strong></span> <span class='ocrx_word' id='word_1_448' title='bbox 956 3171 1057 3237; x_wconf 87' lang='lat' dir='ltr'><strong>Patris,</strong></span> <span class='ocrx_word' id='word_1_449' title='bbox 1082 3173 1110 3224; x_wconf 87' lang='lat' dir='ltr'><strong>el</strong></span> <span class='ocrx_word' id='word_1_450' title='bbox 1125 3169 1198 3222; x_wconf 88' lang='lat' dir='ltr'><strong>elius</strong></span> <span class='ocrx_word' id='word_1_451' title='bbox 1222 3166 1286 3222; x_wconf 82' lang='lat' dir='ltr'><strong>l&#39;ilii</strong></span> <span class='ocrx_word' id='word_1_452' title='bbox 1307 3165 1439 3237; x_wconf 89' lang='lat' dir='ltr'><strong>Spiritus,</strong></span> <span class='ocrx_word' id='word_1_453' title='bbox 1455 3166 1503 3222; x_wconf 90' lang='lat' dir='ltr'><strong>sed</strong></span> <span class='ocrx_word' id='word_1_454' title='bbox 1527 3181 1602 3221; x_wconf 89' lang='lat' dir='ltr'><strong>uuus</strong></span> <span class='ocrx_word' id='word_1_455' title='bbox 1623 3165 1726 3220; x_wconf 89' lang='lat' dir='ltr'><strong>ambo·</strong></span> 
     </span>
     <span class='ocr_line' id='line_1_34' title="bbox 85 3252 1726 3330; baseline -0.002 -20"><span class='ocrx_word' id='word_1_456' title='bbox 85 3254 228 3327; x_wconf 83' lang='lat' dir='ltr'><strong>denegata</strong></span> <span class='ocrx_word' id='word_1_457' title='bbox 251 3263 303 3324; x_wconf 90' lang='lat' dir='ltr'><strong>cst,</strong></span> <span class='ocrx_word' id='word_1_458' title='bbox 326 3274 379 3313; x_wconf 89' lang='lat' dir='ltr'><strong>nec</strong></span> <span class='ocrx_word' id='word_1_459' title='bbox 394 3275 426 3313; x_wconf 86' lang='lat' dir='ltr'><strong>ex</strong></span> <span class='ocrx_word' id='word_1_460' title='bbox 442 3275 477 3313; x_wconf 90' lang='lat' dir='ltr'><strong>eo</strong></span> <span class='ocrx_word' id='word_1_461' title='bbox 499 3258 575 3314; x_wconf 85' lang='lat' dir='ltr'><strong>iuter</strong></span> <span class='ocrx_word' id='word_1_462' title='bbox 589 3258 745 3315; x_wconf 87' lang='lat' dir='ltr'><strong>catholicos</strong></span> <span class='ocrx_word' id='word_1_463' title='bbox 768 3261 827 3315; x_wconf 89' lang='lat' dir='ltr'><strong>ulla</strong></span> <span class='ocrx_word' id='word_1_464' title='bbox 880 3276 961 3327; x_wconf 82' lang='lat' dir='ltr'><strong>rum3</strong></span> <span class='ocrx_word' id='word_1_465' title='bbox 984 3257 1115 3330; x_wconf 88' lang='lat' dir='ltr'><strong>procedit</strong></span> <span class='ocrx_word' id='word_1_466' title='bbox 1138 3257 1227 3329; x_wconf 91' lang='lat' dir='ltr'><strong>igitur</strong></span> <span class='ocrx_word' id='word_1_467' title='bbox 1248 3256 1284 3312; x_wconf 85' lang='lat' dir='ltr'><strong>ab</strong></span> <span class='ocrx_word' id='word_1_468' title='bbox 1308 3262 1441 3327; x_wconf 89' lang='lat' dir='ltr'><strong>utroque.</strong></span> <span class='ocrx_word' id='word_1_469' title='bbox 1466 3255 1499 3310; x_wconf 91' lang='lat' dir='ltr'><strong>ln</strong></span> <span class='ocrx_word' id='word_1_470' title='bbox 1520 3252 1726 3325; x_wconf 87' lang='lat' dir='ltr'><strong>posterioribus</strong></span> 
     </span>
     <span class='ocr_line' id='line_1_35' title="bbox 85 3340 1723 3421; baseline -0.002 -20"><span class='ocrx_word' id='word_1_471' title='bbox 85 3344 194 3409; x_wconf 82' lang='lat' dir='ltr'><strong>siecle,</strong></span> <span class='ocrx_word' id='word_1_472' title='bbox 208 3352 399 3419; x_wconf 75' lang='lat' dir='ltr'><strong>preterquam</strong></span> <span class='ocrx_word' id='word_1_473' title='bbox 416 3348 503 3404; x_wconf 92' lang='lat' dir='ltr'><strong>modo</strong></span> <span class='ocrx_word' id='word_1_474' title='bbox 514 3349 614 3404; x_wconf 88' lang='lat' dir='ltr'><strong>vestris</strong></span> <span class='ocrx_word' id='word_1_475' title='bbox 628 3349 823 3421; x_wconf 89' lang='lat' dir='ltr'><strong>temporibus;</strong></span> <span class='ocrx_word' id='word_1_476' title='bbox 881 3349 951 3419; x_wconf 85' lang='lat' dir='ltr'><strong>(cup.</strong></span> <span class='ocrx_word' id='word_1_477' title='bbox 970 3346 1032 3418; x_wconf 78' lang='grc'>10);</span> <span class='ocrx_word' id='word_1_478' title='bbox 1048 3347 1140 3402; x_wconf 76' lang='lat' dir='ltr'><strong>«Non</strong></span> <span class='ocrx_word' id='word_1_479' title='bbox 1166 3360 1234 3417; x_wconf 88' lang='lat' dir='ltr'><strong>ergo</strong></span> <span class='ocrx_word' id='word_1_480' title='bbox 1256 3344 1338 3417; x_wconf 88' lang='lat' dir='ltr'><strong>quasi</strong></span> <span class='ocrx_word' id='word_1_481' title='bbox 1354 3360 1387 3398; x_wconf 86' lang='lat' dir='ltr'><strong>ex</strong></span> <span class='ocrx_word' id='word_1_482' title='bbox 1403 3344 1466 3399; x_wconf 93' lang='lat' dir='ltr'><strong>loco</strong></span> <span class='ocrx_word' id='word_1_483' title='bbox 1491 3341 1615 3398; x_wconf 89' lang='lat' dir='ltr'><strong>mittitur</strong></span> <span class='ocrx_word' id='word_1_484' title='bbox 1636 3340 1723 3413; x_wconf 87' lang='lat' dir='ltr'><strong>Spiri-</strong></span> 
     </span>
     <span class='ocr_line' id='line_1_36' title="bbox 98 3428 1729 3507; baseline -0.002 -19"><span class='ocrx_word' id='word_1_485' title='bbox 98 3448 215 3506; x_wconf 85' lang='lat' dir='ltr'><strong>semper</strong></span> <span class='ocrx_word' id='word_1_486' title='bbox 229 3440 258 3491; x_wconf 88' lang='lat' dir='ltr'><strong>et</strong></span> <span class='ocrx_word' id='word_1_487' title='bbox 277 3436 430 3491; x_wconf 88' lang='lat' dir='ltr'><strong>Orientalis</strong></span> <span class='ocrx_word' id='word_1_488' title='bbox 451 3441 479 3493; x_wconf 86' lang='lat' dir='ltr'><strong>et</strong></span> <span class='ocrx_word' id='word_1_489' title='bbox 495 3437 683 3493; x_wconf 86' lang='lat' dir='ltr'><strong>Occidentalis</strong></span> <span class='ocrx_word' id='word_1_490' title='bbox 697 3437 827 3493; x_wconf 71' lang='lat' dir='ltr'><strong>Ecclesia</strong></span> <span class='ocrx_word' id='word_1_491' title='bbox 880 3443 936 3505; x_wconf 88' lang='lat' dir='ltr'><strong>tus,</strong></span> <span class='ocrx_word' id='word_1_492' title='bbox 961 3440 1012 3491; x_wconf 89' lang='lat' dir='ltr'><strong>aut</strong></span> <span class='ocrx_word' id='word_1_493' title='bbox 1033 3435 1114 3507; x_wconf 90' lang='lat' dir='ltr'><strong>quasi</strong></span> <span class='ocrx_word' id='word_1_494' title='bbox 1135 3450 1168 3489; x_wconf 84' lang='lat' dir='ltr'><strong>ex</strong></span> <span class='ocrx_word' id='word_1_495' title='bbox 1193 3434 1254 3488; x_wconf 92' lang='lat' dir='ltr'><strong>loco</strong></span> <span class='ocrx_word' id='word_1_496' title='bbox 1278 3433 1423 3505; x_wconf 90' lang='lat' dir='ltr'><strong>procedit,</strong></span> <span class='ocrx_word' id='word_1_497' title='bbox 1455 3431 1570 3505; x_wconf 88' lang='lat' dir='ltr'><strong>quando</strong></span> <span class='ocrx_word' id='word_1_498' title='bbox 1599 3428 1729 3502; x_wconf 85' lang='lat' dir='ltr'><strong>procedit</strong></span> 
     </span>
     <span class='ocr_line' id='line_1_37' title="bbox 92 3520 1727 3599; baseline -0.002 -21"><span class='ocrx_word' id='word_1_499' title='bbox 92 3531 253 3596; x_wconf 83' lang='lat' dir='ltr'><strong>eademqne</strong></span> <span class='ocrx_word' id='word_1_500' title='bbox 273 3524 308 3579; x_wconf 92' lang='lat' dir='ltr'><strong>de</strong></span> <span class='ocrx_word' id='word_1_501' title='bbox 323 3524 431 3596; x_wconf 90' lang='lat' dir='ltr'><strong>Spiritu</strong></span> <span class='ocrx_word' id='word_1_502' title='bbox 445 3531 543 3582; x_wconf 86' lang='lat' dir='ltr'><strong>sancto</strong></span> <span class='ocrx_word' id='word_1_503' title='bbox 557 3526 624 3582; x_wconf 91' lang='lat' dir='ltr'><strong>lidei</strong></span> <span class='ocrx_word' id='word_1_504' title='bbox 640 3527 745 3582; x_wconf 89' lang='lat' dir='ltr'><strong>mansit</strong></span> <span class='ocrx_word' id='word_1_505' title='bbox 759 3543 826 3599; x_wconf 92' lang='lat' dir='ltr'><strong>pro·</strong></span> <span class='ocrx_word' id='word_1_506' title='bbox 882 3541 915 3580; x_wconf 86' lang='lat' dir='ltr'><strong>ex</strong></span> <span class='ocrx_word' id='word_1_507' title='bbox 939 3524 1019 3592; x_wconf 76' lang='lat' dir='ltr'><strong>silio,</strong></span> <span class='ocrx_word' id='word_1_508' title='bbox 1041 3522 1190 3594; x_wconf 89' lang='lat' dir='ltr'><strong>sicutipse</strong></span> <span class='ocrx_word' id='word_1_509' title='bbox 1215 3523 1303 3578; x_wconf 82' lang='lat' dir='ltr'><strong>Filius</strong></span> <span class='ocrx_word' id='word_1_510' title='bbox 1325 3538 1390 3577; x_wconf 88' lang='lat' dir='ltr'><strong>cum</strong></span> <span class='ocrx_word' id='word_1_511' title='bbox 1407 3521 1485 3588; x_wconf 90' lang='lat' dir='ltr'><strong>dicit,</strong></span> <span class='ocrx_word' id='word_1_512' title='bbox 1500 3520 1534 3575; x_wconf 90' lang='lat' dir='ltr'><strong>de</strong></span> <span class='ocrx_word' id='word_1_513' title='bbox 1559 3522 1640 3575; x_wconf 85' lang='lat' dir='ltr'><strong>Patre</strong></span> <span class='ocrx_word' id='word_1_514' title='bbox 1660 3535 1727 3591; x_wconf 88' lang='lat' dir='ltr'><strong>pro-</strong></span> 
     </span>
     <span class='ocr_line' id='line_1_38' title="bbox 88 3609 1728 3687; baseline -0.002 -22"><span class='ocrx_word' id='word_1_515' title='bbox 88 3609 159 3676; x_wconf 74' lang='lat' dir='ltr'><strong>Quu·</strong></span> <span class='ocrx_word' id='word_1_516' title='bbox 175 3628 251 3667; x_wconf 89' lang='lat' dir='ltr'><strong>nunc</strong></span> <span class='ocrx_word' id='word_1_517' title='bbox 266 3629 310 3667; x_wconf 92' lang='lat' dir='ltr'><strong>res</strong></span> <span class='ocrx_word' id='word_1_518' title='bbox 325 3613 380 3667; x_wconf 87' lang='lat' dir='ltr'><strong>ista</strong></span> <span class='ocrx_word' id='word_1_519' title='bbox 400 3619 464 3685; x_wconf 91' lang='lat' dir='ltr'><strong>pust</strong></span> <span class='ocrx_word' id='word_1_520' title='bbox 477 3619 520 3669; x_wconf 92' lang='lat' dir='ltr'><strong>tot</strong></span> <span class='ocrx_word' id='word_1_521' title='bbox 541 3615 644 3670; x_wconf 76' lang='lat' dir='ltr'><strong>seacula</strong></span> <span class='ocrx_word' id='word_1_522' title='bbox 659 3615 827 3687; x_wconf 78' lang='lat' dir='ltr'><strong>questionis</strong></span> <span class='ocrx_word' id='word_1_523' title='bbox 881 3615 952 3669; x_wconf 88' lang='lat' dir='ltr'><strong>cessi</strong></span> <span class='ocrx_word' id='word_1_524' title='bbox 976 3618 1005 3668; x_wconf 91' lang='lat' dir='ltr'><strong>et</strong></span> <span class='ocrx_word' id='word_1_525' title='bbox 1023 3612 1097 3667; x_wconf 89' lang='lat' dir='ltr'><strong>veni.</strong></span> <span class='ocrx_word' id='word_1_526' title='bbox 1124 3634 1134 3660; x_wconf 76' lang='grc' dir='ltr'><strong>ι</strong></span> <span class='ocrx_word' id='word_1_527' title='bbox 1160 3611 1307 3666; x_wconf 80' lang='lat' dir='ltr'><strong>Manifesta</strong></span> <span class='ocrx_word' id='word_1_528' title='bbox 1327 3610 1465 3682; x_wconf 89' lang='lat' dir='ltr'><strong>Spiritum</strong></span> <span class='ocrx_word' id='word_1_529' title='bbox 1481 3626 1514 3664; x_wconf 86' lang='lat' dir='ltr'><strong>ex</strong></span> <span class='ocrx_word' id='word_1_530' title='bbox 1539 3609 1610 3664; x_wconf 85' lang='lat' dir='ltr'><strong>Filio</strong></span> <span class='ocrx_word' id='word_1_531' title='bbox 1625 3623 1728 3681; x_wconf 88' lang='lat' dir='ltr'><strong>proce-</strong></span> 
     </span>
     <span class='ocr_line' id='line_1_39' title="bbox 86 3696 1728 3772; baseline -0.002 -18"><span class='ocrx_word' id='word_1_532' title='bbox 86 3702 222 3772; x_wconf 89' lang='lat' dir='ltr'><strong>genuerit</strong></span> <span class='ocrx_word' id='word_1_533' title='bbox 248 3702 482 3772; x_wconf 88' lang='lat' dir='ltr'><strong>propositionem,</strong></span> <span class='ocrx_word' id='word_1_534' title='bbox 509 3721 558 3758; x_wconf 93' lang='lat' dir='ltr'><strong>vos</strong></span> <span class='ocrx_word' id='word_1_535' title='bbox 583 3703 724 3771; x_wconf 86' lang='lat' dir='ltr'><strong>videritis;</strong></span> <span class='ocrx_word' id='word_1_536' title='bbox 748 3705 827 3759; x_wconf 89' lang='lat' dir='ltr'><strong>nulle</strong></span> <span class='ocrx_word' id='word_1_537' title='bbox 882 3703 949 3758; x_wconf 85' lang='lat' dir='ltr'><strong>dere</strong></span> <span class='ocrx_word' id='word_1_538' title='bbox 964 3703 1092 3755; x_wconf 89' lang='lat' dir='ltr'><strong>testetur.</strong></span> <span class='ocrx_word' id='word_1_539' title='bbox 1110 3701 1214 3753; x_wconf 88' lang='lat' dir='ltr'><strong>Verum</strong></span> <span class='ocrx_word' id='word_1_540' title='bbox 1231 3714 1267 3753; x_wconf 88' lang='lat' dir='ltr'><strong>nc</strong></span> <span class='ocrx_word' id='word_1_541' title='bbox 1284 3699 1338 3753; x_wconf 86' lang='lat' dir='ltr'><strong>ista</strong></span> <span class='ocrx_word' id='word_1_542' title='bbox 1354 3699 1496 3769; x_wconf 88' lang='lat' dir='ltr'><strong>processio</strong></span> <span class='ocrx_word' id='word_1_543' title='bbox 1511 3699 1546 3752; x_wconf 90' lang='lat' dir='ltr'><strong>de</strong></span> <span class='ocrx_word' id='word_1_544' title='bbox 1570 3696 1728 3768; x_wconf 88' lang='lat' dir='ltr'><strong>corporali-</strong></span> 
     </span>
     <span class='ocr_line' id='line_1_40' title="bbox 88 3784 1729 3864; baseline -0.004 -20"><span class='ocrx_word' id='word_1_545' title='bbox 88 3789 135 3843; x_wconf 79' lang='lat' dir='ltr'><strong>sel</strong></span> <span class='ocrx_word' id='word_1_546' title='bbox 159 3790 318 3860; x_wconf 86' lang='lat' dir='ltr'><strong>probitatis,</strong></span> <span class='ocrx_word' id='word_1_547' title='bbox 335 3792 378 3845; x_wconf 89' lang='lat' dir='ltr'><strong>vel</strong></span> <span class='ocrx_word' id='word_1_548' title='bbox 394 3792 540 3863; x_wconf 83' lang='lat' dir='ltr'><strong>sapientire</strong></span> <span class='ocrx_word' id='word_1_549' title='bbox 559 3792 631 3846; x_wconf 88' lang='lat' dir='ltr'><strong>ratio</strong></span> <span class='ocrx_word' id='word_1_550' title='bbox 655 3793 826 3864; x_wconf 86' lang='lat' dir='ltr'><strong>comproba·</strong></span> <span class='ocrx_word' id='word_1_551' title='bbox 881 3788 934 3843; x_wconf 91' lang='lat' dir='ltr'><strong>bus</strong></span> <span class='ocrx_word' id='word_1_552' title='bbox 964 3786 1063 3857; x_wconf 88' lang='lat' dir='ltr'><strong>spatiis</strong></span> <span class='ocrx_word' id='word_1_553' title='bbox 1088 3784 1233 3851; x_wconf 90' lang='lat' dir='ltr'><strong>metiatur,</strong></span> <span class='ocrx_word' id='word_1_554' title='bbox 1258 3784 1320 3855; x_wconf 91' lang='lat' dir='ltr'><strong>ipse</strong></span> <span class='ocrx_word' id='word_1_555' title='bbox 1344 3784 1431 3840; x_wconf 83' lang='lat' dir='ltr'><strong>Filius</strong></span> <span class='ocrx_word' id='word_1_556' title='bbox 1458 3784 1532 3839; x_wconf 87' lang='lat' dir='ltr'><strong>hanc</strong></span> <span class='ocrx_word' id='word_1_557' title='bbox 1560 3784 1729 3854; x_wconf 89' lang='lat' dir='ltr'><strong>opinionem</strong></span> 
     </span>
     <span class='ocr_line' id='line_1_41' title="bbox 85 3871 1727 3952; baseline -0.004 -20"><span class='ocrx_word' id='word_1_558' title='bbox 85 3892 112 3930; x_wconf 85' lang='lat' dir='ltr'><strong>rr</strong></span> <span class='ocrx_word' id='word_1_559' title='bbox 127 3876 157 3931; x_wconf 91' lang='lat' dir='ltr'><strong>in</strong></span> <span class='ocrx_word' id='word_1_560' title='bbox 183 3877 235 3932; x_wconf 90' lang='lat' dir='ltr'><strong>hoc</strong></span> <span class='ocrx_word' id='word_1_561' title='bbox 260 3879 443 3949; x_wconf 76' lang='lat' dir='ltr'><strong>deveneritis,</strong></span> <span class='ocrx_word' id='word_1_562' title='bbox 463 3880 601 3952; x_wconf 90' lang='lat' dir='ltr'><strong>quoniam</strong></span> <span class='ocrx_word' id='word_1_563' title='bbox 623 3881 692 3935; x_wconf 88' lang='lat' dir='ltr'><strong>talia</strong></span> <span class='ocrx_word' id='word_1_564' title='bbox 706 3881 827 3936; x_wconf 92' lang='lat' dir='ltr'><strong>dicendo</strong></span> <span class='ocrx_word' id='word_1_565' title='bbox 882 3876 1044 3942; x_wconf 83' lang='lat' dir='ltr'><strong>excludens,</strong></span> <span class='ocrx_word' id='word_1_566' title='bbox 1065 3873 1105 3928; x_wconf 91' lang='lat' dir='ltr'><strong>ait</strong></span> <span class='ocrx_word' id='word_1_567' title='bbox 1127 3873 1162 3928; x_wconf 90' lang='lat' dir='ltr'><strong>de</strong></span> <span class='ocrx_word' id='word_1_568' title='bbox 1183 3874 1276 3938; x_wconf 87' lang='lat' dir='ltr'><strong>Patre,</strong></span> <span class='ocrx_word' id='word_1_569' title='bbox 1294 3874 1412 3928; x_wconf 84' lang='lat' dir='ltr'><strong>Processi</strong></span> <span class='ocrx_word' id='word_1_570' title='bbox 1432 3878 1458 3927; x_wconf 87' lang='lat' dir='ltr'><strong>et</strong></span> <span class='ocrx_word' id='word_1_571' title='bbox 1480 3874 1543 3928; x_wconf 82' lang='lat' dir='ltr'><strong>oeni</strong></span> <span class='ocrx_word' id='word_1_572' title='bbox 1557 3871 1646 3942; x_wconf 79' lang='lat' dir='ltr'><strong>(loon.</strong></span> <span class='ocrx_word' id='word_1_573' title='bbox 1669 3887 1727 3937; x_wconf 84' lang='lat' dir='ltr'><strong>vus,</strong></span> 
     </span>
     <span class='ocr_line' id='line_1_42' title="bbox 85 3957 1729 4038; baseline -0.005 -19"><span class='ocrx_word' id='word_1_574' title='bbox 85 3979 127 4019; x_wconf 79' lang='lat' dir='ltr'><strong>ese</strong></span> <span class='ocrx_word' id='word_1_575' title='bbox 144 3965 213 4019; x_wconf 89' lang='lat' dir='ltr'><strong>tidei</strong></span> <span class='ocrx_word' id='word_1_576' title='bbox 234 3972 423 4036; x_wconf 88' lang='lat' dir='ltr'><strong>repugnetur,</strong></span> <span class='ocrx_word' id='word_1_577' title='bbox 441 3973 470 4022; x_wconf 90' lang='lat' dir='ltr'><strong>et</strong></span> <span class='ocrx_word' id='word_1_578' title='bbox 493 3968 606 4023; x_wconf 85' lang='lat' dir='ltr'><strong>veritali</strong></span> <span class='ocrx_word' id='word_1_579' title='bbox 631 3969 780 4038; x_wconf 89' lang='lat' dir='ltr'><strong>resistitur,</strong></span> <span class='ocrx_word' id='word_1_580' title='bbox 800 3975 827 4025; x_wconf 89' lang='lat' dir='ltr'><strong>et</strong></span> <span class='ocrx_word' id='word_1_581' title='bbox 882 3964 936 4032; x_wconf 74' lang='lat' dir='ltr'><strong>tu).</strong></span> <span class='ocrx_word' id='word_1_582' title='bbox 957 3962 1087 4018; x_wconf 84' lang='lat' dir='ltr'><strong>Procedit</strong></span> <span class='ocrx_word' id='word_1_583' title='bbox 1100 3965 1194 4016; x_wconf 88' lang='lat' dir='ltr'><strong>autcru</strong></span> <span class='ocrx_word' id='word_1_584' title='bbox 1216 3960 1305 4016; x_wconf 87' lang='lat' dir='ltr'><strong>Filius</strong></span> <span class='ocrx_word' id='word_1_585' title='bbox 1319 3960 1354 4015; x_wconf 88' lang='lat' dir='ltr'><strong>dc</strong></span> <span class='ocrx_word' id='word_1_586' title='bbox 1373 3960 1468 4027; x_wconf 88' lang='lat' dir='ltr'><strong>Patre,</strong></span> <span class='ocrx_word' id='word_1_587' title='bbox 1483 3973 1541 4014; x_wconf 88' lang='lat' dir='ltr'><strong>non</strong></span> <span class='ocrx_word' id='word_1_588' title='bbox 1556 3957 1648 4030; x_wconf 91' lang='lat' dir='ltr'><strong>speliu</strong></span> <span class='ocrx_word' id='word_1_589' title='bbox 1662 3958 1729 4026; x_wconf 87' lang='lat' dir='ltr'><strong>loci,</strong></span> 
     </span>
     <span class='ocr_line' id='line_1_43' title="bbox 85 4046 1730 4124; baseline -0.005 -16"><span class='ocrx_word' id='word_1_590' title='bbox 85 4053 195 4124; x_wconf 75' lang='lat' dir='ltr'><strong>paginis</strong></span> <span class='ocrx_word' id='word_1_591' title='bbox 210 4054 352 4110; x_wconf 76' lang='lat' dir='ltr'><strong>obvietur.</strong></span> <span class='ocrx_word' id='word_1_592' title='bbox 882 4051 933 4106; x_wconf 91' lang='lat' dir='ltr'><strong>sed</strong></span> <span class='ocrx_word' id='word_1_593' title='bbox 958 4049 1114 4106; x_wconf 72' lang='lat' dir='ltr'><strong>securitatis</strong></span> <span class='ocrx_word' id='word_1_594' title='bbox 1138 4064 1273 4120; x_wconf 87' lang='lat' dir='ltr'><strong>egressu:</strong></span> <span class='ocrx_word' id='word_1_595' title='bbox 1297 4048 1427 4119; x_wconf 87' lang='lat' dir='ltr'><strong>procedit</strong></span> <span class='ocrx_word' id='word_1_596' title='bbox 1445 4046 1568 4119; x_wconf 87' lang='lat' dir='ltr'><strong>Spiritus</strong></span> <span class='ocrx_word' id='word_1_597' title='bbox 1584 4051 1730 4101; x_wconf 87' lang='lat' dir='ltr'><strong>sanctusa</strong></span> 
     </span>
     <span class='ocr_line' id='line_1_44' title="bbox 884 4133 1727 4209; baseline -0.009 -14"><span class='ocrx_word' id='word_1_598' title='bbox 884 4141 954 4196; x_wconf 82' lang='lat' dir='ltr'><strong>Filio</strong></span> <span class='ocrx_word' id='word_1_599' title='bbox 979 4154 1031 4194; x_wconf 90' lang='lat' dir='ltr'><strong>nec</strong></span> <span class='ocrx_word' id='word_1_600' title='bbox 1055 4138 1109 4194; x_wconf 91' lang='lat' dir='ltr'><strong>luci</strong></span> <span class='ocrx_word' id='word_1_601' title='bbox 1133 4139 1238 4209; x_wconf 88' lang='lat' dir='ltr'><strong>spatio,</strong></span> <span class='ocrx_word' id='word_1_602' title='bbox 1266 4153 1319 4192; x_wconf 89' lang='lat' dir='ltr'><strong>nec</strong></span> <span class='ocrx_word' id='word_1_603' title='bbox 1344 4136 1501 4192; x_wconf 87' lang='lat' dir='ltr'><strong>nativitatis</strong></span> <span class='ocrx_word' id='word_1_604' title='bbox 1524 4149 1651 4208; x_wconf 86' lang='lat' dir='ltr'><strong>egressu,</strong></span> <span class='ocrx_word' id='word_1_605' title='bbox 1678 4133 1727 4188; x_wconf 87' lang='lat' dir='ltr'><strong>scd</strong></span> 
     </span>
    </p>

    <p class='ocr_par' dir='ltr' id='par_1_3' title="bbox 315 4197 1203 4300">
     <span class='ocr_line' id='line_1_45' title="bbox 315 4197 1203 4300; baseline -0.003 -17"><span class='ocrx_word' id='word_1_606' title='bbox 315 4197 427 4254; x_wconf 55' lang='lat' dir='ltr'>CAPUT</span> <span class='ocrx_word' id='word_1_607' title='bbox 446 4199 489 4255; x_wconf 68' lang='lat' dir='ltr'><strong>lv·</strong></span> <span class='ocrx_word' id='word_1_608' title='bbox 883 4229 1043 4285; x_wconf 83' lang='lat' dir='ltr'><strong>existenlire</strong></span> <span class='ocrx_word' id='word_1_609' title='bbox 1057 4244 1203 4300; x_wconf 88' lang='lat' dir='ltr'><strong>processu.</strong></span> 
     </span>
    </p>

    <p class='ocr_par' dir='ltr' id='par_1_4' title="bbox 85 4305 1731 4747">
     <span class='ocr_line' id='line_1_46' title="bbox 300 4305 1731 4387; baseline -0.002 -18"><span class='ocrx_word' id='word_1_610' title='bbox 300 4306 343 4359; x_wconf 59' lang='lat' dir='ltr'><strong>Ex</strong></span> <span class='ocrx_word' id='word_1_611' title='bbox 356 4305 508 4361; x_wconf 67' lang='lat' dir='ltr'><strong>Ambrosio·</strong></span> <span class='ocrx_word' id='word_1_612' title='bbox 849 4331 870 4385; x_wconf 80' lang='lat' dir='ltr'><strong>p</strong></span> <span class='ocrx_word' id='word_1_613' title='bbox 919 4315 1040 4372; x_wconf 75' lang='lat' dir='ltr'><strong>litterius</strong></span> <span class='ocrx_word' id='word_1_614' title='bbox 1053 4317 1176 4387; x_wconf 91' lang='lat' dir='ltr'><strong>loquens</strong></span> <span class='ocrx_word' id='word_1_615' title='bbox 1191 4314 1227 4370; x_wconf 94' lang='lat' dir='ltr'><strong>de</strong></span> <span class='ocrx_word' id='word_1_616' title='bbox 1251 4313 1435 4386; x_wconf 86' lang='lat' dir='ltr'><strong>processione</strong></span> <span class='ocrx_word' id='word_1_617' title='bbox 1459 4312 1523 4368; x_wconf 84' lang='lat' dir='ltr'><strong>Titii</strong></span> <span class='ocrx_word' id='word_1_618' title='bbox 1538 4327 1570 4367; x_wconf 85' lang='lat' dir='ltr'><strong>ex</strong></span> <span class='ocrx_word' id='word_1_619' title='bbox 1592 4312 1676 4367; x_wconf 85' lang='lat' dir='ltr'><strong>Putre</strong></span> <span class='ocrx_word' id='word_1_620' title='bbox 1690 4309 1731 4366; x_wconf 91' lang='lat' dir='ltr'><strong>sic</strong></span> 
     </span>
     <span class='ocr_line' id='line_1_47' title="bbox 87 4398 1729 4482; baseline -0.005 -20"><span class='ocrx_word' id='word_1_621' title='bbox 87 4406 183 4462; x_wconf 83' lang='lat' dir='ltr'><strong>rusius</strong></span> <span class='ocrx_word' id='word_1_622' title='bbox 209 4407 426 4464; x_wconf 87' lang='lat' dir='ltr'><strong>blediolanensis</strong></span> <span class='ocrx_word' id='word_1_623' title='bbox 448 4411 610 4482; x_wconf 86' lang='lat' dir='ltr'><strong>episcopus,</strong></span> <span class='ocrx_word' id='word_1_624' title='bbox 630 4410 675 4465; x_wconf 89' lang='lat' dir='ltr'><strong>vir</strong></span> <span class='ocrx_word' id='word_1_625' title='bbox 698 4410 828 4465; x_wconf 89' lang='lat' dir='ltr'><strong>omnium</strong></span> <span class='ocrx_word' id='word_1_626' title='bbox 882 4405 993 4460; x_wconf 76' lang='lat' dir='ltr'><strong>inlllze</strong></span> <span class='ocrx_word' id='word_1_627' title='bbox 1020 4405 1118 4475; x_wconf 82' lang='lat' dir='ltr'><strong>licque</strong></span> <span class='ocrx_word' id='word_1_628' title='bbox 1139 4419 1204 4458; x_wconf 91' lang='lat' dir='ltr'><strong>cum</strong></span> <span class='ocrx_word' id='word_1_629' title='bbox 1224 4402 1259 4458; x_wconf 90' lang='lat' dir='ltr'><strong>de</strong></span> <span class='ocrx_word' id='word_1_630' title='bbox 1282 4404 1366 4458; x_wconf 88' lang='lat' dir='ltr'><strong>Patre</strong></span> <span class='ocrx_word' id='word_1_631' title='bbox 1384 4403 1451 4470; x_wconf 82' lang='lat' dir='ltr'><strong>exit,</strong></span> <span class='ocrx_word' id='word_1_632' title='bbox 1469 4402 1505 4456; x_wconf 89' lang='lat' dir='ltr'><strong>de</strong></span> <span class='ocrx_word' id='word_1_633' title='bbox 1527 4401 1590 4455; x_wconf 88' lang='lat' dir='ltr'><strong>loco</strong></span> <span class='ocrx_word' id='word_1_634' title='bbox 1613 4398 1729 4466; x_wconf 86' lang='lat' dir='ltr'><strong>recedit,</strong></span> 
     </span>
     <span class='ocr_line' id='line_1_48' title="bbox 85 4491 1730 4567; baseline -0.005 -17"><span class='ocrx_word' id='word_1_635' title='bbox 85 4511 133 4551; x_wconf 90' lang='lat' dir='ltr'><strong>ore</strong></span> <span class='ocrx_word' id='word_1_636' title='bbox 148 4496 286 4551; x_wconf 89' lang='lat' dir='ltr'><strong>virtutum</strong></span> <span class='ocrx_word' id='word_1_637' title='bbox 304 4497 463 4565; x_wconf 80' lang='lat' dir='ltr'><strong>decoratus,</strong></span> <span class='ocrx_word' id='word_1_638' title='bbox 484 4499 619 4555; x_wconf 87' lang='lat' dir='ltr'><strong>adversus</strong></span> <span class='ocrx_word' id='word_1_639' title='bbox 633 4500 753 4555; x_wconf 81' lang='lat' dir='ltr'><strong>Arianos</strong></span> <span class='ocrx_word' id='word_1_640' title='bbox 769 4515 828 4554; x_wconf 88' lang='lat' dir='ltr'><strong>cer·</strong></span> <span class='ocrx_word' id='word_1_641' title='bbox 883 4500 913 4548; x_wconf 91' lang='lat' dir='ltr'><strong>et</strong></span> <span class='ocrx_word' id='word_1_642' title='bbox 935 4493 1018 4567; x_wconf 92' lang='lat' dir='ltr'><strong>qussi</strong></span> <span class='ocrx_word' id='word_1_643' title='bbox 1039 4508 1143 4564; x_wconf 88' lang='lat' dir='ltr'><strong>corpus</strong></span> <span class='ocrx_word' id='word_1_644' title='bbox 1167 4508 1184 4547; x_wconf 90' lang='lat' dir='ltr'><strong>a</strong></span> <span class='ocrx_word' id='word_1_645' title='bbox 1207 4507 1326 4562; x_wconf 87' lang='lat' dir='ltr'><strong>corpore</strong></span> <span class='ocrx_word' id='word_1_646' title='bbox 1348 4494 1525 4562; x_wconf 87' lang='lat' dir='ltr'><strong>separantur.</strong></span> <span class='ocrx_word' id='word_1_647' title='bbox 1544 4491 1641 4560; x_wconf 89' lang='lat' dir='ltr'><strong>Neque</strong></span> <span class='ocrx_word' id='word_1_648' title='bbox 1664 4503 1730 4543; x_wconf 87' lang='lat' dir='ltr'><strong>cum</strong></span> 
     </span>
     <span class='ocr_line' id='line_1_49' title="bbox 85 4575 1730 4658; baseline -0.002 -23"><span class='ocrx_word' id='word_1_649' title='bbox 85 4599 162 4638; x_wconf 72' lang='lat' dir='ltr'><strong>‚uon</strong></span> <span class='ocrx_word' id='word_1_650' title='bbox 179 4599 269 4654; x_wconf 83' lang='lat' dir='ltr'><strong>pauca</strong></span> <span class='ocrx_word' id='word_1_651' title='bbox 284 4584 446 4652; x_wconf 88' lang='lat' dir='ltr'><strong>conticiens,</strong></span> <span class='ocrx_word' id='word_1_652' title='bbox 463 4602 515 4641; x_wconf 90' lang='lat' dir='ltr'><strong>uec</strong></span> <span class='ocrx_word' id='word_1_653' title='bbox 531 4588 629 4658; x_wconf 87' lang='lat' dir='ltr'><strong>paucis</strong></span> <span class='ocrx_word' id='word_1_654' title='bbox 649 4587 685 4642; x_wconf 84' lang='lat' dir='ltr'><strong>ab</strong></span> <span class='ocrx_word' id='word_1_655' title='bbox 711 4587 751 4641; x_wconf 91' lang='lat' dir='ltr'><strong>eis</strong></span> <span class='ocrx_word' id='word_1_656' title='bbox 766 4601 828 4658; x_wconf 86' lang='lat' dir='ltr'><strong>per·</strong></span> <span class='ocrx_word' id='word_1_657' title='bbox 883 4587 927 4638; x_wconf 87' lang='lat' dir='ltr'><strong>cst</strong></span> <span class='ocrx_word' id='word_1_658' title='bbox 940 4597 1006 4637; x_wconf 91' lang='lat' dir='ltr'><strong>cnm</strong></span> <span class='ocrx_word' id='word_1_659' title='bbox 1030 4582 1122 4646; x_wconf 86' lang='lat' dir='ltr'><strong>Patre,</strong></span> <span class='ocrx_word' id='word_1_660' title='bbox 1138 4585 1276 4651; x_wconf 88' lang='lat' dir='ltr'><strong>tanquam</strong></span> <span class='ocrx_word' id='word_1_661' title='bbox 1299 4578 1330 4634; x_wconf 91' lang='lat' dir='ltr'><strong>iu</strong></span> <span class='ocrx_word' id='word_1_662' title='bbox 1355 4594 1473 4650; x_wconf 91' lang='lat' dir='ltr'><strong>corpore</strong></span> <span class='ocrx_word' id='word_1_663' title='bbox 1489 4593 1594 4649; x_wconf 89' lang='lat' dir='ltr'><strong>corpus</strong></span> <span class='ocrx_word' id='word_1_664' title='bbox 1609 4575 1730 4632; x_wconf 89' lang='lat' dir='ltr'><strong>includi-</strong></span> 
     </span>
     <span class='ocr_line' id='line_1_50' title="bbox 85 4666 1731 4747; baseline -0.004 -21"><span class='ocrx_word' id='word_1_665' title='bbox 85 4686 162 4726; x_wconf 84' lang='lat' dir='ltr'><strong>num</strong></span> <span class='ocrx_word' id='word_1_666' title='bbox 193 4671 307 4742; x_wconf 88' lang='lat' dir='ltr'><strong>injuriis</strong></span> <span class='ocrx_word' id='word_1_667' title='bbox 338 4674 494 4743; x_wconf 89' lang='lat' dir='ltr'><strong>appetitus,</strong></span> <span class='ocrx_word' id='word_1_668' title='bbox 526 4675 556 4730; x_wconf 91' lang='lat' dir='ltr'><strong>in</strong></span> <span class='ocrx_word' id='word_1_669' title='bbox 584 4675 666 4730; x_wconf 90' lang='lat' dir='ltr'><strong>libris</strong></span> <span class='ocrx_word' id='word_1_670' title='bbox 694 4690 767 4747; x_wconf 90' lang='lat' dir='ltr'><strong>quus</strong></span> <span class='ocrx_word' id='word_1_671' title='bbox 794 4675 830 4730; x_wconf 91' lang='lat' dir='ltr'><strong>de</strong></span> <span class='ocrx_word' id='word_1_672' title='bbox 883 4675 949 4726; x_wconf 89' lang='lat' dir='ltr'><strong>tur:</strong></span> <span class='ocrx_word' id='word_1_673' title='bbox 974 4669 1097 4742; x_wconf 92' lang='lat' dir='ltr'><strong>Spiritus</strong></span> <span class='ocrx_word' id='word_1_674' title='bbox 1116 4683 1232 4740; x_wconf 89' lang='lat' dir='ltr'><strong>quoque</strong></span> <span class='ocrx_word' id='word_1_675' title='bbox 1253 4673 1368 4723; x_wconf 89' lang='lat' dir='ltr'><strong>sanctus</strong></span> <span class='ocrx_word' id='word_1_676' title='bbox 1385 4666 1628 4738; x_wconf 82' lang='lat' dir='ltr'><strong>eumprocedita</strong></span> <span class='ocrx_word' id='word_1_677' title='bbox 1648 4666 1731 4720; x_wconf 88' lang='lat' dir='ltr'><strong>Patre</strong></span> 
     </span>
    </p>

    <p class='ocr_par' dir='ltr' id='par_1_5' title="bbox 85 4757 1734 5630">
     <span class='ocr_line' id='line_1_51' title="bbox 108 4757 1730 4835; baseline -0.004 -22"><span class='ocrx_word' id='word_1_678' title='bbox 108 4765 210 4814; x_wconf 88' lang='lat' dir='ltr'><strong>sancto</strong></span> <span class='ocrx_word' id='word_1_679' title='bbox 234 4761 368 4815; x_wconf 84' lang='lat' dir='ltr'><strong>adversus</strong></span> <span class='ocrx_word' id='word_1_680' title='bbox 402 4762 537 4817; x_wconf 70' lang='lat' dir='ltr'><strong>brianum</strong></span> <span class='ocrx_word' id='word_1_681' title='bbox 572 4763 742 4835; x_wconf 77' lang='lat' dir='ltr'><strong>pravitatem</strong></span> <span class='ocrx_word' id='word_1_682' title='bbox 771 4763 830 4817; x_wconf 89' lang='lat' dir='ltr'><strong>elo·</strong></span> <span class='ocrx_word' id='word_1_683' title='bbox 884 4765 943 4815; x_wconf 89' lang='lat' dir='ltr'><strong>ets</strong></span> <span class='ocrx_word' id='word_1_684' title='bbox 962 4759 1043 4826; x_wconf 83' lang='lat' dir='ltr'><strong>Titio,</strong></span> <span class='ocrx_word' id='word_1_685' title='bbox 1067 4773 1125 4813; x_wconf 89' lang='lat' dir='ltr'><strong>uon</strong></span> <span class='ocrx_word' id='word_1_686' title='bbox 1149 4760 1299 4829; x_wconf 87' lang='lat' dir='ltr'><strong>separetur</strong></span> <span class='ocrx_word' id='word_1_687' title='bbox 1319 4757 1444 4823; x_wconf 89' lang='lat' dir='ltr'><strong>aPatre,</strong></span> <span class='ocrx_word' id='word_1_688' title='bbox 1461 4771 1518 4810; x_wconf 92' lang='lat' dir='ltr'><strong>uon</strong></span> <span class='ocrx_word' id='word_1_689' title='bbox 1542 4763 1730 4825; x_wconf 85' lang='lat' dir='ltr'><strong>separatura</strong></span> 
     </span>
     <span class='ocr_line' id='line_1_52' title="bbox 85 4840 1731 4922; baseline -0.006 -18"><span class='ocrx_word' id='word_1_690' title='bbox 85 4849 169 4904; x_wconf 86' lang='lat' dir='ltr'><strong>ssime</strong></span> <span class='ocrx_word' id='word_1_691' title='bbox 192 4849 316 4920; x_wconf 88' lang='lat' dir='ltr'><strong>scripsit,</strong></span> <span class='ocrx_word' id='word_1_692' title='bbox 342 4855 371 4905; x_wconf 88' lang='lat' dir='ltr'><strong>ct</strong></span> <span class='ocrx_word' id='word_1_693' title='bbox 389 4851 554 4922; x_wconf 85' lang='lat' dir='ltr'><strong>evangelica</strong></span> <span class='ocrx_word' id='word_1_694' title='bbox 578 4852 697 4907; x_wconf 80' lang='lat' dir='ltr'><strong>veritate</strong></span> <span class='ocrx_word' id='word_1_695' title='bbox 713 4852 831 4907; x_wconf 89' lang='lat' dir='ltr'><strong>robore·</strong></span> <span class='ocrx_word' id='word_1_696' title='bbox 884 4848 965 4905; x_wconf 81' lang='lat' dir='ltr'><strong>Filio.</strong></span> <span class='ocrx_word' id='word_1_697' title='bbox 983 4868 997 4898; x_wconf 80' lang='lat' dir='ltr'><strong>v</strong></span> <span class='ocrx_word' id='word_1_698' title='bbox 1015 4846 1177 4917; x_wconf 76' lang='lat' dir='ltr'><strong>Praecipuus</strong></span> <span class='ocrx_word' id='word_1_699' title='bbox 1197 4846 1249 4899; x_wconf 91' lang='lat' dir='ltr'><strong>iste</strong></span> <span class='ocrx_word' id='word_1_700' title='bbox 1267 4846 1376 4911; x_wconf 87' lang='lat' dir='ltr'><strong>doctor,</strong></span> <span class='ocrx_word' id='word_1_701' title='bbox 1394 4848 1423 4900; x_wconf 90' lang='lat' dir='ltr'><strong>et</strong></span> <span class='ocrx_word' id='word_1_702' title='bbox 1436 4842 1612 4900; x_wconf 89' lang='lat' dir='ltr'><strong>clarissimus</strong></span> <span class='ocrx_word' id='word_1_703' title='bbox 1628 4840 1731 4898; x_wconf 83' lang='lat' dir='ltr'><strong>Christi</strong></span> 
     </span>
     <span class='ocr_line' id='line_1_53' title="bbox 99 4931 1731 5011; baseline -0.006 -18"><span class='ocrx_word' id='word_1_704' title='bbox 99 4938 165 5009; x_wconf 81' lang='lat' dir='ltr'><strong>(lib.</strong></span> <span class='ocrx_word' id='word_1_705' title='bbox 183 4953 192 4993; x_wconf 85' lang='lat' dir='ltr'><strong>s</strong></span> <span class='ocrx_word' id='word_1_706' title='bbox 207 4937 240 4992; x_wconf 89' lang='lat' dir='ltr'><strong>de</strong></span> <span class='ocrx_word' id='word_1_707' title='bbox 254 4940 329 5007; x_wconf 85' lang='lat' dir='ltr'><strong>Spir.</strong></span> <span class='ocrx_word' id='word_1_708' title='bbox 345 4945 447 5007; x_wconf 83' lang='lat' dir='ltr'><strong>sancto,</strong></span> <span class='ocrx_word' id='word_1_709' title='bbox 463 4956 525 5011; x_wconf 85' lang='lat' dir='ltr'><strong>cap.</strong></span> <span class='ocrx_word' id='word_1_710' title='bbox 541 4943 570 5010; x_wconf 83' lang='lat'><strong>3)</strong></span> <span class='ocrx_word' id='word_1_711' title='bbox 587 4959 594 4994; x_wconf 91' lang='lat'>:</span> <span class='ocrx_word' id='word_1_712' title='bbox 615 4963 624 4989; x_wconf 90' lang='grc' dir='ltr'>ι</span> <span class='ocrx_word' id='word_1_713' title='bbox 641 4940 669 4995; x_wconf 89' lang='lat' dir='ltr'><strong>Si</strong></span> <span class='ocrx_word' id='word_1_714' title='bbox 685 4940 830 4995; x_wconf 86' lang='lat' dir='ltr'><strong>Christum</strong></span> <span class='ocrx_word' id='word_1_715' title='bbox 884 4936 1042 5004; x_wconf 81' lang='lat' dir='ltr'><strong>consessor,</strong></span> <span class='ocrx_word' id='word_1_716' title='bbox 1063 4935 1162 4990; x_wconf 89' lang='lat' dir='ltr'><strong>dicens</strong></span> <span class='ocrx_word' id='word_1_717' title='bbox 1177 4936 1330 5006; x_wconf 89' lang='lat' dir='ltr'><strong>procedere</strong></span> <span class='ocrx_word' id='word_1_718' title='bbox 1349 4933 1488 5004; x_wconf 88' lang='lat' dir='ltr'><strong>Spiritum</strong></span> <span class='ocrx_word' id='word_1_719' title='bbox 1503 4937 1632 4987; x_wconf 87' lang='lat' dir='ltr'><strong>sunctum</strong></span> <span class='ocrx_word' id='word_1_720' title='bbox 1647 4947 1663 4982; x_wconf 86' lang='lat' dir='ltr'><strong>a</strong></span> <span class='ocrx_word' id='word_1_721' title='bbox 1679 4931 1731 4985; x_wconf 86' lang='lat' dir='ltr'><strong>Pa-</strong></span> 
     </span>
     <span class='ocr_line' id='line_1_54' title="bbox 85 5022 1732 5098; baseline -0.006 -18"><span class='ocrx_word' id='word_1_722' title='bbox 85 5027 216 5081; x_wconf 80' lang='lat' dir='ltr'><strong>atticum</strong></span> <span class='ocrx_word' id='word_1_723' title='bbox 241 5026 355 5082; x_wconf 84' lang='lat' dir='ltr'><strong>Patrem</strong></span> <span class='ocrx_word' id='word_1_724' title='bbox 374 5044 391 5082; x_wconf 87' lang='lat' dir='ltr'><strong>a</strong></span> <span class='ocrx_word' id='word_1_725' title='bbox 413 5043 471 5098; x_wconf 85' lang='lat' dir='ltr'><strong>qno</strong></span> <span class='ocrx_word' id='word_1_726' title='bbox 494 5033 597 5083; x_wconf 88' lang='lat' dir='ltr'><strong>unctus</strong></span> <span class='ocrx_word' id='word_1_727' title='bbox 621 5034 663 5083; x_wconf 92' lang='lat' dir='ltr'><strong>cst</strong></span> <span class='ocrx_word' id='word_1_728' title='bbox 687 5027 784 5094; x_wconf 81' lang='lat' dir='ltr'><strong>Filius,</strong></span> <span class='ocrx_word' id='word_1_729' title='bbox 802 5032 832 5082; x_wconf 91' lang='lat' dir='ltr'><strong>et</strong></span> <span class='ocrx_word' id='word_1_730' title='bbox 884 5031 938 5089; x_wconf 89' lang='lat' dir='ltr'><strong>tre,</strong></span> <span class='ocrx_word' id='word_1_731' title='bbox 955 5023 1109 5097; x_wconf 86' lang='lat' dir='ltr'><strong>procedere</strong></span> <span class='ocrx_word' id='word_1_732' title='bbox 1124 5030 1154 5079; x_wconf 93' lang='lat' dir='ltr'><strong>et</strong></span> <span class='ocrx_word' id='word_1_733' title='bbox 1168 5040 1185 5078; x_wconf 89' lang='lat' dir='ltr'><strong>a</strong></span> <span class='ocrx_word' id='word_1_734' title='bbox 1200 5023 1281 5090; x_wconf 82' lang='lat' dir='ltr'><strong>Filio,</strong></span> <span class='ocrx_word' id='word_1_735' title='bbox 1297 5023 1410 5078; x_wconf 79' lang='lat' dir='ltr'><strong>Arianis</strong></span> <span class='ocrx_word' id='word_1_736' title='bbox 1424 5022 1560 5078; x_wconf 83' lang='lat' dir='ltr'><strong>adversus</strong></span> <span class='ocrx_word' id='word_1_737' title='bbox 1575 5035 1647 5090; x_wconf 89' lang='lat' dir='ltr'><strong>quos</strong></span> <span class='ocrx_word' id='word_1_738' title='bbox 1661 5031 1732 5088; x_wconf 82' lang='lat' dir='ltr'><strong>age-</strong></span> 
     </span>
     <span class='ocr_line' id='line_1_55' title="bbox 90 5103 1731 5188; baseline -0.005 -21"><span class='ocrx_word' id='word_1_739' title='bbox 90 5114 143 5185; x_wconf 90' lang='lat' dir='ltr'><strong>qui</strong></span> <span class='ocrx_word' id='word_1_740' title='bbox 157 5120 260 5169; x_wconf 88' lang='lat' dir='ltr'><strong>unctus</strong></span> <span class='ocrx_word' id='word_1_741' title='bbox 279 5120 323 5170; x_wconf 88' lang='lat' dir='ltr'><strong>cst</strong></span> <span class='ocrx_word' id='word_1_742' title='bbox 346 5116 459 5184; x_wconf 87' lang='lat' dir='ltr'><strong>Filium,</strong></span> <span class='ocrx_word' id='word_1_743' title='bbox 475 5122 504 5171; x_wconf 88' lang='lat' dir='ltr'><strong>ct</strong></span> <span class='ocrx_word' id='word_1_744' title='bbox 522 5115 662 5187; x_wconf 89' lang='lat' dir='ltr'><strong>Spiritum</strong></span> <span class='ocrx_word' id='word_1_745' title='bbox 684 5116 736 5188; x_wconf 90' lang='lat' dir='ltr'><strong>qui</strong></span> <span class='ocrx_word' id='word_1_746' title='bbox 752 5115 832 5171; x_wconf 84' lang='lat' dir='ltr'><strong>unxit</strong></span> <span class='ocrx_word' id='word_1_747' title='bbox 884 5115 944 5180; x_wconf 90' lang='lat' dir='ltr'><strong>bat,</strong></span> <span class='ocrx_word' id='word_1_748' title='bbox 968 5112 1188 5183; x_wconf 83' lang='lat' dir='ltr'><strong>blasphemandi</strong></span> <span class='ocrx_word' id='word_1_749' title='bbox 1212 5111 1326 5166; x_wconf 88' lang='lat' dir='ltr'><strong>sustulit</strong></span> <span class='ocrx_word' id='word_1_750' title='bbox 1350 5110 1535 5173; x_wconf 85' lang='lat' dir='ltr'><strong>occasionem,</strong></span> <span class='ocrx_word' id='word_1_751' title='bbox 1555 5122 1592 5162; x_wconf 89' lang='lat' dir='ltr'><strong>ue</strong></span> <span class='ocrx_word' id='word_1_752' title='bbox 1616 5105 1667 5177; x_wconf 89' lang='lat' dir='ltr'><strong>qui</strong></span> <span class='ocrx_word' id='word_1_753' title='bbox 1686 5103 1731 5159; x_wconf 90' lang='lat' dir='ltr'><strong>di·</strong></span> 
     </span>
     <span class='ocr_line' id='line_1_56' title="bbox 85 5194 1732 5277; baseline -0.006 -20"><span class='ocrx_word' id='word_1_754' title='bbox 85 5203 158 5258; x_wconf 86' lang='lat' dir='ltr'><strong>astl:</strong></span> <span class='ocrx_word' id='word_1_755' title='bbox 177 5208 204 5257; x_wconf 85' lang='lat' dir='ltr'><strong>et</strong></span> <span class='ocrx_word' id='word_1_756' title='bbox 229 5205 253 5258; x_wconf 93' lang='lat' dir='ltr'><strong>si</strong></span> <span class='ocrx_word' id='word_1_757' title='bbox 277 5207 390 5260; x_wconf 84' lang='lat' dir='ltr'><strong>Pslrcm</strong></span> <span class='ocrx_word' id='word_1_758' title='bbox 412 5204 505 5272; x_wconf 89' lang='lat' dir='ltr'><strong>dicas;</strong></span> <span class='ocrx_word' id='word_1_759' title='bbox 520 5206 623 5260; x_wconf 84' lang='lat' dir='ltr'><strong>Filium</strong></span> <span class='ocrx_word' id='word_1_760' title='bbox 645 5206 707 5277; x_wconf 86' lang='lat' dir='ltr'><strong>ejus</strong></span> <span class='ocrx_word' id='word_1_761' title='bbox 726 5211 754 5261; x_wconf 90' lang='lat' dir='ltr'><strong>et</strong></span> <span class='ocrx_word' id='word_1_762' title='bbox 768 5205 830 5276; x_wconf 93' lang='lat' dir='ltr'><strong>Spi·</strong></span> <span class='ocrx_word' id='word_1_763' title='bbox 885 5203 1067 5258; x_wconf 87' lang='lat' dir='ltr'><strong>cebenlcum</strong></span> <span class='ocrx_word' id='word_1_764' title='bbox 1083 5201 1143 5257; x_wconf 86' lang='lat' dir='ltr'><strong>iore</strong></span> <span class='ocrx_word' id='word_1_765' title='bbox 1157 5204 1328 5261; x_wconf 88' lang='lat' dir='ltr'><strong>creaturam,</strong></span> <span class='ocrx_word' id='word_1_766' title='bbox 1345 5204 1374 5254; x_wconf 90' lang='lat' dir='ltr'><strong>et</strong></span> <span class='ocrx_word' id='word_1_767' title='bbox 1396 5198 1537 5252; x_wconf 88' lang='lat' dir='ltr'><strong>minorem</strong></span> <span class='ocrx_word' id='word_1_768' title='bbox 1557 5210 1617 5249; x_wconf 89' lang='lat' dir='ltr'><strong>non</strong></span> <span class='ocrx_word' id='word_1_769' title='bbox 1640 5194 1732 5248; x_wconf 90' lang='lat' dir='ltr'><strong>solum</strong></span> 
     </span>
     <span class='ocr_line' id='line_1_57' title="bbox 85 5282 1733 5362; baseline -0.006 -16"><span class='ocrx_word' id='word_1_770' title='bbox 85 5290 144 5346; x_wconf 88' lang='lat' dir='ltr'><strong>oris</strong></span> <span class='ocrx_word' id='word_1_771' title='bbox 168 5292 230 5361; x_wconf 86' lang='lat' dir='ltr'><strong>ejus</strong></span> <span class='ocrx_word' id='word_1_772' title='bbox 254 5293 362 5362; x_wconf 88' lang='lat' dir='ltr'><strong>pariter</strong></span> <span class='ocrx_word' id='word_1_773' title='bbox 376 5291 523 5347; x_wconf 84' lang='lat' dir='ltr'><strong>indicasti:</strong></span> <span class='ocrx_word' id='word_1_774' title='bbox 547 5294 571 5348; x_wconf 90' lang='lat' dir='ltr'><strong>si</strong></span> <span class='ocrx_word' id='word_1_775' title='bbox 586 5299 683 5348; x_wconf 88' lang='lat' dir='ltr'><strong>temen</strong></span> <span class='ocrx_word' id='word_1_776' title='bbox 702 5293 831 5349; x_wconf 89' lang='lat' dir='ltr'><strong>etiamid</strong></span> <span class='ocrx_word' id='word_1_777' title='bbox 885 5293 978 5357; x_wconf 82' lang='lat' dir='ltr'><strong>Patre,</strong></span> <span class='ocrx_word' id='word_1_778' title='bbox 1002 5307 1101 5346; x_wconf 88' lang='lat' dir='ltr'><strong>rerum</strong></span> <span class='ocrx_word' id='word_1_779' title='bbox 1126 5291 1213 5345; x_wconf 91' lang='lat' dir='ltr'><strong>etiam</strong></span> <span class='ocrx_word' id='word_1_780' title='bbox 1238 5288 1318 5353; x_wconf 87' lang='lat' dir='ltr'><strong>Filio,</strong></span> <span class='ocrx_word' id='word_1_781' title='bbox 1342 5286 1469 5340; x_wconf 77' lang='lat' dir='ltr'><strong>victorias</strong></span> <span class='ocrx_word' id='word_1_782' title='bbox 1490 5284 1617 5355; x_wconf 88' lang='lat' dir='ltr'><strong>palmam</strong></span> <span class='ocrx_word' id='word_1_783' title='bbox 1640 5282 1733 5338; x_wconf 85' lang='lat' dir='ltr'><strong>reler-</strong></span> 
     </span>
     <span class='ocr_line' id='line_1_58' title="bbox 85 5371 1732 5453; baseline -0.005 -18"><span class='ocrx_word' id='word_1_784' title='bbox 85 5380 317 5452; x_wconf 74' lang='lat' dir='ltr'><strong>mmprebeudas.</strong></span> <span class='ocrx_word' id='word_1_785' title='bbox 342 5381 411 5436; x_wconf 84' lang='lat' dir='ltr'><strong>Etsi</strong></span> <span class='ocrx_word' id='word_1_786' title='bbox 431 5380 569 5453; x_wconf 89' lang='lat' dir='ltr'><strong>Spiritum</strong></span> <span class='ocrx_word' id='word_1_787' title='bbox 592 5382 684 5450; x_wconf 86' lang='lat' dir='ltr'><strong>dicas;</strong></span> <span class='ocrx_word' id='word_1_788' title='bbox 699 5391 727 5437; x_wconf 89' lang='lat' dir='ltr'><strong>et</strong></span> <span class='ocrx_word' id='word_1_789' title='bbox 741 5383 831 5436; x_wconf 86' lang='lat' dir='ltr'><strong>Deum</strong></span> <span class='ocrx_word' id='word_1_790' title='bbox 886 5385 967 5435; x_wconf 85' lang='lat' dir='ltr'><strong>rent:</strong></span> <span class='ocrx_word' id='word_1_791' title='bbox 992 5395 1091 5434; x_wconf 89' lang='lat' dir='ltr'><strong>verum</strong></span> <span class='ocrx_word' id='word_1_792' title='bbox 1111 5378 1261 5433; x_wconf 89' lang='lat' dir='ltr'><strong>audientes</strong></span> <span class='ocrx_word' id='word_1_793' title='bbox 1284 5391 1350 5430; x_wconf 84' lang='lat' dir='ltr'><strong>suns</strong></span> <span class='ocrx_word' id='word_1_794' title='bbox 1368 5389 1402 5428; x_wconf 85' lang='lat' dir='ltr'><strong>ex</strong></span> <span class='ocrx_word' id='word_1_795' title='bbox 1428 5379 1551 5444; x_wconf 90' lang='lat' dir='ltr'><strong>utroque</strong></span> <span class='ocrx_word' id='word_1_796' title='bbox 1574 5371 1732 5443; x_wconf 89' lang='lat' dir='ltr'><strong>proceden-</strong></span> 
     </span>
     <span class='ocr_line' id='line_1_59' title="bbox 85 5451 1733 5543; baseline -0.005 -19"><span class='ocrx_word' id='word_1_797' title='bbox 85 5484 130 5524; x_wconf 75' lang='grc' dir='ltr'><strong>ιι</strong></span> <span class='ocrx_word' id='word_1_798' title='bbox 148 5483 206 5540; x_wconf 88' lang='lat' dir='ltr'><strong>qun</strong></span> <span class='ocrx_word' id='word_1_799' title='bbox 218 5469 349 5539; x_wconf 89' lang='lat' dir='ltr'><strong>procedit</strong></span> <span class='ocrx_word' id='word_1_800' title='bbox 364 5470 497 5542; x_wconf 93' lang='lat' dir='ltr'><strong>Spiritus,</strong></span> <span class='ocrx_word' id='word_1_801' title='bbox 513 5472 668 5540; x_wconf 76' lang='lat' dir='ltr'><strong>etlilium,</strong></span> <span class='ocrx_word' id='word_1_802' title='bbox 685 5470 753 5543; x_wconf 88' lang='lat' dir='ltr'><strong>quia</strong></span> <span class='ocrx_word' id='word_1_803' title='bbox 769 5469 832 5526; x_wconf 83' lang='lat' dir='ltr'><strong>Filii</strong></span> <span class='ocrx_word' id='word_1_804' title='bbox 885 5474 954 5535; x_wconf 90' lang='lat' dir='ltr'><strong>tem,</strong></span> <span class='ocrx_word' id='word_1_805' title='bbox 970 5471 1175 5539; x_wconf 87' lang='lat' dir='ltr'><strong>cognoscerent</strong></span> <span class='ocrx_word' id='word_1_806' title='bbox 1194 5465 1285 5521; x_wconf 87' lang='lat' dir='ltr'><strong>Patris</strong></span> <span class='ocrx_word' id='word_1_807' title='bbox 1308 5451 1733 5533; x_wconf 65' lang='lat' dir='ltr'><strong>Titiique‘consubstantialem</strong></span> 
     </span>
     <span class='ocr_line' id='line_1_60' title="bbox 85 5549 1734 5630; baseline -0.004 -18"><span class='ocrx_word' id='word_1_808' title='bbox 85 5573 98 5613; x_wconf 84' lang='lat' dir='ltr'><strong>a</strong></span> <span class='ocrx_word' id='word_1_809' title='bbox 119 5562 164 5613; x_wconf 85' lang='lat' dir='ltr'><strong>est</strong></span> <span class='ocrx_word' id='word_1_810' title='bbox 177 5556 310 5629; x_wconf 90' lang='lat' dir='ltr'><strong>Spiritus.</strong></span> <span class='ocrx_word' id='word_1_811' title='bbox 328 5579 343 5608; x_wconf 76' lang='lat' dir='ltr'><strong>a</strong></span> <span class='ocrx_word' id='word_1_812' title='bbox 362 5559 452 5616; x_wconf 89' lang='lat' dir='ltr'><strong>llocst</strong></span> <span class='ocrx_word' id='word_1_813' title='bbox 465 5560 566 5616; x_wconf 88' lang='lat' dir='ltr'><strong>beatus</strong></span> <span class='ocrx_word' id='word_1_814' title='bbox 580 5559 750 5617; x_wconf 80' lang='lat' dir='ltr'><strong>Ambrosius</strong></span> <span class='ocrx_word' id='word_1_815' title='bbox 772 5574 832 5614; x_wconf 89' lang='lat' dir='ltr'><strong>uno</strong></span> <span class='ocrx_word' id='word_1_816' title='bbox 885 5572 918 5613; x_wconf 83' lang='lat' dir='ltr'><strong>ac</strong></span> <span class='ocrx_word' id='word_1_817' title='bbox 936 5555 1044 5630; x_wconf 83' lang='lat' dir='ltr'><strong>pariter</strong></span> <span class='ocrx_word' id='word_1_818' title='bbox 1066 5571 1132 5612; x_wconf 90' lang='lat' dir='ltr'><strong>com</strong></span> <span class='ocrx_word' id='word_1_819' title='bbox 1158 5554 1200 5611; x_wconf 91' lang='lat' dir='ltr'><strong>eis</strong></span> <span class='ocrx_word' id='word_1_820' title='bbox 1222 5550 1440 5609; x_wconf 83' lang='lat' dir='ltr'><strong>coadorandum</strong></span> <span class='ocrx_word' id='word_1_821' title='bbox 1457 5555 1485 5606; x_wconf 93' lang='lat' dir='ltr'><strong>et</strong></span> <span class='ocrx_word' id='word_1_822' title='bbox 1501 5549 1734 5626; x_wconf 59' lang='lat' dir='ltr'><strong>‘conglorifican-</strong></span> 
     </span>
    </p>
   </div>
   <div class='ocr_carea' id='block_1_3' title="bbox 0 0 1972 6098">
    <p class='ocr_par' dir='ltr' id='par_1_6' title="bbox 0 0 1972 6098">
     <span class='ocr_line' id='line_1_61' title="bbox 0 0 1972 6098; baseline 0 0"><span class='ocrx_word' id='word_1_823' title='bbox 0 0 1972 6098; x_wconf 95' lang='lat' dir='ltr'><strong> </strong></span> 
     </span>
    </p>
   </div>
  </div>
 </body>
</html>
