3930 6098
67 314 117 372 nr
486 320 531 375 ur.
550 318 715 376 cortrone
738 321 782 378 er
801 321 978 379 ιιιιιιιι
1000 323 1131 381 ιοιιιι.
1145 352 1180 366 -
1194 326 1385 382 ιιιιίιιι.
1764 295 1814 390 ns

62 466 232 516 oneremus,
250 465 303 505 uec
320 449 518 506 dubitaremus
543 450 614 524 quin
630 468 664 507 ex
681 453 767 509 serbo
787 457 913 510 ueritatis
927 458 948 511 sl
1004 457 1155 513 Enimvero
1171 475 1271 514 ornnes
1285 477 1351 514 suus
1375 468 1493 517 conatus
1508 463 1544 518 ad
1570 464 1627 520 diro
1642 466 1735 538 capita
1759 484 1809 524 seu

63 537 240 593 intellexerit
272 537 492 609 patefactionem
522 545 551 593 et
578 539 799 596 declarationem
836 559 853 597 a
882 559 913 598 re
968 544 1275 614 argrrmenladevelvit
1295 546 1412 602 diversae
1437 566 1487 604 ιιι
1509 551 1695 608 Calriuieticee
1723 556 1812 625 partis

62 626 138 697 ipse,
153 626 279 682 admisso
301 625 467 681 discrimine
491 632 521 681 et
544 627 726 683 differentia:
757 631 780 685 si
796 631 913 702 insuper
966 633 1128 704 seripturut
1141 636 1272 690 ostendat
1291 636 1511 707 patefactioenm
1535 656 1585 694 sen
1610 645 1810 709 montisestatio·

62 719 203 770 assereret
219 731 279 769 rem
292 714 385 786 ipsam
413 732 475 771 esse
501 717 679 773 reconditam
707 721 829 774 relatam
859 721 912 775 suh
965 736 1025 775 rtem
1055 721 1216 793 signiticare
1246 724 1336 796 ipsam
1362 727 1524 793 caetitatem,
1552 745 1601 783 seu
1630 745 1727 787 reram
1752 733 1811 789 reri

62 805 166 874 ligura,
184 805 260 875 quod
276 819 376 859 resero
391 804 432 860 ite
452 821 481 858 se
496 805 602 860 habere
618 808 720 862 asserit
735 813 764 862 et
786 810 912 864 affirmat
965 809 1092 879 corporis
1117 811 1221 867 Christi
1236 812 1382 868 existentis
1405 830 1489 886 praes(
1499 815 1603 883 ntiam3
1618 833 1742 888 quornm
1757 818 1811 873 de·

60 892 96 947 de
113 909 237 964 corpore
251 894 356 950 Christi
382 893 412 949 in
429 895 614 950 Eucharistia.
639 901 674 952 ln
699 914 764 953 vero
779 899 843 970 quis
858 899 910 954 dn·
964 893 1157 952 bilitatiouem
1171 903 1200 952 et
1214 898 1403 968 abjectionem
1418 899 1611 956 internoscere
1627 918 1679 958 nec
1695 903 1810 960 difficile

60 980 175 1036 bitandi
190 982 268 1035 locos
287 981 460 1054 relinquitur
472 982 542 1053 quin
555 983 595 1038 ita
611 985 722 1040 locutus
738 986 775 1041 sit
799 991 828 1041 et
842 988 911 1042 scri·

60 1069 151 1143 pserit
168 1070 314 1141 conceptis
354 1071 446 1126 verbis
487 1072 667 1141 Retramnus,
719 1079 747 1129 et
786 1081 910 1131 mentem

59 1175 144 1214 snam
159 1161 398 1228 aperueritnum.
414 1164 440 1228 8,
478 1160 522 1215 sui
555 1161 622 1216 libri
657 1163 693 1218 de
727 1164 852 1234 Corpore
883 1171 911 1218 et

59 1247 211 1319 Sanguine
225 1247 339 1314 Christi,
353 1249 382 1302 in
404 1266 461 1321 quo
475 1256 626 1322 postquam
644 1251 746 1321 tigurae
768 1252 909 1307 rationem

60 1336 205 1407 exposuit,
221 1338 261 1393 sic
290 1337 417 1393 saturn
449 1338 557 1393 Veritus
583 1353 650 1392 reru
678 1345 721 1395 est
746 1339 787 1394 rei
817 1341 909 1394 moni·

59 1423 133 1478 festa
147 1424 355 1481 demonstratio
372 1427 470 1483 multis
485 1428 652 1483 umbrarum
669 1426 843 1499 imaginibus
859 1428 909 1483 ob·

61 1512 163 1566 relata.
181 1533 196 1565 ι
212 1513 275 1568 lton
290 1515 368 1571 enim
382 1517 518 1587 profatur
532 1531 614 1570 suem
624 1519 752 1569 mentem
765 1515 910 1586 appellere

59 1600 216 1656 consitium
226 1601 332 1658 initum
347 1619 408 1659 esse
422 1604 457 1658 ad
472 1603 696 1659 examinandum
713 1605 742 1658 et
760 1601 911 1658 discutien-

58 1687 130 1743 dum
149 1705 189 1744 an
215 1706 320 1763 corpus
343 1691 447 1747 Christi
469 1708 596 1764 praeseus
617 1691 654 1745 sit
669 1691 711 1746 vel
736 1705 833 1745 revere
848 1689 907 1745 exi·

58 1777 156 1832 stetin
173 1778 372 1835 Eucharistia:
389 1781 424 1835 de
442 1782 495 1835 boe
510 1780 586 1834 enim
606 1777 718 1834 nullum
738 1778 765 1833 ei
789 1777 907 1833 dubium

59 1867 185 1934 subolet,
208 1883 261 1923 nec
285 1869 443 1925 secundnm
459 1870 646 1925 ltatramnnm
661 1867 748 1937 trram.
772 1866 813 1938 ιδ)
831 1865 909 1938 {con-

59 1953 184 2009 trariom
206 1959 257 2010 nat
279 1971 443 2028 repugnans
466 1957 522 2012 dici
535 1961 584 2011 ant
607 1957 726 2024 cogitari
746 1957 834 2024 potest
852 1955 911 2009 eine

58 2046 189 2111 nimium
210 2042 261 2100 sed
285 2045 381 2114 palam
411 2061 444 2100 ac
470 2043 581 2116 liquido
596 2042 711 2098 discutit
736 2047 765 2097 et
789 2057 910 2113 ruspans

60 2131 210 2187 examinat
237 2137 333 2188 utrum
360 2132 450 2187 oculis
472 2131 601 2204 corporis
616 2129 786 2202 subjiciatur
801 2134 829 2184 et
844 2145 909 2200 per-

59 2218 203 2289 spiciatur
216 2236 254 2275 an
276 2220 395 2291 patefiat
410 2221 574 2275 nullatenus
590 2219 715 2273 relatum
731 2220 760 2272 et
783 2215 911 2271 recondi-

61 2313 123 2364 tum
144 2318 231 2380 (num.
245 2312 281 2378 5).
299 2332 313 2360 ι
329 2312 373 2365 An
386 2309 447 2365 siue
462 2309 668 2381 cujuscumque
681 2307 822 2362 velatione
833 2322 909 2377 mys·

60 2397 126 2452 terii
147 2398 203 2452 hoc
218 2402 348 2469 aspectos
369 2396 515 2452 intueatur
538 2395 664 2466 corporis
679 2395 814 2460 exterius,
833 2393 909 2466 qnod

61 2485 168 2539 mentis
190 2483 267 2539 visas
292 2484 424 2555 inspiciat
443 2482 573 2552 interius,
586 2488 625 2538 nt
641 2489 734 2538 totum
755 2481 832 2554 quod
851 2480 910 2552 agi·

62 2578 119 2642 tar,
136 2574 166 2628 in
192 2571 432 2628 manifestationis
456 2573 519 2627 luce
540 2572 686 2627 elarescat.
704 2591 717 2620 ι
736 2570 785 2626 llic
801 2575 843 2624 est
863 2586 909 2623 te·

62 2677 109 2715 rus
131 2661 302 2734 quaestionis
326 2665 427 2727 status,
451 2661 510 2717 sive
524 2677 582 2732 quo
599 2661 660 2715 loco
683 2675 727 2714 res
752 2663 792 2713 est
809 2656 909 2727 dispu-

62 2747 181 2802 tationis
195 2749 231 2803 de
252 2748 429 2804 Eucharistia
449 2748 525 2819 apud
547 2749 745 2804 itatramuum.
760 2747 794 2801 Et
809 2762 910 2816 qnam·

62 2835 101 2891 ris
127 2853 186 2891 non
214 2837 251 2892 sit
266 2837 417 2894 dubitandi
438 2840 518 2894 loeus
537 2840 608 2910 quin
632 2855 706 2910 saepe
736 2836 841 2907 saepius
865 2851 910 2889 ras

63 2925 123 2998 ipsa
137 2943 190 2982 seu
212 2927 336 2994 realiter,
358 2931 390 2981 nt
412 2933 537 2995 vocatur,
553 2927 590 2981 sit
606 2925 759 2998 aliquoties
773 2929 802 2979 et
821 2924 909 2978 inter·

966 997 1017 1036 nec
1036 983 1158 1038 arduum
1174 989 1225 1052 est,
1241 986 1310 1040 viris
1328 987 1471 1059 applicata
1486 989 1631 1044 vuluntate
1646 988 1810 1064 huicnego·

965 1069 1004 1122 tiu
1020 1075 1048 1123 ιι
1061 1071 1155 1125 studia
1177 1072 1418 1128 incumbentibus.

1000 1157 1129 1212 Primum
1148 1159 1272 1229 objicere
1296 1177 1355 1215 non
1375 1162 1582 1233 pertimescunt
1608 1180 1724 1219 neeesse
1748 1165 1809 1221 fure

964 1244 1142 1301 adversarios
1158 1264 1231 1319 quos
1251 1248 1395 1321 impetivit
1418 1251 1602 1320 ltatramous,
1627 1251 1650 1305 si
1672 1251 1809 1307 voeabula

963 1336 1196 1401 maraisestationis
1209 1351 1268 1391 non
1282 1335 1424 1391 intellexit
1437 1339 1599 1408 reatitalern,
1622 1339 1676 1394 sibi
1693 1356 1811 1410 persua·

964 1421 1032 1477 sisse
1048 1439 1151 1494 corpus
1177 1423 1281 1479 Christi
1308 1426 1458 1480 oculorum
1480 1426 1570 1480 aciem
1590 1426 1723 1495 subiisse,
1754 1427 1807 1483 sub

964 1509 1156 1582 qualicunque
1177 1512 1270 1566 forma
1286 1517 1335 1566 aut
1357 1514 1451 1583 speeie
1464 1512 1556 1568 carnis
1580 1513 1726 1580 hnmauoe,
1742 1530 1809 1569 carn

964 1619 1044 1657 secus
1069 1609 1097 1658 et
1124 1605 1207 1660 aliter
1230 1609 1462 1673 manifestationis
1487 1608 1611 1670 nomine
1638 1625 1697 1664 non
1712 1613 1809 1680 posset

965 1690 1135 1763 nuncupari,
1152 1698 1180 1748 et
1195 1694 1352 1749 secondum
1372 1694 1611 1766 significationem
1633 1698 1806 1764 naturalem,

964 1779 999 1833 iis
1013 1781 1164 1835 contenire
1180 1797 1236 1835 non
1260 1786 1371 1852 poterat
1391 1783 1557 1839 hominibus
1584 1785 1703 1839 actitatis
1731 1790 1808 1841 recte

964 1871 991 1920 et
1006 1873 1136 1922 accurate
1156 1867 1311 1922 scientibus
1326 1868 1384 1922 suis
1399 1869 1488 1923 oeulis
1507 1887 1540 1925 ac
1561 1870 1720 1926 luminibus
1734 1872 1808 1928 nihil

963 1955 1065 2027 subjici
1078 1973 1161 2027 posse
1175 1961 1279 2027 praeter
1294 1955 1439 2029 ιπιφάιιιας
1454 1963 1482 2013 ιι
1496 1960 1663 2032 παράστασις
1684 1958 1768 2029 panis
1780 1962 1810 2013 et

964 2043 1033 2110 riui,
1049 2044 1332 2110 scilieetalbedinem,
1345 2046 1549 2102 rotunditatem
1560 2050 1588 2101 et
1598 2044 1804 2101 extensionem.

964 2134 1068 2187 Verum
1092 2148 1207 2187 neeesse
1231 2132 1288 2200 ιιι]
1298 2133 1466 2188 adversariis
1489 2134 1636 2189 ltalramni
1667 2132 1809 2203 ejusmodi

964 2237 1024 2276 rem
1047 2220 1228 2292 cogitabilenr
1248 2221 1333 2276 fuisse
1350 2238 1401 2276 sen
1418 2226 1545 2277 mentem
1571 2221 1734 2276 incurrisse.
1754 2221 1807 2275 lta·

964 2308 1048 2364 fendo
1067 2309 1144 2364 enim
1161 2311 1272 2365 fortiter
1286 2309 1447 2381 etssnurrose
1472 2311 1526 2365 sibi
1551 2310 1725 2381 persuasisse
1745 2325 1810 2365 ocu·

963 2397 1058 2450 lorum
1074 2413 1190 2451 suorum
1208 2397 1295 2452 acicm
1313 2397 1467 2469 perstringi
1481 2414 1601 2468 corpore
1621 2401 1649 2452 et
1667 2397 1808 2469 sanguiue

962 2484 1029 2538 iesu
1049 2484 1153 2539 Christi
1167 2484 1275 2539 affectis
1296 2484 1483 2556 qualitatibus
1497 2484 1579 2556 panis
1594 2490 1623 2540 et
1647 2484 1714 2539 vini.
1731 2485 1809 2540 Hane

964 2570 1042 2625 enim
1056 2571 1229 2625 seutentiam
1250 2572 1385 2626 tuendam
1409 2572 1520 2643 recepit
1552 2571 1808 2627 doctissimuscar·

963 2662 1067 2718 dinalis
1081 2663 1244 2732 Petronios,
1260 2664 1319 2719 sire
1332 2680 1436 2734 corpus
1460 2665 1564 2720 Christi
1578 2665 1679 2720 eadem
1708 2679 1808 2736 super-

965 2749 1027 2805 licie
1042 2750 1265 2821 circumseptum
1276 2751 1489 2823 fueritpaniaet
1504 2751 1562 2806 viui
1582 2751 1806 2825 praeexistentis;

965 2844 994 2894 et
1024 2840 1129 2911 quibus
1157 2840 1340 2896 manifestum
1369 2846 1589 2897 consectaneum
1626 2840 1807 2911 erumpebat,

964 2926 1070 2982 scilieet
1085 2943 1187 2998 corpus
1211 2928 1314 2984 Christi
1334 2929 1435 2984 eodem
1459 2929 1544 2984 modo
1568 2946 1668 2985 sensus
1696 2933 1807 2984 nostros

64 3015 130 3069 dum
151 3020 229 3069 stans
251 3015 377 3071 adversis
402 3016 530 3088 vestigiis
554 3020 581 3071 et
602 3030 766 3086 repugnans
789 3014 906 3084 ligurem
923 3049 943 3105 C
963 3015 1077 3070 afficere
1093 3015 1196 3070 debere
1212 3033 1269 3086 qno
1283 3017 1365 3089 panis
1379 3022 1408 3071 et
1422 3018 1521 3072 vinnm
1535 3024 1619 3072 antea
1632 3017 1806 3080 alliciebant,

63 3117 127 3155 eum
143 3116 244 3156 resera
258 3119 316 3157 non
332 3102 371 3157 ita
395 3119 509 3174 semper
523 3103 636 3157 eveniat
648 3117 682 3156 ex
706 3117 845 3156 consensu
862 3100 907 3155 di·

63 3205 149 3244 rersae
171 3190 263 3261 partis
282 3191 428 3262 scriptoris
446 3190 622 3261 praefationis
645 3189 758 3245 Gallicae
773 3192 801 3243 et
815 3187 911 3244 Calvi-

64 3278 173 3333 nisticae
194 3294 282 3350 quom
297 3278 344 3333 hic
362 3283 535 3332 tractamus:
553 3277 641 3332 dubio
664 3277 762 3346 procul
779 3276 908 3330 Rolnam·

65 3381 114 3420 nos
137 3365 359 3437 patefactionem
378 3381 438 3427 seu,
462 3369 494 3418 ut
517 3364 579 3436 ejus
603 3363 697 3418 serbis
718 3368 793 3428 uter,
818 3363 909 3416 mani·

64 3457 235 3522 testationem
267 3460 318 3509 aut
353 3453 529 3520 triariisastam
560 3452 812 3507 demonstrationem
844 3466 910 3503 vace

64 3543 186 3598 raritatis
202 3541 342 3596 intellexit
357 3558 364 3608 ;
381 3541 489 3613 qnippe
504 3555 568 3594 cum
585 3542 708 3612 ipsemet
730 3540 815 3609 dicat,
829 3539 912 3607 thano

65 3630 229 3703 opinionem
245 3647 296 3685 ιιι
310 3630 509 3686 credulitatem
523 3632 557 3687 de
575 3633 632 3686 riso
648 3647 698 3686 seu
711 3630 801 3686 ocrrtis
818 3628 909 3683 maui-

66 3720 132 3775 leste
147 3724 300 3790 conspecto
315 3734 433 3790 corpore
447 3719 552 3775 Christi
567 3720 597 3774 in
613 3719 798 3783 Eucharistia,
826 3724 911 3772 tuen·

67 3808 128 3863 dam
143 3814 291 3880 receptam
317 3809 404 3866 luisse
419 3811 454 3866 ab
481 3809 644 3866 orthodoxis
665 3808 809 3880 plerisque
833 3807 912 3861 theo-

68 3896 146 3968 logis,
167 3897 278 3952 seilicet
300 3901 495 3956 annuentibus
508 3899 640 3971 [libenter
662 3913 696 3953 ac
716 3901 817 3968 sponte
844 3894 910 3950 fidei

70 4000 114 4038 sen
128 3985 259 4040 suasioni
279 3986 410 4042 Ecclesiae
436 3987 584 4042 catholiam
601 3991 629 4040 et
651 3983 797 4040 communi
820 3983 854 4038 de
869 3997 911 4034 re-

70 4089 131 4129 sera
156 4073 298 4130 existente
323 4077 476 4147 presentia
498 4077 625 4149 corporis
648 4074 752 4132 Christi
773 4080 802 4129 et
821 4078 912 4128 trans·

70 4161 314 4230 substantiatione,
330 4164 459 4220 ducentis
468 4166 532 4237 plus
542 4180 629 4236 quam
639 4163 793 4232 annispost
803 4160 911 4214 editum

70 4247 145 4316 jussu
167 4250 264 4306 Caroli
278 4252 403 4308 Calride
427 4253 551 4324 Corpore
576 4257 604 4306 et
627 4249 773 4321 Sanguine
798 4245 912 4302 Domini

965 3102 1008 3156 nti
1021 3102 1163 3172 explicant
1175 3102 1338 3173 philosophi
1355 3103 1531 3167 Cartesiani;
1546 3104 1590 3158 rel
1608 3105 1696 3158 Deum
1711 3118 1762 3173 per
1777 3119 1807 3156 se

965 3189 995 3244 in
1010 3190 1142 3245 sensibus
1162 3191 1268 3245 nostris
1296 3190 1426 3261 sculpere
1456 3191 1570 3245 easdem
1600 3189 1740 3259 imagines
1760 3193 1811 3242 ant

965 3278 1166 3333 conscribilare
1180 3294 1250 3350 quas
1265 3277 1347 3349 panis
1362 3280 1391 3332 et
1412 3275 1510 3331 riuum
1524 3274 1737 3347 imprimerent,
1754 3272 1809 3327 nisi

965 3383 1067 3421 aarum
1082 3366 1281 3422 transmutatio
1294 3366 1368 3420 iacta
1391 3363 1488 3430 fuerit,
1505 3369 1536 3419 ut
1562 3363 1684 3435 explicet
1704 3360 1815 3416 doctis-

965 3453 1055 3509 simus
1069 3455 1153 3510 Pater
1168 3455 1287 3526 linguan
1302 3470 1336 3507 ex
1351 3452 1452 3506 ordine
1465 3451 1659 3507 llinimorum.
1676 3451 1733 3506 llue
1743 3466 1809 3504 sero

967 3543 1075 3614 liquido
1092 3548 1199 3599 constat
1213 3548 1243 3598 et
1263 3542 1411 3598 euidenter
1426 3558 1460 3596 ex
1474 3541 1654 3596 sermonibus
1666 3546 1695 3594 et
1717 3537 1811 3594 verbis

965 3632 1074 3687 abbatis
1104 3631 1312 3703 abbaudi,qni
1334 3636 1400 3701 post
1429 3630 1616 3684 Retramnum
1646 3627 1759 3697 scripsit
1783 3628 1811 3679 et

964 3722 1038 3776 hanc
1052 3721 1224 3776 sententiam
1241 3721 1377 3775 tuendam
1393 3718 1509 3788 recepit,
1525 3735 1611 3790 qnam
1638 3717 1747 3772 aliatim
1762 3731 1808 3770 ex·

965 3814 1093 3885 plicatet
1106 3814 1223 3869 extricat
1240 3818 1270 3867 ut
1298 3828 1332 3867 ex
1357 3810 1591 3868 adnotationibus
1612 3811 1718 3865 nostris
1739 3810 1811 3864 dilu-

964 3902 1027 3957 cide
1042 3908 1071 3957 et
1085 3901 1192 3974 liquido
1206 3899 1324 3972 patebit.
1339 3919 1353 3949 a
1371 3898 1576 3969 cogitaveram,
1607 3896 1713 3963 inquit,
1729 3902 1758 3950 et
1773 3896 1808 3949 it·

965 3990 1108 4061 lisaliqna
1120 3988 1293 4060 respondere
1312 3985 1362 4059 qni
1375 3986 1475 4041 dicunt
1503 3985 1597 4056 ipsum
1628 4000 1732 4056 eorpus
1751 3999 1809 4038 non

965 4077 1069 4148 frangi,
1082 4076 1131 4130 sed
1152 4077 1183 4130 in
1209 4075 1339 4131 albedine
1362 4075 1423 4144 ejus
1447 4076 1476 4127 et
1498 4071 1673 4126 rotunditate
1700 4068 1808 4141 aliquid

966 4165 1103 4231 factitari;
1133 4164 1181 4219 sed
1214 4164 1376 4234 recogitans
1402 4163 1531 4232 ineptum
1559 4176 1621 4214 esse
1657 4156 1810 4228 Evangelio

967 4254 1071 4311 Christi
1084 4253 1119 4308 de
1134 4251 1266 4307 albedine
1281 4256 1309 4306 et
1324 4250 1497 4306 rotunditate
1521 4247 1673 4321 disputari,
1697 4250 1810 4302 amatu-

72 4334 183 4391 llbfflffl·
202 4337 314 4401 0110ᾶὸ
330 4343 368 4405 ιθ,
389 4341 477 4395 lector
500 4339 619 4408 optime,
634 4336 779 4392 cumulate
799 4347 946 4405 perspi-p
966 4342 1005 4398 ris
1019 4342 1086 4397 talia
1101 4342 1219 4398 auribus
1233 4340 1389 4405 dimovens,
1405 4338 1560 4395 dialecticis
1569 4347 1619 4393 aut
1628 4335 1812 4408 certepneris

73 4429 142 4478 etum
157 4424 196 4478 iri
209 4440 268 4479 non
287 4426 389 4481 dubito
406 4443 438 4481 ex
459 4425 617 4481 accessione
642 4432 785 4485 iratorum,
802 4423 833 4477 in
847 4419 911 4493 qni·

73 4509 119 4565 bns
133 4511 310 4567 mentionem
347 4513 518 4570 adduximus
552 4513 663 4569 abbatis
704 4510 844 4576 Abbaudi,
885 4512 913 4564 et

75 4600 204 4669 Cualteri,
232 4602 330 4673 magni
349 4603 453 4674 prioris
470 4604 591 4660 abbatiae
607 4603 697 4658 sancti
719 4601 836 4656 Victoris
859 4601 912 4655 Pa·

75 4687 205 4744 risiensis.
229 4690 318 4744 Porro
343 4707 587 4762 supervacaneum
611 4693 685 4747 foret
712 4689 748 4744 ad
766 4686 914 4760 ,subteriu-

74 4777 203 4846 giendam
227 4780 461 4836 etenerrandam
484 4780 602 4850 hujusce
621 4776 818 4849 responsionis
844 4774 912 4838 rim,

74 4864 101 4918 sd
115 4864 208 4919 instar
232 4865 358 4921 auctoris
374 4867 552 4938 praefationis
573 4865 686 4922 Gallicas
703 4864 815 4934 seriptoe
837 4878 913 4916 aurio

76 4954 148 5022 tuiz,
164 4969 232 5026 pag.
253 4957 287 5010 33
302 4960 332 5009 ιι
346 4955 391 5022 at,
407 4955 581 5010 contendere
603 4960 632 5008 et
645 4953 713 5008 tutis
728 4952 837 5006 viribus
851 4949 914 5004 vin·

72 5040 250 5099 dicarcheae
268 5060 365 5100 rocem
386 5048 414 5101 et
428 5046 603 5101 locationem
621 5045 851 5109 montisestntionir
871 5058 914 5101 ιι·

72 5133 160 5187 ritatis
192 5132 357 5204 significare
386 5134 478 5206 ipsarn
507 5151 593 5206 quam
624 5141 728 5190 vocant
753 5141 914 5202 realitatem,

72 5218 198 5292 adeoque
223 5220 414 5276 Ratramnnm
444 5223 538 5294 ipsam
561 5224 694 5293 negando
715 5229 915 5293 manifestatio·

71 5312 264 5379 nemeorporis
276 5311 380 5367 Christi
402 5311 432 5366 in
463 5312 654 5382 Eucharistia,
671 5327 843 5384 pernegasse
871 5314 915 5385 ip·

73 5411 128 5449 ιιιι
142 5398 298 5454 aeranem
312 5416 362 5454 seu
383 5399 450 5455 fidei
464 5417 512 5456 seu
526 5401 653 5457 suasioni
675 5401 839 5456 orthodoxae
856 5402 917 5455 sin-

72 5498 132 5538 rere
143 5484 301 5542 abnuisse:
325 5503 391 5542 cum
420 5488 473 5543 hoc
502 5489 622 5560 probare
651 5489 688 5543 sit
713 5504 833 5560 prorsus
858 5493 915 5543 tam

73 5571 187 5629 diflicile
198 5589 285 5656 quam
298 5569 429 5626 ἀδύνατον
444 5591 493 5630 ιιι
504 5575 692 5646 impossibile.

965 4431 1033 4486 talia
1048 4429 1178 4500 permisi.
1207 4428 1369 4484 Praesertim
1390 4443 1456 4482 eum
1482 4426 1575 4499 quiris
1601 4425 1683 4480 facila
1716 4424 1812 4481 rideat

966 4518 1129 4575 albedinem
1147 4532 1198 4572 ιιι
1219 4516 1425 4572 rotunditatem
1446 4515 1483 4570 ab
1507 4515 1571 4586 ipsu
1586 4528 1709 4583 corpore
1732 4514 1810 4585 quod
1897 4569 1899 4572 Α

965 4609 1061 4664 album
1077 4610 1126 4661 eut
1139 4605 1297 4660 rotundum
1312 4608 1363 4673 est,
1381 4603 1507 4675 separari
1530 4619 1588 4657 non
1613 4618 1706 4673 posse,
1727 4601 1767 4656 ita
1781 4608 1814 4657 at

966 4697 1002 4751 ab
1016 4695 1079 4767 ipso
1094 4711 1150 4750 non
1162 4693 1251 4748 fracto
1266 4708 1317 4763 per
1326 4709 1355 4747 se
1367 4691 1551 4763 singulariter
1564 4691 1746 4762 frangantur.
1760 4711 1774 4740 a

1002 4785 1033 4838 ln
1049 4783 1180 4838 eamdem
1198 4781 1368 4836 seutentiam
1384 4780 1476 4843 „ivisse
1492 4780 1669 4846 Gualterum,
1685 4778 1812 4851 priorem

966 4874 995 4929 S.
1014 4870 1145 4938 Victoris,
1159 4876 1188 4925 et
1201 4870 1332 4924 eumdem
1351 4885 1433 4924 usum
1456 4869 1533 4938 apud
1558 4875 1712 4938 utrumque
1744 4866 1813 4919 sub·

967 4961 1034 5016 iisse
1048 4948 1168 5014 verbum
1186 4960 1312 5013 veritalis
1336 4958 1370 5012 ad
1399 4957 1617 5028 significandam
1643 4951 1811 5027 patefactio-

966 5063 1033 5103 nem
1049 5061 1100 5101 sen
1122 5047 1300 5110 manifestum
1315 5044 1580 5110 demonstrationem,
1598 5058 1649 5098 seu
1668 5038 1811 5111 cognitio·

969 5152 1035 5191 nem
1051 5135 1215 5189 sensitivam
1234 5133 1361 5204 eorporis
1374 5133 1478 5188 Christi
1494 5131 1546 5185 sub
1562 5128 1708 5183 affectibus
1728 5126 1810 5196 penis

968 5232 997 5282 et
1014 5223 1081 5289 riui,
1095 5223 1259 5277 nallatenus
1278 5237 1345 5278 vere
1358 5219 1543 5293 presentiam
1556 5217 1618 5285 ejus
1639 5230 1738 5270 resera
1753 5215 1813 5270 exi·

969 5318 1091 5369 stentem
1107 5311 1176 5377 sive,
1190 5325 1277 5382 qnam
1301 5313 1403 5364 vocant
1417 5307 1471 5362 aevi
1495 5302 1661 5375 posterioris
1690 5304 1810 5375 seriptu-

969 5413 1025 5465 res,
1041 5399 1206 5453 realitatem.

1005 5486 1067 5540 tam
1101 5485 1257 5541 secundnm
1290 5487 1375 5555 caput
1406 5487 1645 5553 argumentorum
1673 5482 1815 5540 discutere

970 5572 1187 5647 aggrcdiamur;
1201 5588 1301 5628 revera
1315 5571 1404 5642 priori
1428 5570 1552 5644 amplius
1571 5575 1601 5628 et
1623 5573 1767 5641 ιιιιιιιιιι
1781 5572 1817 5622 ri·
