3930 6098
51 260 58 268 ,
103 206 154 260 ala

669 205 838 260 Guthalul
857 204 1112 262 saluatuuusls
1129 205 1278 261 tenetls
1799 204 1848 258 atu

104 336 242 407 qualitate
260 334 427 402 diffidimus,
453 332 647 388 intercedente
670 333 754 388 beata
775 334 808 389 N.
823 334 948 406 ¹virgins
965 334 1177 406 hguiilcanlia,
1202 334 1307 405 quibus
1328 333 1436 388 famula
1455 337 1504 388 tua
1519 333 1553 386 N.
1581 335 1680 388 sancto
1702 331 1847 387 visibiliter

104 430 165 491 tua,
186 422 396 492 nonjudirium
422 425 514 489 tuom,
540 420 588 475 sed
611 421 821 493 indulgentiam
846 424 951 479 sentia·

106 529 178 567 mus.
198 513 252 567 Per
266 506 441 581 Dominum]

497 597 563 652 LlV.

264 719 299 759 AD
319 718 453 759 POSCENDA
473 719 619 758 surranum
639 720 805 760 sauctout'lt.

144 809 285 879 Concede,
308 823 485 880 quaesumus,
506 808 689 880 omnipotens
712 810 797 876 Deus,
820 819 851 864 ut
865 809 952 864 inter·

110 898 275 952 cessiones
300 910 402 952 sanctae
424 897 479 951 Dei
494 897 642 968 genitricis
662 897 757 952 Nuriae
779 903 954 953 sanctorum·

106 1001 162 1058 que
178 985 308 1040 omnium
330 984 536 1056 apostolorum,
555 990 584 1039 et
611 985 817 1049 confessorum,
840 991 869 1040 et
892 1002 953 1040 orn-

106 1072 364 1143 niumsselectorum
386 1077 502 1125 tuorum
531 1070 638 1142 ubique
670 1070 807 1138 laetilieat,
836 1077 866 1126 ut
885 1070 954 1127 dum

107 1176 208 1216 eorum
229 1160 331 1214 merite
347 1159 510 1225 recolimus,
531 1158 691 1228 patrocinia
704 1159 873 1215 sentiemus.
889 1159 953 1214 Per.

470 1247 590 1303 Secreto.

143 1334 261 1402 Oblatis,
289 1332 421 1399 Domine,
444 1332 556 1403 plaeere
578 1333 758 1399 muneribus,
784 1338 812 1388 et
834 1333 955 1389 interce·

108 1422 242 1478 dentibus
254 1420 389 1475 omnibus
411 1422 516 1476 sanctis
532 1421 599 1485 tuis,
614 1438 630 1475 a
643 1422 752 1476 cunctis
767 1438 820 1478 uos
835 1422 955 1478 deiende

98 1509 252 1582 periculis.
268 1510 322 1564 Per
337 1509 503 1565 Dominum.

377 1599 445 1653 Post
459 1599 689 1654 communionem.

145 1685 336 1757 sumpsimus,
357 1686 490 1753 Domine,
506 1691 670 1741 sanctorum
686 1690 802 1740 tuorum
815 1685 959 1742 solemnia

110 1773 297 1840 celebrantes,
325 1778 503 1829 sacramenta
532 1774 673 1840 coelestia3
696 1781 812 1845 praesta,
841 1790 955 1845 quesu-

110 1878 184 1930 mus,
200 1867 233 1916 ut
247 1861 323 1934 quod
340 1861 537 1933 temporaliter
560 1862 697 1934 gerimus,
713 1862 828 1916 eternis
843 1861 958 1933 gaudiis

110 1965 328 2022 consequamur.
344 1951 398 2004 Per
412 1950 580 2017 Dominum,

351 2184 386 2222 AD
405 2183 536 2223 CLERICUN
556 2182 723 2224 FACIBNDUH.

482 2273 585 2329 Oratio.

146 2371 159 2396 ⁸
173 2361 303 2429 Oramus,
325 2361 504 2417 dilectissimi
523 2361 636 2428 iratres,
653 2361 805 2416 Dominum
828 2365 960 2415 nostrum

111 2448 208 2503 lesum
222 2448 369 2503 Christum
384 2464 436 2519 pro
453 2449 507 2503 hoc
525 2447 634 2505 famulo
654 2465 706 2503 suo
730 2447 774 2512 N..
791 2449 841 2520 qui
858 2448 893 2503 ad
909 2448 959 2503 de·

112 2536 275 2607 ponendam
292 2551 404 2590 comam
419 2535 519 2607 cepitis
537 2536 592 2605 sui,
616 2552 668 2607 pro
684 2538 746 2606 ejrrs
767 2552 865 2591 amore
880 2535 959 2591 lesti-

112 2628 173 2685 nat,
188 2628 220 2676 ut
233 2623 321 2678 donet
335 2625 361 2677 ei
374 2623 512 2694 Spiritum
534 2629 674 2690 sanctum,
695 2625 745 2695 qui
764 2625 894 2679 habitum
913 2640 959 2678 re·

112 2709 229 2780 ligionis
242 2710 271 2764 iu
286 2726 321 2765 eo
336 2715 509 2781 perpetuum
525 2718 682 2780 conservet,
703 2718 732 2767 et
750 2729 767 2766 a
788 2712 887 2767 mundi
904 2712 959 2765 iru-

113 2799 277 2871 pe'dimento
301 2800 346 2854 sel
360 2799 490 2855 saeculari
512 2800 655 2856 desiderio
669 2817 719 2855 cor
738 2802 800 2872 ejus
815 2800 959 2866 defendat,

113 2893 146 2942 ut
159 2887 232 2942 siout
246 2888 417 2943 immutatur
435 2888 465 2942 in
480 2889 571 2958 vultu,
593 2889 634 2943 ita
654 2904 754 2943 manus
770 2889 886 2943 dextera
899 2888 961 2959 ejus
980 2918 1000 2974 C

1006 429 1049 479 est
1073 423 1256 478 informanda
1285 421 1442 495 proposito,
1471 422 1612 493 propitius
1636 421 1797 486 benedicas,
1821 427 1847 477 et

1006 511 1096 567 heetae
1111 511 1248 566 castitatis
1262 511 1404 577 habitum,
1419 526 1505 583 quem
1520 517 1548 564 te
1563 511 1738 582 inspirante,
1759 526 1845 565 snsce-

1007 601 1091 672 perit,
1118 605 1145 655 te
1165 605 1342 672 protegente,
1368 599 1516 654 custodiet.
1544 600 1597 654 Per
1620 600 1778 655 Dominum
1799 615 1845 654 no-

1006 694 1098 744 strum
1113 688 1210 743 lesum
1225 689 1377 744 Christum.

1391 793 1466 848 Alio.

1045 885 1127 948 Deos,
1142 883 1284 937 honorum
1297 881 1437 938 uirtutum
1449 882 1542 950 dator,
1556 884 1585 936 et
1611 880 1744 937 omnium
1769 880 1840 938 hene·

1007 971 1165 1026 dictionum
1186 971 1283 1042 largus
1305 970 1425 1037 inlusor,
1452 970 1554 1026 eraudi
1576 985 1676 1042 preces
1691 975 1804 1029 nostras.
1819 978 1839 1027 et

1008 1059 1080 1114 hane
1097 1063 1204 1114 vestem
1219 1075 1306 1130 quom
1326 1059 1433 1114 lamule
1452 1064 1503 1114 tua
1527 1060 1559 1113 N.
1577 1075 1632 1130 pro
1656 1059 1837 1114 conservando

1007 1148 1145 1202 castitalis
1159 1148 1242 1219 siguo
1255 1136 1284 1201 se
1310 1146 1344 1201 ad
1367 1147 1554 1218 operiendam
1575 1148 1713 1218 exposcit,
1737 1147 1837 1203 benedi·

1008 1251 1070 1290 care
1083 1243 1111 1290 et
1126 1235 1302 1290 sanctificare
1316 1235 1453 1307 digneris.

1097 1344 1110 1385 b
1128 1358 1285 1397 aauaorcno
1305 1357 1432 1410 vraorurs,
1447 1358 1481 1397 ae
1500 1356 1627 1397 arescere
1645 1352 1769 1397 niceana.

1044 1430 1172 1502 Respice,
1201 1430 1319 1485 Domine
1345 1430 1487 1501 propitius
1511 1444 1598 1500 super
1620 1430 1694 1484 hena
1719 1427 1837 1482 famolan

1009 1524 1088 1574 tuam
1105 1519 1137 1573 N.
1156 1525 1187 1574 nt
1201 1523 1307 1573 sanctoe
1322 1517 1496 1589 uirginitatis
1517 1516 1712 1587 propositum,
1734 1513 1807 1585 qnod
1818 1518 1837 1567 to

976 1633 996 1687 Β
1010 1605 1167 1677 inspirante
1184 1607 1317 1677 suscepit,
1331 1611 1359 1661 te
1375 1605 1554 1676 gubernante
1570 1603 1721 1659 custodiet.
1735 1604 1794 1658 Per.

1346 1722 1524 1778 Oomeerots'o.

1048 1811 1133 1874 Deus,
1166 1815 1308 1864 castorum
1327 1825 1480 1879 corporum
1512 1808 1653 1878 benignus
1672 1805 1838 1872 inhabitator,

1013 1903 1042 1953 et
1061 1899 1294 1969 incorruptarum
1319 1903 1431 1952 amator
1450 1896 1623 1962 animarum,
1649 1895 1759 1966 respice
1772 1907 1842 1963 super

1012 1984 1084 2039 hauc
1106 1985 1243 2040 famulam
1257 1989 1336 2039 tuam
1360 1985 1392 2039 N.
1421 2000 1486 2055 quae
1501 1984 1554 2038 tihi
1569 1984 1751 2039 devotionem
1776 1995 1841 2036 suan

1013 2073 1104 2141 offert,
1120 2089 1137 2129 a
1153 2090 1210 2145 quo
1230 2078 1260 2128 et
1274 2073 1335 2144 ipsa
1359 2073 1435 2128 idem
1450 2077 1550 2128 uotum
1575 2073 1740 2143 assumpsIt.
1764 2070 1803 2126 Sit
1822 2070 1842 2123 in

1013 2177 1055 2229 ee,
1073 2163 1203 2228 Domine,
1220 2177 1271 2233 per
1285 2161 1392 2216 donum
1405 2161 1528 2233 Spiritus
1544 2161 1596 2228 tui,
1613 2160 1741 2233 prudens
1761 2157 1842 2213 mode

1012 2250 1076 2317 stia,
1093 2250 1207 2320 sapiens
1227 2250 1399 2322 benignitas,
1423 2249 1518 2320 gravis
1541 2248 1654 2317 lenitas,
1678 2253 1756 2303 casta
1770 2247 1842 2302 liber·

1012 2343 1069 2403 tas;
1084 2336 1192 2391 ferveat
1213 2338 1244 2392 in
1267 2338 1416 2403 charitate,
1442 2341 1470 2391 et
1495 2337 1568 2392 nibil
1587 2342 1668 2391 extre
1692 2342 1721 2391 te
1748 2335 1841 2408 diligat,

1013 2425 1251 2496 laudabiliterque
1275 2425 1359 2493 vivet,
1390 2431 1420 2481 et
1442 2425 1554 2480 laudari
1580 2441 1637 2479 non
1664 2429 1799 2496 appetat:
1823 2428 1842 2476 ιι

1013 2513 1122 2580 timeat,
1139 2513 1188 2567 tihi
1206 2529 1304 2568 amore
1319 2513 1434 2579 serviet,
1450 2519 1480 2567 tn
1500 2513 1526 2567 ei
1541 2512 1643 2574 honor,
1660 2519 1693 2567 tu
1711 2512 1841 2582 gaudium,

1014 2607 1046 2655 tu
1061 2603 1091 2655 in
1107 2616 1230 2655 moerore
1243 2601 1387 2662 solatium,
1406 2608 1436 2656 tu
1451 2601 1480 2655 iu
1496 2600 1684 2671 ambiguitate
1696 2599 1840 2662 eonsilium,

1014 2693 1045 2742 tu
1060 2689 1090 2742 in
1112 2688 1218 2759 inJ'uria
1240 2688 1378 2754 defensio,
1404 2688 1434 2742 in
1454 2688 1638 2743 tribulatione
1655 2688 1800 2759 patientia,
1821 2686 1842 2740 in

1014 2781 1183 2847 paupertate
1201 2775 1388 2844 abundantia,
1405 2775 1434 2829 in
1447 2775 1560 2845 jejunio
1575 2775 1664 2839 cibus,
1682 2775 1713 2828 in
1735 2771 1841 2828 infirmi·

1015 2868 1073 2917 tate
1087 2852 1126 2918 sis
1143 2864 1293 2918 medicina.
1311 2865 1365 2918 Per
1379 2869 1417 2930 te,
1431 2879 1517 2934 quem
1529 2863 1648 2933 diligere
1661 2878 1749 2932 super
1763 2860 1841 2916 omnir

113 2975 140 3030 ei
156 2975 391 3032 virtutistrihuat
410 2976 599 3044 incrementa,
623 2981 651 3031 et
677 2977 711 3032 ab
734 2977 813 3032 omni
832 2977 960 3032 caecitate
1013 2953 1132 3022 appetit,
1148 2952 1225 3023 ΨΜ
1246 2957 1290 3007 “st
1316 2951 1452 3022 Ps⁰f⁰³⁵³r
1478 2951 1628 3014 emmiu·
1650 2956 1684 3005 ¹¹²
1704 2955 1732 3005 οἳ
1750 2950 1840 3004 h⁰³²⁰¹

113 3065 241 3119 humana
264 3065 360 3119 oeulos
388 3066 451 3136 ejus
473 3066 594 3137 aperiat,
624 3065 772 3121 etlumen
795 3066 823 3121 ei
845 3078 960 3121 aeterne

113 3153 214 3223 gratiae
229 3152 375 3208 concedat.
389 3153 444 3219 Qui
459 3153 529 3209 vivit
543 3159 572 3208 et
587 3160 697 3223 regnet.
796 3190 806 3201 -

460 3244 526 3297 ltem
540 3243 608 3297 olio.

148 3327 262 3396 Adesto,
280 3329 411 3396 Domine,
426 3328 686 3402 supplicationibus
700 3328 816 3396 nostris,
832 3333 861 3385 et
881 3328 961 3384 huno

114 3416 253 3471 famulum
276 3419 357 3471 tuum
380 3417 414 3471 N.
439 3416 605 3472 benedicere
630 3416 760 3488 dignare,
786 3417 833 3472 oui
856 3416 885 3470 iu
909 3423 960 3471 tuo

113 3508 212 3558 sarecto
224 3504 341 3557 nomine
359 3505 489 3559 habitum
506 3520 593 3559 eacrae
607 3504 755 3576 religionis
770 3503 956 3575 imponimus,

114 3594 158 3657 ιιι,
179 3593 206 3644 tc
219 3590 371 3661 largiente,
387 3596 416 3645 et
436 3591 553 3646 devotus
566 3592 595 3646 in
611 3592 734 3647 Ecclesia
750 3593 913 3664 persistere,
934 3598 962 3648 et

115 3677 201 3732 vitam
217 3677 364 3750 percipere
375 3683 519 3733 mereatur
528 3685 675 3734 eternam.
688 3679 749 3735 Per.

358 3767 432 3821 Dum
443 3767 532 3822 tonds'a
545 3782 615 3836 eum,
630 3766 700 3822 dicis
714 3781 721 3821 :

144 3856 219 3908 ‘hun
245 3853 287 3909 Tu
315 3869 354 3922 es,
380 3854 510 3924 Domine,
538 3854 588 3926 qui
612 3855 744 3909 restitues
763 3854 962 3911 hereditatem

117 3957 221 3997 meam.
255 3941 290 4000 V.
319 3943 457 3998 Dominus
486 3958 553 4014 pars
584 3942 759 3997 haereditatis
783 3958 865 3998 meae.
904 3944 959 3999 Et:

115 4031 211 4086 Gloria
234 4029 322 4086 Patri.
354 4032 423 4087 Aur.
456 4033 520 4087 llaec
545 4036 588 4086 est
613 4031 770 4102 generatio.
797 4031 832 4086 Ει
848 4031 963 4086 :Gloria

116 4119 204 4175 Patri.

371 4207 464 4262 Oratio
477 4212 541 4278 post
557 4208 712 4263 tonsionem.

153 4295 269 4364 Praesta,
285 4310 461 4367 quaesumus,
477 4296 660 4367 omnipotens
675 4295 749 4349 Deus
764 4293 831 4349 hnic
853 4293 962 4350 famulo

118 4386 167 4437 tuo
182 4383 213 4437 N.
230 4384 312 4454 cujus
325 4383 409 4440 hodie
433 4383 532 4457 capitis
546 4399 659 4439 comam
681 4398 735 4453 pro
754 4382 851 4437 divino
866 4398 963 4438 amora

117 4470 312 4543 deposuimus,
328 4479 360 4528 ut
377 4474 409 4527 in
424 4478 473 4528 toa
493 4472 645 4528 dilectione
667 4476 808 4544 perpetue
835 4477 960 4539 maneat,

118 4563 225 4614 eleum
239 4560 301 4616 sine
317 4562 429 4618 macula
449 4560 481 4616 in
503 4560 711 4632 sempiternum
730 4559 882 4615 custodias.
898 4560 962 4615 Per.

512 4675 570 4730 LVI

147 4772 149 4775 ’
232 4794 394 4835 annaneane
412 4795 525 4836 varnos
544 4796 663 4836 vraouus
682 4797 732 4836 van
750 4794 851 4836 vinna.

155 4868 240 4935 Deus,
265 4868 316 4940 qui
337 4867 540 4941 eestimentum
567 4871 690 4925 salutare
712 4873 741 4925 et
760 4869 963 4925 indumentum

120 4960 235 5010 eterna
260 4956 444 5028 jucunditatis
468 4956 525 5013 tuis
550 4956 683 5013 fidelihus
709 4958 878 5028 promisisti,
905 4959 963 5013 cle·

119 5044 257 5099 mentiam
271 5048 351 5099 tuem
365 5044 532 5117 suppliciter
555 5060 718 5106 exoremus,
742 5049 774 5098 ut
798 5045 859 5098 hec
882 5045 964 5100 indn-

118 5137 216 5187 menta
231 5131 423 5186 bumilitatem
437 5131 532 5187 cordis
546 5135 575 5185 et
590 5134 786 5202 contemptum
809 5133 910 5186 muudi
925 5133 963 5187 si·

152 5294 175 5341 ⁸.
204 5287 282 5341 llanc
316 5285 476 5342 orationem
503 5286 590 5343 hebes
619 5285 649 5341 in
677 5286 784 5343 Ordine
816 5286 963 5354 Romano,

117 5358 409 5483 ρειιὲιΙίιὸιξίιιιιίιιίιιιιοιιι
435 5427 509 5484 bene
538 5432 568 5483 st
591 5426 835 5483 consecrationem
866 5427 963 5483 sidera

1013 3040 1167 3110 antiquum
1182 3040 1323 3103 devincat,
1340 3045 1369 3093 et
1381 3039 1516 3094 vitiorum
1532 3038 1692 3110 squallores
1706 3040 1837 3109 expurget

1014 3128 1158 3193 Quatenus
1180 3128 1328 3183 centesimi
1349 3128 1458 3182 fructus
1489 3128 1566 3182 dono
1581 3127 1752 3197 virginitatis
1774 3125 1840 3181 deor·

1014 3216 1082 3282 reri,
1108 3216 1305 3286 virtutumque
1332 3204 1515 3286 lampadibus
1535 3213 1679 3279 exornari,
1704 3216 1733 3268 et
1754 3212 1781 3267 in
1800 3211 1840 3265 ele

1013 3308 1122 3358 clarum
1145 3309 1260 3358 tuarum
1288 3304 1433 3375 virginum
1453 3303 1634 3358 consortium
1671 3307 1700 3358 te
1724 3302 1837 3364 donanto,

1015 3395 1160 3446 mereatur
1173 3390 1260 3445 uniri.
1278 3391 1341 3445 Per.

1401 3460 1479 3535 LVH:

1292 3564 1452 3605 aauanrcno
1471 3561 1587 3604 sunaus.

1051 3637 1243 3708 Deprecamur
1284 3636 1510 3692 misericordiam
1550 3640 1641 3701 tuam,
1677 3633 1838 3704 omnipotens

1015 3728 1122 3779 aeterne
1148 3725 1233 3791 Deus,
1264 3728 1296 3778 nt
1318 3724 1372 3779 hoc
1399 3724 1488 3778 altere
1516 3722 1662 3778 secrillciis
1689 3718 1838 3792 spiritalibus

1017 3812 1254 3880 consecrandum,
1269 3813 1344 3867 vocis
1363 3817 1469 3868 nostrae
1491 3810 1651 3866 exorandus
1671 3808 1774 3871 oillcio,
1786 3817 1838 3877 pro
1878 3854 1880 3859 ,

1016 3900 1090 3954 senti
1105 3900 1304 3955 benedictione
1320 3899 1488 3965 sanctifices,
1504 3905 1536 3955 ut
1551 3899 1581 3954 in
1596 3914 1631 3954 eo
1656 3912 1768 3968 semper
1778 3892 1837 3949 obla·
1878 3910 1880 3987 ἱ

1015 3987 1110 4043 tiones
1123 3988 1299 4043 famulorum
1313 3992 1429 4043 tuorum
1447 3988 1542 4043 studio
1555 4003 1615 4042 suae
1630 3983 1783 4042 devolionis
1798 3981 1837 4034 in·

1016 4078 1132 4147 positas,
1155 4077 1320 4132 benedicere
1342 4082 1370 4131 et
1394 4076 1569 4131 sanctificare
1594 4075 1734 4146 digneris,
1752 4066 1836 4140 ellari·
1878 4062 1880 4071 '

1017 4163 1094 4218 riteli
1115 4163 1242 4235 placatus
1268 4164 1394 4228 incenso,
1412 4163 1540 4235 precanti
1556 4163 1674 4219 familiae
1693 4169 1749 4219 ture
1764 4171 1836 4231 prou·

1016 4256 1083 4322 ptus
1098 4252 1249 4307 exauditor
1263 4253 1385 4308 assistas.
1409 4253 1472 4308 Per.

1395 4374 1485 4430 Lvlll.

1282 4495 1460 4535 CONSECRATIO
1477 4495 1595 4535 atronis.

1055 4586 1128 4639 Deus
1142 4584 1336 4656 omnipotens,
1355 4589 1386 4640 in
1401 4586 1482 4657 cujus
1503 4586 1614 4640 honore
1629 4586 1684 4640 hoo
1699 4585 1779 4639 ellare
1797 4571 1831 4631 all

1018 4672 1196 4727 invocatione
1221 4674 1264 4728 tui
1284 4673 1409 4729 nominis
1431 4689 1643 4741 consecremus,
1680 4663 1831 4729 clemenstl

1018 4760 1159 4831 propitius
1175 4776 1273 4831 preces
1296 4766 1402 4817 nostre
1421 4761 1593 4817 humilitatis
1618 4761 1758 4817 exaudiet
1780 4764 1830 4826 pr&

1019 4853 1071 4915 sta,
1086 4855 1118 4902 ut
1129 4849 1161 4903 in
1176 4849 1228 4903 hac
1243 4865 1342 4905 mensa
1357 4850 1416 4905 sint
1437 4850 1492 4905 tibi
1510 4849 1650 4904 libamine
1667 4851 1783 4919 accepte.
1794 4838 1832 4895 ³5⁰⁸

1018 4941 1109 5007 grata,
1134 4936 1191 4990 sint
1215 4936 1345 5008 pinguia,
1368 4943 1397 4993 et
1423 4937 1545 5009 Spiritus
1570 4938 1662 4993 seneli
1686 4937 1728 4993 tui
1749 4937 1832 5001 nupti

1018 5039 1082 5079 rore
1096 5023 1221 5094 perfusa,
1239 5029 1270 5079 ut
1283 5025 1363 5079 omni
1385 5029 1516 5097 tempore
1538 5025 1570 5080 in
1590 5025 1646 5080 hoc
1668 5027 1732 5080 loco
1752 5012 1833 5091 suppl·

1018 5112 1108 5167 canus
1131 5111 1248 5168 familiae
1274 5116 1332 5168 tues
1349 5113 1505 5170 anxietates
1531 5114 1652 5181 releves,
1677 5107 1834 5185 aguntur
1875 5088 1880 5147 ¹

1018 5274 1061 5323 est
1075 5269 1159 5325 etiem
1175 5270 1205 5325 in
1221 5270 1321 5326 ordine
1336 5271 1476 5335 Romano,
1492 5287 1558 5343 peg.
1582 5271 1643 5342 lla,
1658 5268 1837 5344 quomodote·

1018 5340 1135 5409 quantia
1149 5341 1297 5413 pleraque.
