3930 6098
158 331 191 385 71
743 319 925 379 naturum
944 320 1176 378 counntnusts
1192 319 1344 377 uouacffl
1876 319 1912 372 72

158 461 260 517 callida
282 457 438 532 persuasio,
461 460 490 510 et
517 452 607 509 divini
633 451 766 524 praecepti
791 450 999 522 prevaricatio.
1015 459 1038 514 A
1057 450 1131 505 Deus
1145 449 1268 522 qualiter
1282 448 1389 520 impius
1399 447 1542 521 parricida
1551 448 1713 520 puniretur,
1734 454 1763 503 et
1776 449 1903 504 recenti·

160 553 221 607 llou
234 549 313 605 enim
332 547 397 603 ideo
409 545 607 616 peccauerunt,
621 542 688 613 quie
704 541 846 612 praescivit
868 541 944 595 Deus
959 555 1008 594 eos

159 645 335 712 peccaturos,
351 635 400 690 sed
416 634 482 690 ideo
504 633 571 705 qnia
587 631 644 687 dati
669 630 806 701 praecepti
821 631 1007 700 neglexerunt

160 744 220 783 esse
235 728 405 789 servatores,
426 726 455 778 et
472 719 716 792 prevaricationis
741 725 852 774 reatum
882 733 1006 789 praeseus

159 832 251 888 prenae
275 814 426 868 subsecuta
446 816 498 876 est,
524 814 556 864 ut
574 808 778 863 inobedientia
801 808 886 878 culpa
906 805 1006 860 mortis

159 903 301 960 sententia
326 902 509 974 plecteretur.
540 899 602 952 Non
634 903 703 953 tunc
736 902 832 950 tamen
866 895 1004 966 primum,

158 991 274 1064 quando
289 988 415 1062 peccavit
434 986 533 1052 bouso,
556 984 725 1055 excogitavit
740 984 825 1046 Deus,
841 987 899 1053 qua'
913 981 1005 1036 delin-

159 1086 296 1152 quentem
318 1076 427 1132 ultione
450 1074 559 1143 feriret,
584 1089 679 1144 neque
703 1079 772 1126 tuuc
794 1071 910 1143 quando
935 1071 1006 1126 dans

158 1165 330 1222 obedientius
343 1169 531 1234 pareceptum,
552 1162 637 1215 simul
651 1167 679 1215 et
690 1160 830 1214 ultionem
845 1159 1004 1214 commiua-

159 1262 204 1310 tus
220 1259 262 1309 est
276 1254 374 1309 diceus
391 1269 398 1307 :
416 1273 430 1303 a
446 1253 479 1306 ln
500 1266 672 1323 quacunque
701 1250 747 1304 die
773 1249 956 1304 comederitis
971 1265 1006 1303 ex

158 1360 203 1411 eo,
215 1364 229 1392 u
238 1343 269 1399 id
284 1347 327 1397 est
340 1343 374 1396 de
387 1341 466 1411 liguo
476 1339 661 1411 experientiae
671 1338 739 1394 boui
751 1344 779 1393 et
790 1337 868 1406 mali,
886 1357 900 1390 a
913 1342 1005 1391 morte

158 1431 325 1487 moriemini
341 1433 420 1498 (Gur.
433 1446 462 1496 u,
475 1428 532 1501 tr).
546 1428 623 1484 »Sed
639 1428 712 1482 sicut
722 1427 783 1498 ejus
797 1427 923 1481 scientiae
932 1426 1005 1480 nihil

156 1521 224 1576 novi
238 1525 331 1592 potest
345 1521 524 1590 contingere,
542 1517 583 1573 ita
602 1534 654 1571 nec
668 1516 787 1587 judicio.
805 1517 840 1572 Ut
855 1516 932 1570 enim
953 1515 1005 1569 sci·

1062 539 1165 594 delicto
1185 539 1349 593 commissio
1364 539 1479 611 impulit
1506 554 1573 593 eum
1589 537 1620 592 in
1634 536 1702 592 novi
1725 537 1836 593 consilii
1852 552 1906 605 rme

1061 628 1227 683 ditationem
1243 633 1275 682 ut
1299 627 1544 701 quemadmodum
1568 628 1662 683 adhuc
1683 626 1907 698 inexcogitatum

1062 717 1154 772 scelus
1169 716 1300 771 confudit
1312 716 1419 781 orbem,
1436 716 1476 770 sic
1493 717 1584 771 neum
1608 716 1809 786 inexcogitata
1828 715 1908 786 prius

1060 822 1153 877 poeuae
1169 806 1336 861 deliberatio
1355 810 1551 877 permoveret3
1566 805 1644 877 quod
1667 805 1736 877 quia
1758 805 1908 876 prudentis

1060 912 1218 951 auresuon
1246 895 1388 967 recipiunt
1416 899 1527 949 constat
1554 895 1622 966 quia
1650 894 1724 950 sicut
1751 894 1909 966 praescierit

1061 986 1136 1040 Deus
1150 984 1291 1039 malitiam
1321 984 1390 1040 Cain
1412 985 1551 1054 futuram,
1575 983 1615 1038 sio
1638 998 1754 1055 quoque
1774 985 1909 1055 quemad-

1060 1073 1179 1129 modum
1194 1074 1355 1144 puniretur,
1381 1073 1457 1145 apud
1486 1090 1516 1128 se
1543 1072 1694 1128 delinitum
1719 1071 1829 1127 habuit.
1848 1074 1905 1128 Nec

1060 1168 1158 1218 tarraeu
1177 1162 1282 1218 idcirco
1298 1162 1345 1217 ille
1368 1163 1485 1234 punitus
1498 1168 1549 1230 est,
1564 1162 1633 1234 quia
1656 1160 1687 1216 iu
1713 1160 1904 1232 pradestina-

1060 1252 1138 1306 tione
1167 1268 1218 1305 sua
1246 1252 1319 1306 Deus
1348 1268 1414 1305 eum
1440 1252 1605 1306 decreverat
1632 1250 1824 1321 puniendum,
1854 1250 1903 1305 sed

1060 1340 1129 1412 quia
1155 1340 1215 1412 ipse
1243 1340 1401 1407 admiserit,
1427 1345 1459 1394 ut
1487 1340 1646 1411 puniretur.
1671 1339 1736 1396 Nun
1765 1339 1843 1394 euim
1874 1356 1907 1394 ex

1059 1429 1311 1500 praedestinatione
1332 1430 1405 1483 Deus
1420 1428 1547 1500 aliquem
1575 1429 1755 1494 condemnat,
1784 1427 1858 1483 sicut
1872 1444 1906 1483 ex

1062 1518 1240 1589 praescientia
1257 1518 1404 1571 nerninem
1416 1533 1533 1587 peccare
1555 1517 1717 1587 compellit;
1741 1517 1789 1571 sed
1807 1522 1906 1588 peccat

1061 1605 1258 1678 unusquisque
1275 1605 1390 1677 propriu
1405 1604 1562 1677 cupiditate
1577 1605 1699 1673 illectus,
1712 1611 1740 1660 et
1756 1606 1824 1677 quia
1839 1621 1905 1677 pec·

1060 1695 1144 1757 cavit,
1160 1711 1293 1765 supernae
1309 1694 1427 1748 ultiouis
1452 1693 1577 1749 uindicta
1601 1695 1712 1749 feritur.
1740 1695 1906 1766 completur

156 1610 195 1664 vit
215 1608 386 1681 aprincipio
407 1607 553 1662 hominem
567 1610 756 1677 [peccaturum
773 1621 779 1658 ε
797 1604 837 1658 sio
851 1617 909 1658 eta
928 1604 1006 1675 prin-

156 1698 231 1769 cipio
245 1696 324 1752 novit
340 1695 581 1768 quemadmodum
604 1698 770 1764 peccantem
787 1692 913 1764 puniret,
934 1707 1041 1792 quo·B

156 1786 234 1841 niam
250 1785 331 1856 apud
353 1787 453 1849 Deum,
471 1783 544 1837 sicut
570 1799 626 1836 nou
650 1786 693 1836 est
707 1798 779 1836 nora
794 1780 940 1852 cogitatio,
965 1781 1005 1834 sic
1060 1783 1136 1839 orbis
1157 1783 1339 1838 multitudiue
1353 1781 1515 1850 homiuum,
1537 1785 1650 1837 etcum
1675 1782 1787 1854 generis
1806 1782 1905 1837 multi·

155 1888 323 1928 uecnovum
335 1872 498 1939 consilium,
517 1878 545 1926 et
564 1872 705 1926 sicutnou
719 1887 826 1926 novum
842 1870 1004 1937 consilium,
1059 1873 1212 1943 plicatione
1225 1872 1326 1926 crescit
1340 1871 1527 1925 numerositas
1544 1870 1691 1939 vitiorum,
1708 1870 1808 1924 videns
1834 1871 1906 1924 Deus

155 1960 195 2015 ita
209 1977 262 2015 nec
276 1976 384 2015 norum
406 1961 557 2030 judicium.
574 1958 658 2030 Apud
674 1975 759 2030 quem
776 1958 854 2013 enim
870 1958 948 2012 nulla
963 1964 1006 2011 est
1058 1960 1178 2014 humani
1194 1961 1287 2015 cordis
1302 1959 1439 2013 malitiam
1464 1957 1500 2012 ad
1515 1958 1622 2013 malum
1644 1959 1678 2013 dc
1703 1958 1749 2014 dio
1773 1959 1803 2012 in
1828 1958 1906 2013 diem

155 2047 353 2115 commutatio,
372 2048 452 2103 nulla
467 2047 642 2114 vicissitudo,
659 2046 814 2101 uniformis
830 2051 872 2100 est
890 2045 1003 2115 sapien·
1059 2049 1186 2103 deterius
1200 2064 1295 2115 ruere,
1309 2049 1339 2102 in
1352 2047 1513 2119 iniquitatis
1528 2047 1675 2102 cumulum
1691 2047 1721 2101 in
1739 2048 1821 2119 pejus
1831 2062 1906 2100 sem·

155 2136 206 2207 tia,
222 2143 251 2191 ot
271 2137 448 2207 sempiterna
464 2135 633 2190 deliberatio
649 2152 656 2190 :
674 2152 730 2207 qua
753 2135 788 2190 de
802 2151 834 2190 re
859 2136 933 2189 sicut
950 2151 1005 2188 an·
1059 2152 1111 2206 per
1126 2152 1286 2207 assurgere,
1298 2143 1385 2207 atque
1396 2136 1489 2190 cordis
1504 2134 1624 2190 humani
1646 2134 1808 2189 intentione
1825 2133 1906 2188 omni

156 2232 272 2296 tequam
301 2227 432 2295 peccaret
455 2223 555 2290 homo,
572 2229 690 2278 noverat
709 2240 776 2277 eum
803 2229 1004 2294 peccaturum
1058 2229 1188 2297 tempore
1212 2225 1246 2279 ad
1273 2224 1408 2278 vitiorum
1430 2224 1575 2295 profunda
1599 2222 1779 2288 descendere,
1804 2239 1857 2277 nec
1872 2223 1905 2277 ad

156 2310 196 2366 sic
206 2316 362 2382 antequem
376 2310 494 2380 puniret
509 2310 601 2378 illum,
618 2310 783 2365 decreverat
796 2326 922 2382 poenam,
949 2327 1006 2382 qun
1058 2314 1129 2368 boni
1144 2313 1271 2384 aliquem
1286 2314 1329 2367 vel
1345 2312 1573 2381 meditationem,
1594 2312 1639 2367 vel
1654 2313 1781 2367 studium
1803 2328 1907 2366 manus

155 2398 249 2454 iuerat
265 2398 440 2471 puniendus.
465 2399 522 2453 Nec
536 2403 634 2453 tamen
648 2404 811 2470 propterea,
839 2399 906 2471 quia
930 2400 1006 2453 lleus
1058 2401 1221 2468 extendere,
1238 2402 1288 2456 sed
1303 2401 1517 2472 malignitatum
1533 2400 1677 2472 gurgitem
1691 2400 1907 2473 precipitanter

157 2487 479 2543 decreveratlrominom
491 2487 682 2558 puniendum,
694 2487 799 2542 idcirco
812 2487 1003 2558 puuitue,est‚
1059 2495 1232 2561 expetere·
1256 2489 1391 2561 poenituit
1415 2506 1481 2543 eum
1501 2489 1623 2558 (dicente
1646 2489 1803 2560 Scriptura)
1827 2489 1906 2561 quod

157 2577 204 2631 sed
221 2581 373 2648 propterea
390 2576 458 2648 quia
480 2576 617 2646 peccavit.
641 2575 720 2631 Sicut
734 2593 791 2632 uon
814 2576 921 2631 idcirco
937 2576 1006 2631 deli·
1057 2578 1205 2633 bominem
1220 2578 1318 2633 iecerit
1333 2579 1409 2647 (Gen.
1422 2594 1459 2644 rr,
1469 2581 1497 2648 6)
1511 2594 1517 2633 :
1535 2600 1549 2628 ο
1563 2583 1652 2650 utque
1667 2583 1749 2633 tanta
1762 2577 1906 2632 malornm

158 2664 230 2737 quit,
248 2666 316 2737 quia
330 2666 404 2720 Deus
416 2665 498 2721 illum
510 2670 695 2737 peccaturum
706 2665 859 2737 praescivit,
873 2666 923 2720 sed
937 2666 1006 2737 quia
1058 2667 1186 2737 pernicie
1203 2667 1342 2721 mundum
1363 2666 1501 2737 expiaret,
1517 2682 1623 2734 arcam,
1649 2666 1680 2721 in
1697 2682 1756 2737 qua
1777 2680 1903 2720 servare·

158 2752 299 2825 serpentis
318 2752 532 2824 persuasionem
543 2753 645 2824 magis,
656 2769 743 2826 quam
756 2754 807 2809 Dei
827 2758 1005 2825 preceptum
1058 2760 1106 2809 tur
1119 2753 1223 2809 saeculo
1241 2770 1349 2820 semen,
1363 2753 1600 2825 fabricarijubet,
1627 2755 1735 2809 mundo
1766 2752 1907 2808 diluuium

155 2841 275 2896 audivit.
293 2841 447 2912 Consurgit
462 2841 530 2897 Cain
545 2842 680 2896 adversus
690 2842 759 2896 Abel
774 2841 891 2896 fratrem
907 2858 1003 2910 suum,
1057 2843 1168 2910 indicit,
1189 2848 1296 2898 terram
1325 2843 1487 2897 universam
1511 2858 1652 2913 aquarum
1678 2842 1767 2897 moles
1798 2841 1904 2910 obruit,

157 2936 187 2985 ot
209 2929 325 2984 invidiae
349 2929 436 2985 livore
457 2935 578 2984 caecatus
599 2929 784 2985 innocentem
807 2931 1001 3002 persequitur,
1057 2932 1200 2986 montium
1217 2931 1366 2986 cacumina
1390 2930 1507 2985 vastitas
1530 2931 1623 3002 abyssi
1643 2931 1802 3001 cooperuit,
1819 2935 1907 3001 atque

157 3018 293 3074 iratemos
320 3018 406 3072 caedis
439 3033 539 3073 cruore
569 3023 676 3073 terram
702 3017 899 3074 contaminet?
921 3019 1004 3084 Quod
1019 3056 1040 3111 C
1057 3036 1110 3092 per
1123 3025 1216 3075 totum
1232 3021 1330 3075 orbem
1346 3019 1445 3075 oceani
1457 3035 1630 3090 gurgessese
1642 3018 1767 3088 diffudit,
1780 3018 1907 3090 etquid·

154 3107 245 3161 scelus
264 3122 448 3179 nequaquam
467 3108 559 3162 Deum
570 3107 664 3161 latuit.
691 3107 836 3162 Parricida
858 3108 1004 3178 redargui-

154 3201 210 3261 tur,
237 3195 293 3250 iusi
328 3193 477 3266 sauguinis
511 3196 619 3251 clamor
654 3195 795 3250 convincit
823 3200 1001 3268 negantem:

153 3284 287 3356 Nuuqnid
302 3290 398 3338 autem
421 3285 495 3338 Deus
511 3289 580 3338 tuuc
596 3283 666 3338 Cain
687 3284 781 3355 primo
808 3288 927 3339 nouerat
941 3302 1004 3357 par·

152 3372 279 3438 ricidam,
305 3373 422 3444 quaudo
435 3371 556 3427 fratrem
572 3372 723 3427 enecavit?
747 3373 776 3428 Si
791 3373 846 3428 hoc
870 3373 1002 3428 concedi·

152 3467 210 3522 tur,
229 3460 360 3532 sequitur
373 3466 403 3514 ut
420 3460 528 3531 aliquid
543 3461 657 3532 ignoret
675 3462 749 3515 Deus
764 3462 842 3533 quod
862 3477 916 3532 per
930 3466 1001 3517 tem·

154 3549 394 3622 porisintervalla
411 3547 502 3603 discat
517 3565 524 3603 ι
542 3548 674 3604 sednihil
687 3554 783 3620 potest
793 3549 901 3604 discere
918 3550 1001 3617 Deris,

153 3637 231 3710 quod
250 3636 330 3708 prius
343 3637 504 3709 ignorabat.
523 3636 625 3694 Omnia
641 3652 767 3710 namque
783 3637 863 3693 novit
878 3654 1002 3710 praeseu-

153 3726 203 3794 tia,
228 3723 384 3797 praeterita,
405 3729 434 3779 et
455 3725 562 3781 lutura.
587 3724 678 3797 igitur
701 3725 772 3797 quid
796 3729 858 3781 crat
873 3726 942 3782 Cain
956 3726 1004 3780 ad·

153 3829 252 3870 versus
289 3813 407 3868 fratrem
442 3817 566 3881 acturus,
599 3829 750 3886 nunquam
776 3814 941 3886 ignoravit:
979 3814 1003 3868 si

155 3918 305 3974 nunquam
320 3901 470 3973 ignorarit,
486 3918 602 3974 semper
615 3903 704 3957 scivit.
728 3903 862 3972 Nunquid
891 3908 1002 3970 autem,

155 3992 224 4065 quia
239 3991 316 4065 quud
330 3991 466 4047 scitlluus
481 3992 611 4046 futurum
626 4008 687 4046 esse
703 3992 765 4047 siue
775 3991 862 4047 dubio
872 3991 1002 4047 futurum

153 4081 219 4148 erit,
236 4097 290 4135 nec
305 4079 394 4134 averti
414 4086 464 4135 aut
476 4079 622 4134 immutari
639 4084 740 4152 potest,
761 4080 867 4135 idcirco
883 4080 1003 4135 scientia

154 4171 204 4225 Dei
228 4169 367 4240 compulit
383 4169 452 4225 Cain
467 4170 502 4223 ad
529 4185 628 4223 necem
656 4170 834 4224 fraternam?
856 4169 924 4234 Quis
947 4169 1003 4224 hoc

1058 3109 1126 3180 quid
1158 3109 1210 3164 sub
1242 3108 1313 3163 coelu
1341 3109 1446 3174 iuerat,
1475 3107 1593 3178 pelagus
1619 3107 1796 3178 superduxit.
1830 3107 1906 3171 Quid

1057 3199 1159 3270 plura?
1178 3200 1222 3252 «A
1231 3196 1327 3269 reptili
1339 3212 1430 3268 usque
1441 3196 1475 3251 ad
1486 3197 1629 3250 volucrem
1640 3195 1799 3250 abhomine
1809 3210 1903 3266 usque

1059 3288 1095 3343 ad
1119 3287 1258 3359 pecudem
1284 3266 1446 3341 universas
1482 3284 1636 3340 delentur:
1662 3284 1741 3339 solus
1765 3284 1822 3338 Noe
1839 3298 1905 3337 cum

1058 3375 1145 3430 domo
1162 3391 1212 3429 sua
1224 3391 1296 3429 arcae
1309 3373 1449 3430 beneficio
1464 3374 1600 3440 salvatur,
1617 3376 1646 3427 et
1660 3371 1695 3426 iis
1704 3375 1828 3436 tantum,
1839 3387 1904 3443 quae

1058 3479 1131 3517 arcae
1146 3463 1225 3517 sinus
1240 3463 1431 3528 continuerat,
1445 3460 1570 3530 salvatis,
1586 3459 1727 3533 quidquid
1746 3460 1905 3515 virentium

1058 3557 1138 3606 extra
1151 3551 1245 3606 iuerat
1259 3567 1317 3605 unu
1341 3550 1448 3605 diluvio
1472 3550 1594 3605 deletur.
1610 3550 1668 3604 lloc
1693 3549 1734 3603 ita
1753 3549 1840 3604 tuime
1854 3564 1905 3620 ge·

1058 3645 1134 3694 stum
1146 3638 1300 3710 Scripturae
1315 3639 1418 3693 veritas
1438 3643 1622 3710 protestatur.
1649 3637 1785 3710 Nunquid
1806 3641 1904 3692 taurea

1057 3728 1182 3800 cogitare
1198 3728 1347 3794 debemus,
1379 3728 1455 3799 quod
1481 3727 1637 3799 impiorum
1655 3725 1816 3798 profanatio
1835 3730 1904 3781 tuuc

1058 3818 1184 3889 primum
1198 3818 1255 3871 Deo
1280 3823 1348 3871 nota
1371 3817 1446 3871 iacta
1468 3816 1564 3884 buerit,
1591 3815 1707 3888 quaudo
1729 3815 1784 3887 ipsi
1803 3831 1903 3886 pacca-

1057 3905 1142 3960 runt?
1157 3906 1228 3960 Cum
1244 3905 1279 3960 de
1294 3905 1343 3960 illo
1359 3905 1496 3976 scriptum
1512 3906 1558 3973 sit,
1585 3904 1664 3976 quod
1680 3925 1693 3954 u
1712 3904 1825 3959 noverit
1840 3920 1903 3959 om-

1058 3995 1105 4048 uia
1120 3993 1288 4064 priusquam
1309 3994 1380 4047 liant
1404 3996 1488 4061 (Dan.
1503 4009 1563 4058 1111,
1587 3993 1672 4064 42)st
1699 3997 1727 4046 et
1753 3992 1905 4047 Psalmista

1057 4083 1233 4153 proclamet:
1253 4104 1264 4131 ι
1290 4081 1458 4136 Intellexisti
1480 4081 1668 4153 cogitationes
1690 4096 1768 4135 meas
1781 4097 1804 4151 ¹a
1819 4081 1905 4152 longo

1059 4173 1112 4241 (Po.
1129 4187 1260 4236 cxxxvrn,
1274 4174 1318 4240 ³l?
1332 4192 1342 4219 ι
1356 4172 1385 4226 Si
1399 4171 1587 4242 cogitationes
1600 4189 1616 4225 a
1631 4172 1716 4241 longe
1736 4185 1795 4224 non
1810 4170 1905 4224 solum

151 4259 260 4330 impius
284 4256 410 4312 dixerit?
434 4256 503 4321 Onus
530 4274 575 4312 ras
603 4258 682 4313 euim
702 4257 850 4329 impulerit
876 4274 942 4313 eum
967 4258 1002 4313 ad
1057 4260 1212 4330 cognoscit,
1233 4275 1331 4313 verum
1356 4259 1444 4313 etiam
1469 4258 1619 4330 intelligit;
1647 4259 1902 4313 humanorumac·

45 4348 49 4357 ‘
152 4346 226 4401 tanti
243 4345 358 4401 sceleris
377 4345 592 4417 patrationem:
619 4347 761 4401 Geneseos
778 4347 862 4402 lectio
888 4344 1038 4419 nequa-l)
1056 4352 1139 4402 tuum
1159 4347 1262 4402 seriem
1277 4352 1433 4418 antequam
1448 4347 1520 4402 liant
1534 4347 1595 4400 siue
1606 4346 1717 4402 dubiua
1732 4346 1819 4418 longe
1834 4362 1905 4416 cog·

153 4450 242 4508 quarn
273 4435 347 4502 silet,
386 4450 450 4506 ques
478 4433 561 4489 docet
591 4434 745 4490 [lominum
776 4435 933 4506 respexisse
964 4436 1001 4491 ad
1056 4437 1155 4500 noscit,
1173 4435 1282 4507 quade
1310 4451 1341 4489 re
1371 4451 1484 4502 eorum,
1513 4451 1586 4506 qum
1612 4440 1764 4506 spumante
1791 4433 1901 4489 diluvio

151 4523 233 4589 Abel,
247 4527 274 4576 et
287 4523 323 4577 ad
337 4538 459 4576 munera
472 4521 544 4592 ejus,
561 4522 594 4577 ad
609 4522 678 4578 Cain
691 4539 758 4577 vero
772 4528 801 4578 et
815 4525 851 4580 ad
880 4540 1001 4580 munera
1055 4524 1190 4596 perdidit,
1204 4529 1270 4579 ante
1285 4524 1366 4579 novit
1392 4541 1488 4596 opera,
1520 4540 1608 4596 quam
1633 4524 1709 4578 iacta
1737 4522 1818 4578 siut:
1845 4539 1906 4578 uon

153 4611 290 4682 ojusuou
313 4610 476 4683 respexisse
504 4611 581 4682 (deu.
602 4628 637 4678 n,
665 4613 704 4681 4).
723 4612 795 4669 ilinc
821 4613 1001 4684 parricidalis
1055 4617 1152 4668 tamen
1167 4618 1287 4684 propter
1301 4613 1364 4683 ejus
1378 4612 1522 4679 notitiam,
1538 4628 1596 4685 qua
1611 4617 1741 4684 gesturos
1757 4612 1822 4667 illos
1837 4610 1906 4666 talia

152 4699 318 4755 immunitas
333 4700 467 4755 odiorum
481 4699 610 4755 fomenta
634 4716 813 4770 coacervans,
829 4718 881 4757 nec
901 4701 1003 4757 divina
1056 4701 1341 4774 qualiagesseruuta
1360 4702 1445 4773 louge
1462 4702 1604 4772 cognorit,
1631 4703 1681 4757 sed
1699 4705 1820 4772 propter
1845 4716 1905 4754 sues

152 4789 339 4860 castigatione
361 4788 561 4859 compescitur,
590 4790 640 4844 sed
665 4790 750 4864 coepti
771 4790 876 4846 luroris
891 4790 1002 4845 insania
1055 4790 1243 4861 malignitatis
1269 4789 1510 4859 adinventiones,
1526 4806 1560 4844 ea
1585 4791 1715 4845 iecerunt
1728 4806 1781 4861 pro
1796 4788 1904 4861 quibus

153 4878 280 4933 fraterna
293 4877 370 4932 caede
390 4878 559 4949 completur.
577 4880 638 4934 Nou
654 4879 743 4950 igitur
755 4878 806 4933 liei
822 4877 1003 4949 prescientia
1055 4878 1150 4950 perire
1165 4884 1343 4933 meruerunt.
1360 4880 1430 4933 Nam
1456 4879 1479 4933 si
1502 4878 1720 4933 considerentur
1748 4878 1822 4933 iacta
1838 4877 1906 4932 illo·

152 4965 317 5037 compulsus
345 4969 389 5021 est
420 4966 489 5021 Cain
518 4968 553 5022 ad
582 4968 778 5039 parricidium,
810 4967 860 5021 sed
888 4966 1003 5021 insidiae
1056 4984 1131 5030 rum,
1150 4967 1245 5022 otllei
1268 4967 1473 5037 praescientia:
1492 4984 1549 5022 uon
1573 4968 1647 5022 iacta
1674 4982 1775 5021 eorum
1803 4982 1838 5020 ex
1855 4964 1908 5020 uei

153 5054 343 5125 malignitate,
364 5059 413 5109 aut
434 5054 539 5110 furoris
564 5056 687 5123 insania,
704 5056 754 5127 qui
769 5055 865 5110 fratris
880 5055 1002 5126 gloriam
1056 5056 1237 5128 prescientia
1251 5056 1469 5117 descenderunt.
1487 5056 1535 5111 sed
1558 5055 1634 5111 inira
1659 5055 1784 5110 divinam
1813 5054 1907 5109 scien·

154 5144 248 5200 videre
263 5159 321 5198 nou
338 5144 441 5215 potuit,
451 5144 525 5200 ierre
538 5145 678 5216 nequivit,
695 5143 876 5215 exstinguere
886 5144 1003 5199 molitus
1056 5146 1134 5209 tiam,
1153 5143 1358 5216 quaejuuiversa
1373 5144 1604 5215 comprehendit,
1619 5144 1676 5198 etia
1687 5143 1908 5198 millaiuerunt.

153 5237 205 5286 est.
221 5237 257 5289 nt
278 5233 400 5288 coelestis
416 5233 487 5288 ultio
503 5238 561 5288 tam
575 5233 664 5289 ferale
683 5233 775 5287 scelus
796 5249 852 5287 non
873 5233 1002 5304 impuni-
1057 5234 1177 5289 Causam
1195 5249 1261 5288 roro
1285 5238 1313 5287 et
1327 5233 1469 5304 originem
1492 5249 1552 5289 non
1582 5249 1614 5288 ex
1629 5233 1678 5288 illa
1705 5236 1907 5299 sumpserunt,

154 5323 216 5373 tom
227 5321 355 5392 reliquit,
370 5343 383 5371 a
400 5337 489 5392 rogos
502 5325 531 5376 et
541 5322 679 5391 profugus
695 5326 929 5391 superterram»
945 5322 1003 5392 agi·
1056 5322 1106 5378 sed
1117 5322 1237 5376 humani
1251 5322 1345 5376 cordis
1360 5321 1597 5393 presumptione,
1612 5337 1672 5376 non
1687 5321 1765 5376 euim
1780 5321 1816 5376 de
1827 5320 1909 5375 lonte

155 5410 212 5475 tur,
224 5412 253 5461 et
267 5409 445 5479 patricidalis
459 5408 598 5480 iniquitas
611 5408 728 5464 ultionis
742 5410 913 5480 septenariae
940 5426 1002 5465 ver·
1056 5410 1205 5478 bonitatis,
1226 5409 1282 5464 uisi
1300 5410 1423 5473 ,bonitas
1452 5426 1568 5465 manare
1584 5414 1692 5482 potest;
1721 5425 1774 5465 ner
1802 5407 1910 5465 vitium

154 5495 269 5551 boribus
280 5497 420 5570 expiatur.
442 5498 517 5553 llum
532 5511 600 5552 vero
614 5502 769 5570 postquam
781 5497 853 5554 tanti
869 5498 1003 5554 iocinoris
1057 5498 1213 5570 aliquando
1228 5498 1264 5553 de
1278 5497 1381 5552 virtuto
1396 5498 1519 5570 sumpsit
1532 5497 1683 5569 originem.
1710 5497 1811 5568 ltaque
1832 5496 1911 5553 sicut

154 5583 300 5657 piaculum
323 5592 367 5642 est
379 5585 550 5656 admissum,
580 5590 648 5642 ωηο
668 5585 798 5659 primum
835 5587 1003 5644 deliberarit
1057 5585 1171 5655 delicta,
1186 5583 1484 5656 quibusolt'enderunt
1499 5586 1577 5643 intra
1592 5585 1775 5643 latitudinem
1799 5583 1911 5640 diuinae
