3930 6098
144 270 206 363 les

728 260 910 320 untnAllrll
929 259 1156 319 cotennensis
1175 250 1330 318 thlthlll

1848 258 1900 315 136

155 401 237 475 porei
249 400 334 474 panis
356 398 543 471 corporeique
555 397 616 453 viui
629 395 777 468 spirituale
792 412 895 469 corpus
909 394 1032 468 spiri-A
1051 392 1130 450 toute
1144 399 1173 451 et
1186 395 1281 450 inesse
1300 393 1377 466 quud
1401 407 1500 448 seusus
1515 392 1643 465 corporis
1663 392 1796 466 attingat,
1812 399 1842 450 et
1856 395 1899 451 id·

156 492 298 563 tualisque
320 489 436 562 sanguis
456 488 564 543 existit:
578 497 591 524 ⁸
612 503 671 542 nou
693 486 769 558 quod
796 488 917 541 doenum
942 484 1001 540 sint

157 579 315 636 existentis}
330 593 424 633 rerum
443 577 520 631 inter
533 592 562 630 se
585 576 772 642 diversarum,
787 574 912 646 corporis
924 573 1000 629 vide·

155 669 223 723 licet
238 674 267 724 et
283 666 408 738 spiritus,
433 681 532 721 verum
557 680 615 719 unu
637 665 796 735 eademque
820 679 875 729 res,
898 678 998 718 sccun-

154 755 222 811 dum
238 756 313 810 aliud
340 755 448 825 species
462 753 544 826 panis
563 757 591 808 et
605 752 663 807 riui
678 752 818 817 consistit,
841 751 999 806 secuudum

153 844 339 898 alludentem
355 858 457 915 corpus
472 847 514 898 esl
529 847 558 897 et
571 841 688 912 sangnis
703 839 817 896 Christi.
837 839 998 896 Secundum

152 947 278 1003 namque
302 930 378 1003 quod
409 935 564 1001 utrumque
597 928 783 1000 corporaliter
813 927 998 999 contingitur,

151 1020 260 1092 species
275 1024 342 1074 suut
363 1024 500 1075 creaturae
515 1033 674 1090 corporcae;
691 1017 866 1087 {secuudum
893 1021 999 1088 puteu-

152 1111 221 1187 liom
234 1124 301 1163 vero
316 1108 393 1180 quod
411 1107 579 1178 spirituliter
593 1106 674 1161 factm
689 1111 765 1171 suut,
783 1104 919 1179 mysteria
933 1109 1000 1163 sunt

152 1186 281 1267 corporis
298 1201 325 1251 et
341 1195 489 1266 sangtrinis
502 1195 617 1251 Christi.

187 1286 265 1341 illll.
286 1285 504 1341 Consideremus
524 1284 596 1340 sacri
614 1285 723 1340 fontem
743 1282 934 1355 baptismalis,
950 1281 1000 1354 qui

152 1373 217 1429 fons
231 1372 296 1427 vitre
317 1388 377 1427 nou
401 1371 544 1427 immerito
567 1376 759 1443 nuncupetur,
790 1371 858 1443 quis
882 1370 1000 1426 descen·

153 1462 252 1517 dentes
266 1460 297 1515 in
320 1476 350 1515 se
373 1459 499 1515 melioris
518 1459 584 1514 vitre
607 1460 733 1515 novitate
752 1458 900 1522 reformat,
924 1457 999 1512 etde

152 1553 267 1620 peccato
283 1548 404 1604 mortuis
419 1548 544 1603 virentes
554 1548 674 1619 justitiae
695 1548 796 1602 donat:
813 1562 884 1600 num
899 1561 998 1600 secun·

153 1637 222 1692 dum
235 1638 310 1710 quod
325 1653 408 1710 aqum
430 1637 605 1707 conspicitur
628 1638 802 1691 elementum
825 1652 897 1703 esse,
916 1635 999 1691 islam

1053 483 1129 539 circo
1145 483 1281 539 mutabile
1306 487 1392 555 atque
1415 481 1615 553 corruptibile:
1641 486 1669 538 et
1692 498 1792 538 rursus
1806 483 1900 539 inesse

1054 574 1129 646 quod
1147 573 1286 629 lldessols
1295 571 1461 644 conspiciat,
1473 576 1502 627 et
1515 572 1641 627 ideouec
1651 573 1796 645 corrumpi
1806 590 1899 644 posse,

1054 678 1107 717 uec
1120 662 1186 717 vilae
1200 660 1353 717 discrimen
1370 661 1507 732 accipere.
1527 660 1696 734 Sircquiras
1711 662 1787 734 quod
1797 679 1902 734 super-

1054 750 1201 806 ficietenus
1221 751 1306 819 laval,
1331 750 1507 805 elementum
1528 753 1584 818 est;
1610 750 1633 804 si
1657 767 1723 806 uero
1742 753 1903 824 perpendas

1054 839 1131 912 quod
1143 838 1265 894 interius
1275 844 1388 910 purgat,
1400 837 1488 893 virtus
1503 838 1596 893 vitalis
1611 843 1662 908 est,
1672 839 1762 894 virtus
1775 841 1901 896 sanctifi·

1054 927 1184 995 cationis,
1205 927 1295 982 virtus
1318 927 1552 982 immortalitatis.
1573 928 1665 998 igitur
1678 928 1709 982 iu
1723 929 1903 1000 proprietate

1053 1016 1158 1072 humor
1171 1016 1372 1089 corruptibilis,
1385 1015 1415 1071 iu
1428 1015 1562 1086 mysterio
1572 1032 1638 1071 vero
1651 1018 1743 1071 virtus
1757 1017 1901 1073 sanabilis.

1088 1106 1153 1161 Xlll.
1176 1105 1220 1162 Sic
1244 1106 1344 1178 itaque
1369 1104 1474 1160 Christi
1489 1121 1592 1177 corpus
1616 1109 1644 1160 et
1660 1106 1777 1177 sanguis
1802 1122 1903 1177 super-

1053 1193 1203 1249 licictenus
1241 1192 1430 1260 considerata,
1469 1198 1599 1248 creatura
1636 1199 1678 1248 est
1716 1194 1904 1250 mutabilitati

1053 1283 1281 1354 corruptelaeque
1306 1281 1443 1353 subjecta.
1460 1282 1489 1338 Si
1506 1282 1634 1354 mysterii
1659 1299 1726 1338 vero
1742 1284 1904 1356 perpendas

1054 1371 1199 1437 virtutem,
1217 1371 1274 1426 vite
1289 1375 1332 1425 est
1345 1369 1582 1442 participantibus
1597 1387 1627 1426 se
1641 1372 1769 1427 tribuens
1788 1373 1904 1427 immor-

1054 1461 1203 1533 talitatem.
1227 1458 1238 1494 ¹²
1259 1460 1319 1514 llou
1342 1474 1410 1531 ergo
1434 1463 1502 1514 suut
1523 1458 1601 1514 idem
1633 1459 1711 1532 quod
1734 1465 1902 1528 cernuntur,

1054 1552 1082 1602 ct
1095 1547 1172 1620 quud
1188 1547 1357 1604 creduntur.
1381 1546 1542 1602 Secundum
1557 1546 1635 1601 euim
1651 1549 1727 1619 quod
1745 1553 1904 1602 cernuntur

1054 1653 1156 1707 corpus
1199 1640 1319 1708 pascunt
1357 1634 1556 1706 corruptibile,
1591 1634 1653 1706 ipsa
1688 1636 1900 1708 corruptibilia:

153 1726 310 1796 potentiam
325 1725 443 1780 obtinet.
457 1729 590 1780 Attamen
604 1725 658 1780 nisi
671 1724 902 1780 sanctificationis
910 1724 999 1777 virtu·
1015 1703 1036 1756 Β
1055 1724 1213 1779 secuudum
1238 1739 1306 1778 vero
1327 1724 1402 1796 quod
1427 1723 1581 1778 creduntur
1603 1723 1713 1779 animas
1734 1730 1856 1797 pascunt
1871 1725 1902 1780 iu

151 1818 209 1869 tem
236 1813 393 1881 oblineret,
418 1813 511 1868 labem
534 1813 671 1867 vitiorum
694 1827 875 1885 nequaquam
892 1812 1000 1867 diluere
1055 1818 1195 1868 ueternum
1210 1812 1344 1878 victuras,
1354 1811 1416 1883 ipsa
1431 1811 1616 1867 immortalia.

151 1906 260 1974 posset;
283 1900 378 1955 etuisi
393 1901 521 1970 rigorem
544 1901 610 1955 vitae
634 1901 806 1967 contineret,
823 1901 902 1955 nullo
916 1900 1001 1954 modo
1089 1902 1143 1957 llll.
1172 1901 1326 1972 Apostolus
1361 1916 1476 1972 quoque
1509 1901 1636 1955 scribens
1664 1901 1818 1958 Corinthiis
1845 1902 1901 1959 ait:

151 1990 272 2046 mortuis
295 1995 433 2061 proestare
457 1991 676 2058 ritaurraleret,
694 1988 815 2045 mortuis
831 1994 1000 2044 autemnon
1055 1991 1170 2046 Nescitis
1204 1990 1333 2058 quonium
1370 1995 1463 2058 potres
1495 1992 1583 2045 nostri
1618 2006 1709 2045 emeres
1744 1991 1794 2046 sub
1832 1992 1903 2047 nube

150 2094 245 2147 carue,
266 2078 314 2132 scd
331 2079 436 2133 enims.
454 2077 486 2132 lu
510 2093 543 2133 eo
558 2083 653 2132 tamen
670 2076 748 2133 fonte
765 2077 788 2131 si
804 2075 1001 2131 consideretur
1053 2080 1179 2145 suerurrt:
1219 2083 1245 2133 et
1283 2092 1371 2132 omnes
1414 2093 1488 2132 mure
1524 2080 1706 2134 transierunt:
1745 2085 1772 2134 et
1812 2095 1902 2136 omnes

93 2169 97 2176 ’
151 2167 332 2221 solummodo
349 2167 426 2238 quod
447 2181 601 2237 corporeus
616 2164 718 2236 aspicit
739 2181 849 2233 sensus,
871 2165 1001 2219 elemen—
1054 2167 1084 2219 in
1119 2167 1191 2221 Mose
1228 2165 1363 2235 baptizati
1398 2170 1471 2231 sunt,
1509 2167 1538 2220 in
1574 2166 1654 2233 nube,
1692 2172 1717 2222 et
1752 2169 1782 2221 in
1817 2170 1900 2234 muri,

152 2260 215 2309 tum
231 2254 351 2309 fluidum
367 2254 552 2324 conspicitur,
567 2253 744 2324 corruptioni
758 2254 928 2325 subjectum¹
947 2269 999 2307 uec
1054 2259 1080 2309 et
1094 2269 1182 2309 omncs
1205 2254 1324 2309 eumdem
1349 2269 1436 2309 escum
1457 2255 1629 2324 spirituatem
1649 2254 1900 2322 manducaverunt,

152 2342 208 2397 nisi
224 2358 344 2413 corpora
358 2342 472 2396 lavandi
487 2342 646 2414 potentium
661 2341 799 2397 obtinere.
815 2341 869 2397 Sed
885 2342 1001 2396 accessit
1054 2348 1079 2397 et
1093 2358 1181 2398 omrses
1203 2342 1322 2397 eumdem
1344 2346 1438 2412 plutum
1454 2343 1626 2412 spiritualem
1652 2342 1799 2398 biberunt?
1821 2344 1900 2399 Bibe·

152 2431 241 2486 suucti
260 2430 383 2502 Spiritus
398 2447 450 2500 per
463 2430 618 2486 sacerdotis
633 2431 876 2487 consecrationem
898 2430 999 2498 virtus,
1054 2431 1119 2484 bont
1134 2434 1224 2485 cutem
1246 2430 1280 2484 de
1302 2431 1447 2500 spirituali
1460 2435 1634 2500 consequente
1649 2445 1692 2486 cos
1716 2436 1805 2502 petru.
1821 2434 1902 2487 Petro

152 2522 181 2572 et
194 2517 293 2572 ellicax
309 2516 382 2572 iacta
397 2522 439 2573 est
460 2534 520 2573 uon
540 2518 633 2572 solum
649 2533 779 2589 corpora,
796 2516 997 2572 verumetiam
1054 2524 1143 2574 cutem
1163 2523 1222 2572 erut
1250 2518 1373 2575 Christus
1399 2519 1425 2587 (l
1446 2519 1510 2572 Cor.
1540 2533 1567 2586 x,
1592 2518 1661 2589 l-t).
1689 2510 1899 2575 Animadverti·

154 2606 264 2660 animas
279 2606 396 2670 diluere,
414 2610 443 2661 et
454 2605 616 2677 spirituales
630 2607 727 2661 sordes
743 2605 883 2678 spirituali
898 2609 999 2678 puteu-
1055 2623 1118 2662 mus
1134 2612 1163 2661 el
1188 2622 1267 2660 mure
1294 2606 1430 2678 baptismi
1453 2607 1576 2678 speciem
1600 2607 1770 2678 praetulisse,
1793 2613 1821 2664 et
1846 2626 1899 2664 uu·

151 2694 192 2749 tie
208 2692 362 2750 dimovere.
843 2684 850 2698 ⁶
1053 2696 1134 2763 bem;
1149 2701 1303 2767 patresque
1326 2695 1433 2766 prioris
1457 2695 1632 2751 Testamenti
1649 2695 1679 2751 iu
1694 2695 1744 2762 eis,
1768 2695 1857 2751 idest
1872 2696 1903 2751 iu

187 2781 409 2838 livillliccein
427 2797 486 2837 uuo
509 2781 899 2855 eodemqueelementoduo
920 2781 999 2838 vide·
1054 2784 1130 2839 nube
1146 2783 1205 2839 sire
1229 2783 1311 2851 meri,
1342 2782 1502 2855 baptizatos
1525 2784 1622 2840 fuisse.
1650 2786 1723 2840 Num
1746 2785 1790 2839 vel
1812 2799 1900 2852 mare,

152 2887 216 2925 mus
242 2871 333 2926 inesse
359 2870 413 2926 sibi
428 2870 600 2937 resistentis,
614 2871 642 2926 id
667 2876 710 2927 est
731 2871 909 2943 corruptioni
931 2870 1000 2925 sub·
1054 2872 1209 2927 secuudum
1235 2872 1311 2944 quud
1334 2871 1510 2928 elementum
1526 2871 1685 2941 videbatur,
1699 2873 1835 2944 baptismi
1850 2889 1903 2944 po·

150 2959 249 3029 jacens
273 2958 517 3031 incorruptionem
532 2965 680 3030 praestare,
705 2963 733 3014 et
755 2959 842 3014 vitam
866 2975 925 3014 uon
947 2958 1033 3060 lurs-c
1053 2962 1109 3018 tnit
1121 2961 1226 3016 habere
1243 2959 1401 3017 virtutem?
1421 2961 1465 3016 rel
1481 2961 1581 3031 nubes,
1594 2961 1675 3032 juxta
1690 2960 1768 3033 quod
1792 2961 1903 3016 densio-

152 3047 223 3102 beus
245 3046 333 3103 ritem
363 3047 555 3104 contribuere.
585 3047 772 3120 Cognoscitur
796 3064 864 3120 ergo
887 3047 920 3102 in
945 3047 999 3103 isto
1054 3049 1094 3106 ris
1107 3048 1323 3105 crassitudinem
1349 3049 1423 3105 aeris
1444 3049 1624 3118 ostendebat,
1651 3047 1730 3120 [odd.
1748 3048 1901 3122 populum]

150 3188 247 3243 nullus
261 3188 388 3260 relinqui
398 3194 493 3260 potest
506 3189 540 3244 de
555 3189 689 3245 concordi
702 3189 870 3245 etuuanimi
884 3194 999 3246 seuten-
1053 3191 1176 3263 Spiritus
1189 3190 1289 3255 suncti,
1305 3191 1377 3245 nulli
1394 3189 1570 3261 corruptioni
1585 3189 1710 3245 obnoxia
1721 3194 1799 3253 stunt,
1814 3191 1901 3246 vitam

151 3260 190 3314 tia
222 3261 370 3315 lletramui
403 3266 432 3316 et
458 3260 601 3315 Paschasli
628 3260 663 3315 de
688 3261 842 3332 praeseutia
870 3261 1000 3332 corporis
1053 3269 1082 3317 et
1107 3261 1352 3318 immortalitatem
1377 3260 1549 3332 largiuntur.
1579 3260 1626 3316 llis
1652 3260 1693 3315 ita
1718 3261 1855 3331 subjectis
1874 3267 1903 3316 et

151 3330 255 3386 Christi
270 3335 298 3386 et
317 3331 466 3403 sauguinis
477 3331 508 3386 iu
525 3331 708 3387 Errcberistiae
723 3332 867 3403 mysterio.
1052 3333 1162 3405 positis,
1185 3349 1283 3386 seusus
1301 3331 1450 3387 llatremui
1474 3347 1531 3385 uon
1551 3336 1595 3386 est
1617 3330 1693 3402 quod
1709 3331 1901 3402 quemadmo-

185 3446 198 3472 ,
211 3438 271 3494 Non
286 3437 359 3506 quod
382 3438 500 3492 duarum
523 3439 580 3492 sm,
599 3440 749 3492 ext-stem
772 3452 863 3492 mum
880 3437 953 3492 inm
972 3453 1000 3492 se
1053 3405 1123 3459 dum
1145 3402 1312 3457 substantias
1341 3408 1369 3456 et
1385 3401 1534 3473 baptismo
1557 3402 1647 3456 virtus
1672 3402 1901 3457 sanctificetionis

150 3508 459 3642 pppppppp
474 3507 999 3657 epppsggpppg,gpppgs,
1053 3471 1765 3615 :stettenresumtumtrit
1780 3478 1902 3599 tren

151 3650 179 3701 et
192 3647 321 3715 corporis
347 3647 452 3701 Christi
478 3645 509 3700 in
530 3647 712 3713 euehamtia'
728 3648 862 3702 somniat·
887 3645 941 3712 Qui
963 3663 999 3719 pe
1053 3619 1127 3670 esset
1142 3630 1241 3668 seusus
1266 3615 1425 3679 llalramnr,
1447 3630 1505 3668 nou
1532 3612 1640 3669 diceret
1664 3629 1768 3685 corpus
1790 3619 1818 3669 et
1838 3630 1903 3669 san·
1926 3629 1929 3635 ’

379 3723 407 3772 s
434 3733 539 3788 core
568 3718 717 3789 mle
737 3717 842 3773 uss
868 3664 998 3774 err..
1050 3684 1903 3827 eliserunt-lstrnuerecluserunt:

1052 3826 1122 3881 tiam
1143 3842 1202 3881 uon
1221 3825 1336 3893 habere,
1366 3825 1446 3897 quasi
1472 3829 1565 3880 esseut
1587 3841 1633 3881 res
1656 3840 1756 3896 reapse
1771 3825 1901 3894 dirersre,

1054 3913 1110 3952 uno
1125 3897 1210 3951 verbo
1225 3897 1266 3951 rei
1282 3895 1365 3951 unius
1381 3896 1411 3951 iu
1427 3895 1545 3951 alteram
1573 3897 1762 3952 mutationem
1788 3896 1902 3951 coutin-

1053 3984 1133 4038 gere:
1157 3983 1210 4022 uec
1224 3983 1307 4037 posse
1328 3964 1384 4022 dici
1403 3971 1453 4021 urst
1481 3966 1601 4038 cogitari
1625 3966 1687 4021 sine
1711 3965 1832 4021 crimine
1851 3983 1901 4022 seu

1052 4038 1160 4110 absque
1185 4039 1268 4109 culpa
1282 4042 1311 4091 et
1329 4044 1444 4106 peccato
1460 4052 1563 4108 corpus
1584 4037 1690 4091 Christi
1706 4036 1747 4092 ibi
1759 4053 1818 4092 nou
1834 4053 1901 4109 per·

1052 4124 1180 4164 manere.
1193 4108 1299 4164 Sensus
1314 4107 1402 4178 igitur
1411 4107 1502 4161 nostri
1518 4107 1667 4163 llatramui
1682 4107 1720 4161 sit
1731 4123 1848 4162 necesse
1859 4111 1903 4162 est

1054 4180 1142 4250 (quod
1159 4178 1304 4250 conceptis
1319 4177 1412 4233 verbis
1426 4194 1591 4250 expressum
1607 4183 1664 4232 ost:
1679 4192 1776 4250 corpus
1791 4183 1817 4232 et
1833 4194 1900 4233 suu·

1052 4252 1160 4318 quinem
1178 4251 1255 4304 lcsus
1280 4247 1389 4303 Christi
1409 4264 1464 4303 esse
1486 4250 1681 4318 compelluntur
1700 4263 1808 4315 uenere,
1830 4248 1903 4320 quod

1052 4322 1131 4386 nesus
1154 4335 1284 4375 essenon
1309 4321 1395 4374 solum
1421 4321 1508 4374 dicere
1536 4319 1584 4374 sed
1606 4317 1734 4389 conitere)
1760 4335 1821 4374 esse
1849 4334 1902 4390 per

150 3786 258 3842 habent
278 3792 306 3841 et
329 3802 415 3842 unam
441 3789 468 3842 iu
500 3803 533 3842 cu
571 3791 761 3856 existentiam,
781 3793 812 3843 et
834 3804 880 3844 res
898 3789 998 3844 eedem

150 3862 217 3911 sunt
238 3857 290 3912 sub
314 3857 425 3913 diverso
449 3863 597 3929 respectu:
613 3861 720 3915 scilicet
739 3875 803 3930 quse
825 3860 1000 3915 considerari

150 3931 179 3982 et
200 3928 318 3999 cogitari
343 3933 437 4000 potest
454 3929 485 3983 iu
507 3934 646 4001 quantum
662 3930 792 3985 sensibus
805 3930 956 4001 subjicitur
971 3935 1000 3985 et

149 3998 338 4070 inquantum
363 3999 462 4066 oculis,
487 4001 626 4067 recondit,
648 4001 723 4054 velut
742 4000 849 4126 anirum
871 4001 999 4073 spiritale

149 4071 226 4140 quod
244 4071 394 4124 oculorum
409 4071 499 4125 aciem
524 4087 583 4125 non
612 4071 698 4125 subit.
725 4073 762 4126 Er
808 4072 830 4125 is
850 4076 998 4127 consecte-

149 4155 235 4194 ueum
252 4141 410 4196 dilucidum
420 4141 557 4210 erumpit,
571 4157 675 4211 corpus
690 4147 719 4196 et
731 4143 901 4214 sanguinem
918 4142 998 4199 Chri·

148 4211 184 4265 sti
197 4226 254 4264 non
270 4211 390 4266 existere
410 4212 510 4266 eudem
522 4211 671 4266 existentis
686 4212 770 4282 punis
786 4213 898 4280 etvini,
916 4213 1000 4267 adeo·

148 4296 205 4351 que
228 4286 292 4351 post
315 4286 559 4336 consecrationem
583 4282 695 4337 nullum
720 4299 822 4354 punem
848 4287 877 4338 et
897 4284 1035 4375 vinum„

148 4367 199 4404 seu
215 4350 403 4406 substantiam
419 4368 519 4407 eorum
535 4357 803 4425 praesentecorpore
820 4355 998 4426 etsauguiue
1051 4391 1219 4445 relationem
1235 4390 1269 4444 ad
1292 4390 1353 4444 hm
1371 4389 1437 4444 vela
1460 4395 1489 4444 et
1510 4405 1649 4459 conopaea
1667 4388 1775 4461 aliquid
1801 4405 1901 4444 eorm·

149 4421 255 4477 Chm‘i
270 4425 425 4477 ⁰⁰⁰⁸¹³t⁸r⁰
441 4427 469 4477 et
483 4439 661 4495 pennam·
1051 4461 1145 4533 ptioui
1155 4461 1326 4515 obnoxium:
1347 4460 1395 4515 sed
1417 4475 1468 4530 per
1491 4459 1658 4514 relationem
1673 4466 1724 4514 aut
1739 4463 1900 4532 respectum

185 4528 268 4584 buon
283 4543 345 4596 erpo
368 4533 432 4583 srrnt
455 4529 527 4584 idern
552 4530 625 4598 quod
639 4533 785 4584 cununtur
807 4534 832 4584 ct
854 4529 927 4601 quod
940 4546 997 4586 cre·
1051 4532 1088 4586 ad
1103 4531 1237 4586 virtulem
1261 4531 1383 4602 Spiritus
1403 4529 1503 4596 sancti,
1530 4530 1612 4601 cujus
1627 4529 1654 4583 si
1678 4546 1778 4601 reapse
1801 4531 1831 4584 iu
1846 4530 1901 4585 hoc

148 4598 262 4653 duntur.
282 4599 318 4653 Ex
344 4598 388 4652 his
406 4604 483 4670 patet
497 4601 639 4670 integram
659 4600 850 4655 dillercutiam
873 4602 949 4655 iuter
964 4617 998 4656 eu
1051 4601 1187 4672 mysterio
1214 4608 1279 4655 sunt
1306 4606 1334 4655 et
1359 4602 1530 4665 consistunt,
1554 4616 1611 4655 nou
1637 4617 1697 4655 csse
1721 4600 1900 4672 corruptioni

149 4685 213 4740 qrrae
237 4677 395 4724 cernuntur
418 4675 525 4738 etquae
545 4671 701 4725 creduntur
726 4671 755 4725 iu
781 4671 916 4742 mysterio
939 4687 996 4726 nou
1050 4672 1173 4727 obnoxia
1198 4677 1227 4727 et
1252 4671 1388 4742 subjecta,
1419 4672 1466 4726 sed
1493 4672 1576 4726 vitam
1602 4677 1631 4726 et
1654 4671 1900 4726 immortalitatem

148 4755 299 4810 erumpere
322 4755 354 4794 er
381 4740 493 4794 diversa
519 4741 680 4808 existentia,
701 4747 733 4794 ut
756 4757 821 4796 mox
844 4742 996 4807 dixit;sed
1050 4743 1200 4798 animabus
1230 4744 1334 4797 uostris
1367 4743 1590 4797 communicant.
1624 4741 1703 4797 Sicut
1741 4742 1900 4812 baptismus

148 4825 181 4864 ex
195 4810 305 4865 diverso
321 4815 449 4880 respectu
475 4810 527 4864 sub
551 4827 608 4882 quo
622 4828 667 4865 res
683 4812 782 4866 eadem
807 4813 926 4879 cogitari
942 4828 997 4881 po·
1050 4812 1149 4868 habite
1164 4813 1304 4867 relatione
1318 4827 1365 4866 seu
1383 4813 1493 4867 ratione
1509 4812 1544 4867 ad
1565 4827 1670 4882 aquam
1695 4815 1724 4865 et
1738 4812 1816 4883 quod
1832 4828 1901 4866 seu-

147 4885 202 4933 test
218 4886 247 4934 et
270 4882 399 4950 rependi.
422 4880 514 4945 Quare
543 4881 611 4935 dicit
631 4883 819 4936 Ratrumuus:
835 4883 880 4937 Sic
903 4884 997 4951 itaque
1049 4883 1128 4938 sibus
1147 4884 1302 4938 obnoxium
1318 4888 1361 4936 est
1375 4883 1521 4952 corrumpi
1536 4888 1642 4959 potest,
1658 4887 1687 4937 et
1701 4880 1799 4936 habita
1819 4881 1901 4936 simi·

148 4951 251 5007 Christi
276 4955 410 5020 corpusct
433 4955 787 5021 scrupeissupcrficr'etenus
811 4952 995 5020 consideratu,
1049 4953 1115 5008 liter
1143 4953 1255 5008 ratione
1288 4953 1401 5008 virtutis
1430 4959 1458 5007 et
1483 4953 1641 5007 sanctitatis
1670 4952 1725 5007 sibi
1745 4953 1859 5007 collatae
1885 4968 1902 5007 a

148 5027 275 5076 creatura
300 5027 339 5074 cst
370 5021 550 5076 mutabilitati
572 5023 781 5091 corruptelaeque
805 5023 935 5090 subjectu.
962 5025 996 5079 Si
1050 5024 1174 5091 Christo,
1191 5023 1285 5079 eradit
1297 5023 1361 5078 lons
1382 5028 1411 5078 et
1423 5023 1568 5094 scaturigo
1590 5024 1654 5076 ritae
1676 5027 1704 5077 et
1725 5022 1902 5077 immortali·

149 5090 658 5216 titttttttttttltltttltt’
673 5095 995 5217 lltttttlttttt
1048 5093 1899 5233 tlttltltsstetuttllrltttlltlltstit·

149 5231 311 5301 intelligere
334 5231 417 5285 facile
440 5238 483 5286 est
506 5248 565 5286 non
589 5232 705 5303 proprie
721 5237 750 5287 et
766 5249 798 5286 er
820 5232 900 5287 omni
915 5239 995 5305 parte
1048 5236 1132 5290 niens
1147 5235 1192 5302 sit,
1224 5241 1272 5289 aut
1290 5234 1366 5306 quud
1388 5232 1447 5288 ulla
1471 5233 1582 5288 ratione
1596 5235 1715 5288 somniis
1738 5235 1903 5289 Proteslsu·

149 5305 239 5355 totam
269 5300 469 5356 eucharistiam
499 5301 686 5357 liutramunm
713 5302 842 5358 conterre
874 5319 908 5358 co
941 5304 995 5359 toci
1049 5307 1121 5360 tium
1147 5305 1303 5376 propitium
1328 5303 1418 5358 rideri
1442 5305 1540 5375 possit.
1568 5305 1662 5377 anue
1677 5304 1903 5375 juratmaxime

149 5371 380 5450 cumhuptismo,
404 5373 452 5427 sed
476 5388 579 5454 corpus
599 5373 812 5444 etsanguiuem
836 5374 997 5430 lesquri·
1049 5375 1189 5446 applicata
1213 5374 1366 5430 transferre
1399 5380 1427 5429 et
1457 5382 1563 5442 mente,
1592 5376 1623 5429 iu
1653 5376 1901 5445 comparationem

149 5444 184 5520 etr
198 5456 264 5510 qrree
283 5447 349 5497 suut
369 5443 399 5496 in
421 5443 602 5508 eucharistia,
628 5447 660 5498 ut
682 5459 750 5499 mox
764 5444 835 5499 dixit
854 5461 919 5516 qrrre
943 5446 994 5501 ba·
1049 5462 1136 5518 quem
1149 5444 1410 5515 instituitcorporis
1422 5445 1506 5510 hujus
1522 5445 1625 5500 Christi
1637 5461 1701 5499 cum
1721 5445 1808 5507 nube.
1826 5448 1903 5501 mari

148 5508 208 5564 brta
232 5509 342 5592 ratione
366 5513 540 5569 conditionis
560 5529 617 5587 qus
640 5514 771 5571 sensibus
791 5514 994 5586 subjiciuntur,
1049 5517 1155 5581 Rubro,
1169 5531 1246 5586 aqrra
1261 5531 1277 5570 e
1291 5515 1495 5587 petraedncla,
1512 5532 1620 5571 manna
1634 5517 1663 5571 iu
1674 5531 1776 5572 arenas
1792 5515 1904 5573 deserti

149 5582 328 5653 corruptioni
348 5581 470 5639 obnoxia
492 5588 570 5651 suut,
595 5588 625 5639 et
639 5582 738 5640 habita
750 5585 864 5642 rationo
882 5585 996 5641 virtutis
1049 5587 1166 5642 cedente
1186 5604 1195 5654 3
1211 5601 1328 5642 -uutu.
1343 5587 1390 5654 2⁰,
1400 5587 1446 5655 tl,
1461 5589 1507 5652 Ἡ,
1522 5587 1566 5649 23,
1580 5586 1616 5642 et
1630 5591 1659 5641 et
1670 5589 1716 5641 25.
