3930 6098
104 235 159 292 aar
369 201 372 206 ’
779 234 965 294 consessio
983 233 1188 297 vacuum.
1809 246 1862 305 aas

101 369 191 426 morti
215 367 399 442 sempiternae
420 366 628 440 predestinati.
656 367 749 424 item:
781 389 794 419 a
824 369 956 435 blundus,
975 369 1623 442 Aetquodquinquepartitamlateturesse
1643 377 1861 449 continentiam,

103 461 211 531 inquit,
223 460 284 514 odit
295 458 590 528 iuvandum,inimicus
598 459 826 525 reconciliatum,
840 459 957 514 damna·
1009 477 1067 515 non
1081 460 1210 531 quinque
1227 467 1323 516 tamen
1345 478 1406 516 esse
1421 465 1514 531 docet,
1533 465 1582 519 sed
1607 482 1709 522 unum.
1733 499 1765 510 -
1790 468 1862 525 Hinc

104 553 150 602 tus
167 548 318 617 salvatum,
334 548 502 620 inquinatus
515 548 698 602 mundatum.
722 569 733 597 i
1010 554 1038 604 et
1052 556 1150 604 sancto
1175 550 1311 621 Gregorio
1334 552 1451 622 gemina
1468 553 1635 609 ludaeorum
1656 556 1775 612 scientia
1790 558 1860 613 dici-

140 637 230 692 ltem:
260 637 380 691 «Filius
405 636 575 707 perditionis
598 637 690 691 dictus
706 643 749 692 est
763 637 849 692 ludas
867 637 955 692 tradi·
1009 643 1067 708 tur,
1087 644 1116 693 et
1138 646 1235 693 tamen
1254 638 1321 694 licet
1334 639 1422 709 dupla
1439 641 1484 709 sit,
1507 659 1563 696 una
1582 660 1644 699 esse
1668 647 1859 717 cognoscitur.

104 731 150 780 tor
159 725 277 795 Christi,
292 725 470 781 damnationi
484 725 714 796 praedestinatus.
732 745 745 777 s
762 728 852 781 ltcm:
871 748 882 776 ι
902 728 955 781 l’ro
1009 725 1091 791 Quod
1106 732 1135 782 et
1145 728 1246 799 [ipsum
1262 743 1353 799 genus
1368 729 1521 785 locutionis
1536 732 1751 791 usitatissimum
1767 741 1820 804 est,
1832 741 1861 792 et

105 815 159 869 isto
175 814 287 870 mundo
309 830 368 868 non
382 821 483 884 rogat:
501 830 594 886 neque
615 815 692 870 enim
709 831 767 886 quo
792 816 828 868 sit
841 815 956 886 praede-
1008 816 1085 887 apud
1110 823 1241 871 auctores
1263 833 1378 889 quoque
1402 818 1546 873 saecularis
1570 821 1756 879 litteraturae:
1782 826 1859 897 quod

105 903 238 971 sanatus,
258 903 383 973 ignorat.
402 924 412 951 ι
1008 905 1076 976 quia
1091 906 1283 961 rectissimum
1298 911 1341 960 est
1357 908 1592 975 severissimum,
1612 926 1671 965 non
1685 912 1735 966 abs
1756 929 1786 968 re
1806 920 1857 983 est,

140 992 245 1045 Beatus
259 1007 375 1063 quoque
388 991 555 1063 Fulgentius
569 992 635 1046 inde
649 991 840 1046 taliterdicit:
857 993 955 1047 «Pra-
1009 993 1032 1047 si
1051 1000 1080 1048 et
1101 994 1167 1048 inde
1190 995 1237 1050 hic
1253 1001 1400 1065 ponantur
1413 995 1519 1068 aliqua,
1542 1013 1608 1068 quae
1623 999 1734 1055 valeant
1753 1002 1789 1056 ad
1808 1019 1858 1058 cu-

106 1081 216 1151 pararit
231 1080 318 1135 etiam
337 1082 412 1137 Deus
435 1081 630 1152 peccatoribus
645 1096 756 1151 poenas,
776 1081 833 1135 illis
854 1081 954 1153 utique
1009 1084 1120 1137 mulum
1136 1084 1589 1156 tueudaeseutentiaesupradictae
1604 1103 1610 1140 :
1623 1102 1689 1141 nam
1709 1094 1738 1143 et
1757 1105 1858 1146 eorum

107 1186 177 1240 quos
191 1170 270 1240 juste
286 1169 500 1240 predestinavit
515 1170 550 1225 ad
572 1170 680 1224 luenda
694 1169 846 1239 supplicia.
864 1192 878 1220 α
902 1170 954 1224 Ubi
1009 1170 1126 1242 quidam
1157 1173 1302 1242 geminam
1326 1172 1398 1227 dixit
1420 1173 1563 1240 arborem,
1588 1191 1647 1229 uon
1670 1177 1741 1231 duas
1762 1180 1859 1234 volens

108 1275 224 1329 prorsus
245 1265 400 1330 utrumque
422 1259 490 1313 satis
507 1263 604 1330 aperte
628 1259 744 1325 latetur,
771 1263 799 1312 et
824 1259 955 1328 reprobis
1008 1259 1142 1330 intelligi,
1165 1260 1214 1314 sed
1232 1277 1329 1328 unam,
1345 1266 1375 1314 et
1396 1262 1470 1315 alius
1484 1262 1654 1333 qualitatem
1670 1264 1797 1319 nominis
1811 1266 1859 1320 bi-

108 1347 240 1401 videlicet
264 1347 481 1417 praedestinatas
500 1361 561 1401 esse
575 1361 685 1418 poenas,
704 1350 733 1400 et
751 1346 815 1400 illos
830 1346 953 1401 vicissim
1008 1348 1153 1420 partitam,
1180 1353 1208 1403 et
1232 1349 1431 1404 universorum
1457 1352 1563 1420 pedum
1588 1352 1694 1407 trinam
1718 1355 1857 1409 conditio·

108 1436 325 1507 praedestinatos
340 1435 375 1489 ad
391 1451 448 1489 eas.
474 1435 554 1490 Unde
569 1435 708 1510 nimirum
723 1434 953 1503 catholicissime,
1009 1453 1086 1500 nem,
1101 1442 1130 1491 et
1150 1437 1252 1492 tertius
1275 1454 1356 1508 aeque
1380 1440 1491 1509 peritus
1516 1441 1689 1511 Priscianus,
1705 1458 1793 1513 quam
1810 1443 1858 1499 ille
1950 1486 1961 1499 2

110 1539 220 1578 necnon
243 1531 272 1578 ct
294 1523 489 1594 copiosissime
513 1523 669 1594 disputavit
685 1525 713 1578 in
738 1531 849 1594 septem
874 1525 954 1579 libris
1008 1525 1120 1580 dixerat
1135 1526 1252 1594 trinam,
1266 1527 1398 1595 exposuit
1413 1527 1598 1598 tripartitam.

107 1619 203 1668 contra
239 1612 311 1668 duos
342 1613 436 1666 Fausti
464 1612 590 1667 haretici
622 1613 776 1667 Lirinensis
806 1614 952 1684 quondam
1047 1614 1858 1687 Necsanecuiquampiesapientiumvideridehetab·

108 1702 250 1768 monachi,
291 1701 431 1773 Regeusis
462 1703 646 1772 postmodnm
680 1702 824 1772 episcopi:
866 1719 953 1774 quem
974 1675 1139 1764 13surdum,
1158 1701 1179 1754 si
1193 1702 1310 1771 gemina
1323 1702 1539 1772 predestinatio
1556 1704 1696 1774 creditur,
1712 1712 1741 1762 et
1753 1723 1858 1778 cogno-

107 1789 227 1845 convicit
242 1790 320 1844 ideui
345 1790 446 1844 doctor
464 1789 643 1856 mirabiliter,
659 1790 850 1861 contrivitque
873 1807 952 1844 com·
1007 1789 1106 1853 scitur,
1123 1793 1151 1842 et
1174 1789 1373 1843 incunctanter
1396 1807 1458 1845 essa
1482 1785 1588 1846 dicitur
1609 1794 1684 1863 apud
1708 1799 1737 1849 te
1758 1796 1857 1850 Domi-

107 1884 202 1933 menta
225 1877 344 1943 diaboli,
375 1883 405 1932 et
427 1894 492 1932 cum
517 1877 581 1931 aliis
606 1876 825 1948 quatuordecim
849 1874 953 1928 sanctis
1007 1892 1077 1931 num
1093 1884 1223 1933 nostrum
1240 1879 1410 1934 naturaliter
1430 1879 1549 1951 quidam
1575 1897 1675 1947 unum,
1702 1883 1751 1937 sed
1771 1884 1856 1938 simul

107 1967 279 2039 coepiscopis
312 1967 380 2031 suis,
412 1966 449 2019 ab
483 1965 605 2019 Ecclesia
638 1965 741 2020 Christi
774 1964 889 2036 repulit,
925 1967 953 2017 et
1007 1965 1091 2019 etiam
1105 1965 1295 2035 personaliter
1309 1967 1503 2039 trinum:qui
1523 1974 1598 2023 certe
1611 1971 1769 2025 sectandum
1785 1972 1857 2027 hanc

107 2057 263 2111 eliminavit
285 2056 449 2111 lethiferum
475 2059 553 2109 virus
577 2054 752 2109 Antichristi.
783 2055 901 2109 Necnon
924 2057 953 2107 et
1007 2053 1153 2124 geminam
1180 2054 1466 2125 predestinationem
1491 2061 1569 2111 tuam
1599 2058 1856 2128 (quemadmodum

106 2146 193 2200 tribus
216 2145 281 2198 aliis
300 2144 336 2199 de
358 2145 475 2199 veritate
499 2143 756 2215 predestinationis
789 2149 818 2198 et
842 2142 950 2214 gratiae.
1007 2142 1183 2211 Augustinus
1198 2148 1265 2197 tuus
1288 2143 1412 2198 tideliter
1431 2143 1531 2213 crodit,
1552 2150 1581 2200 et
1601 2145 1723 2200 fidenter
1747 2149 1856 2217 asserit)

106 2233 157 2288 Sed
176 2234 252 2288 etin
271 2250 329 2288 uno
345 2234 404 2298 illo,
422 2249 510 2304 quem
524 2238 618 2287 totum
643 2248 729 2303 super
752 2233 805 2287 hac
824 2237 950 2287 tantum-
1006 2229 1494 2301 bonusesiubeneficiocertorum,
1508 2235 1642 2304 justnsin
1653 2235 1794 2306 supplicio
1805 2251 1857 2290 ca·

107 2323 188 2377 modo
226 2323 386 2394 quaestione
414 2322 449 2376 ad
473 2321 631 2377 hlonimum
658 2320 725 2375 hinc
754 2320 951 2375 consulentem
1006 2323 1144 2373 terarum.
1162 2320 1194 2374 Et
1208 2320 1337 2390 insuper,
1355 2326 1386 2376 ut
1401 2321 1552 2392 profitetur
1566 2329 1786 2394 cousequenter,
1802 2325 1854 2380 bo·

106 2410 287 2476 cognoscitur
301 2411 432 2465 edidisse.
1007 2423 1061 2460 nus
1075 2423 1105 2461 cs
1118 2408 1149 2461 in
1165 2408 1308 2474 omnibus,
1324 2410 1461 2481 quoniam
1475 2411 1584 2465 bonum
1596 2416 1713 2467 estcum
1727 2413 1855 2468 debitum

139 2499 288 2553 Gloriosus
302 2514 418 2570 qnoque
433 2498 585 2567 Gregorius
610 2498 703 2567 (cujvis
723 2497 790 2551 inde
807 2496 953 2567 aliquanta
1006 2496 1153 2550 redditur:
1170 2497 1205 2550 Et
1215 2497 1310 2566 justus
1327 2499 1357 2551 in
1372 2499 1518 2566 omuibus,
1535 2499 1672 2570 quoniam
1684 2501 1794 2571 justum
1813 2508 1856 2558 est

103 2588 160 2658 jam
175 2588 287 2643 inserui
310 2588 453 2658 superius]
479 2587 574 2641 taliter
592 2587 669 2641 inter
691 2590 794 2639 eoetcra
817 2585 885 2639 iude
909 2591 953 2640 est
1007 2602 1072 2640 cum
1097 2585 1228 2640 debitum
1248 2587 1309 2640 sine
1329 2589 1499 2659 cujusquam
1519 2589 1619 2644 fraude
1636 2588 1769 2645 donatur.
1790 2592 1855 2646 llaec
1897 2656 1902 2668 Ι

104 2676 234 2731 locutus:
262 2698 276 2726 a
303 2677 465 2732 Tericbrosa
494 2675 587 2730 hostia
610 2681 680 2729 tunc
708 2674 846 2729 [lominus
869 2673 950 2741 sidit,
1006 2674 1103 2728 omnia
1122 2673 1195 2728 sicut
1219 2674 1266 2729 bic
1290 2674 1354 2746 (tibi
1375 2676 1492 2747 gratias)
1517 2680 1545 2731 et
1567 2678 1652 2731 credo
1674 2677 1855 2732 etcontiteor

104 2782 167 2820 cum
198 2767 325 2820 claustra
356 2764 463 2820 inferni
492 2769 647 2836 penetrans
676 2763 805 2817 crudeles
834 2763 952 2833 spiritus
1006 2762 1124 2833 (gratias
1138 2762 1198 2831 tibi)
1219 2769 1305 2834 prout
1319 2764 1409 2834 gratis
1429 2764 1549 2834 largitus
1572 2781 1602 2818 cs
1623 2764 1705 2820 mihi.
1734 2767 1767 2821 Et
1787 2767 1855 2836 qvvia

103 2853 236 2924 perculit.
256 2859 284 2908 et
304 2854 405 2908 mortis
426 2853 597 2925 praepositos
617 2850 769 2906 moriendo
794 2851 949 2906 damnavit.
1004 2850 1034 2904 in
1051 2850 1118 2918 tuis,
1134 2850 1165 2904 in
1188 2850 1269 2905 libris
1295 2855 1411 2906 tuorum
1427 2852 1535 2907 scilieet
1558 2852 1756 2908 ministrorum
1772 2855 1852 2909 labo·

103 2942 184 3007 Quod
207 2942 325 3009 idcirco,
343 2942 449 3013 inquit,
464 2958 521 2996 non
537 2941 631 2996 adhuc
654 2941 689 2996 de
705 2939 813 3008 lutura,
830 2940 876 2995 sed
890 2940 951 3011 jam
971 2975 991 3032 c
1006 2955 1046 3008 re,
1063 2939 1121 2993 imo
1144 2941 1237 3010 gratia
1257 2944 1308 2995 tua
1332 2940 1469 2994 veraciter
1484 2941 1630 3011 expositis,
1655 2941 1716 2996 haec
1734 2949 1793 2997 ate
1812 2943 1854 2997 di-

103 3033 138 3087 de
151 3032 300 3102 preterito
314 3031 438 3086 dicitur:
463 3030 531 3101 quia
546 3030 689 3102 quidquid
704 3029 834 3084 futurum
848 3033 909 3083 erat
921 3028 952 3083 in
1006 3034 1051 3082 cta
1065 3027 1189 3098 reperio,
1205 3032 1265 3082 tam
1280 3030 1439 3098 perspicuae
1459 3044 1578 3099 prorsus
1593 3031 1721 3084 veritatis
1741 3036 1856 3085 contra-

102 3137 199 3193 opere,
219 3119 356 3175 nimirum
376 3119 568 3190 jam'tactum
590 3125 633 3173 est
656 3116 919 3188 predestinatione.
936 3139 950 3166 υ
1006 3109 1101 3170 dicere
1115 3114 1206 3184 (quod
1220 3113 1306 3185 absit)
1331 3130 1389 3169 non
1413 3116 1516 3169 audeo.
1537 3116 1680 3181 Quoniam
1706 3134 1857 3188 prorsusa

103 3207 192 3263 ltem:
221 3228 235 3256 «ι
258 3206 412 3263 Leviathan
428 3206 476 3261 ille
498 3222 563 3260 cum
579 3205 718 3260 universis
740 3204 878 3259 membris
894 3203 952 3258 suis
1005 3208 1033 3258 tc
1048 3203 1164 3257 veritate
1179 3203 1279 3274 negari
1295 3203 1369 3257 sicut
1384 3203 1511 3257 minatus
1525 3220 1554 3258 es
1570 3209 1712 3272 metuens,
1732 3211 1762 3260 et
1775 3206 1855 3260 illam

103 3296 218 3350 eternis
249 3294 423 3350 cruciatibus
448 3299 490 3350 est
518 3294 682 3366 deputatus.
704 3315 718 3344 »
753 3294 826 3349 ltem
856 3293 951 3364 ipsum
1005 3307 1122 3363 quoquc
1147 3291 1298 3363 repetitam
1320 3291 1400 3346 Pauli
1415 3292 1585 3346 sententiam
1603 3293 1855 3349 vehementissime

102 3401 216 3458 qnoque
231 3385 308 3440 diem
320 3384 423 3455 judicii
442 3384 512 3439 dicit
525 3399 586 3438 essa
599 3383 846 3454 praedestinatum,
862 3397 951 3451 expo·
1004 3379 1104 3434 timeo.
1122 3379 1153 3435 ss·
1168 3381 1231 3449 quis
1252 3380 1328 3435 vobis
1348 3381 1553 3434 annuntiaverit
1576 3385 1761 3451 preterquam
1783 3382 1856 3450 qaod

104 3490 173 3529 nens
186 3474 260 3529 illud
274 3491 307 3528 cx
331 3473 405 3528 libro
425 3474 498 3529 lob:
522 3495 533 3522 ι
559 3474 678 3542 Lampas
700 3475 851 3540 contempta
876 3469 952 3540 opud
1005 3470 1159 3538 accepistis,
1173 3470 1319 3523 anathemo
1333 3471 1368 3524 sit
1378 3467 1453 3538 (Gal.
1472 3486 1492 3537 1,
1508 3471 1544 3539 8).

104 3566 278 3632 cogitationes
297 3563 425 3630 divitum,
439 3567 544 3632 parato
562 3559 601 3616 od
620 3566 724 3629 tempus
738 3564 872 3614 statutum
893 3557 951 3628 (Job
1040 3558 1164 3613 Tantum
1178 3557 1322 3630 siquidem
1338 3558 1446 3613 amoris
1465 3558 1530 3627 tibi,
1556 3558 1675 3614 Domine
1688 3561 1764 3628 lesu,
1781 3559 1855 3613 veri·

104 3666 151 3719 ιιι,
166 3651 208 3723 5),
235 3651 342 3722 inquit,
368 3655 541 3720 contemptae
563 3648 703 3720 lampadis
717 3652 832 3718 tempus
848 3652 949 3702 estex·
1006 3649 1048 3698 tas
1063 3646 1177 3712 invicta,
1200 3647 1406 3718 perpetualiter
1429 3647 1531 3713 debeo,
1555 3652 1588 3702 ut
1611 3648 1855 3720 quemadmodum

107 3741 185 3794 tremi
206 3739 311 3811 judicii
338 3736 559 3808 predestinatus
581 3736 652 3790 dies.
678 3757 692 3785 n
719 3734 839 3790 Sanctus
863 3735 950 3789 etiam
1005 3733 1040 3787 ab
1056 3733 1218 3805 Augustino
1234 3736 1403 3806 perhibetur
1423 3735 1562 3790 veraciter
1572 3741 1631 3803 tuo,
1649 3753 1742 3808 neque
1759 3737 1855 3792 homi·

107 3828 229 3884 isidorus
249 3826 315 3882 inde
331 3826 371 3880 sic
385 3826 472 3881 dicit:
491 3846 505 3875 a
527 3825 648 3880 Gemina
667 3828 711 3879 est
724 3823 951 3894 praedestinatio,
1006 3824 1090 3880 nibus
1107 3824 1237 3895 placendi
1252 3824 1358 3890 studio,
1374 3841 1467 3896 neque
1483 3830 1614 3895 respectu
1634 3826 1854 3883 devitandorum

109 3917 160 3971 sire
186 3916 345 3972 electorum
376 3916 412 3970 ad
441 3914 581 3986 requiem,
609 3913 666 3967 sive
693 3912 882 3983 reproborum
914 3913 951 3967 ad
1005 3912 1201 3985 quorumlibet
1213 3911 1471 3980 incommodorum,
1486 3913 1658 3984 detorquear
1671 3916 1760 3986 (quod
1771 3915 1854 3987 absit)

109 4010 234 4060 nomm.
249 4025 264 4056 a
282 4005 344 4058 Non
369 4003 448 4059 enim
465 4004 515 4069 ait,
530 4002 595 4057 dum
610 4006 687 4068 siant,
701 4002 768 4073 quia
783 4017 842 4055 non
861 4007 949 4056 sunt:
1006 4017 1113 4057 avaro.
1138 4030 1173 4040 -
1197 4001 1230 4055 Et
1252 4004 1285 4055 ut
1307 4000 1409 4055 heatus
1432 4001 1519 4056 etiam
1542 4001 1624 4056 docet
1645 4003 1800 4073 Gregorius
1824 4004 1854 4058 in

110 4093 161 4161 ted,
182 4093 310 4165 gemina,
333 4092 364 4148 id
388 4097 430 4147 est
454 4092 609 4163 bipartita:
630 4090 698 4162 quia
715 4090 804 4144 semel
826 4095 867 4156 tu,
893 4090 947 4144 Do·
1006 4094 1148 4162 quantum
1172 4089 1233 4144 sine
1253 4094 1368 4159 peccato
1384 4090 1527 4159 possimus
1541 4091 1632 4146 vitare
1653 4091 1853 4162 proximorum

111 4182 191 4252 uine,
206 4182 320 4237 locutus
343 4197 392 4236 es:
420 4180 544 4252 qualiter
559 4196 616 4234 nna
640 4178 768 4250 quidem,
786 4177 835 4232 sed
854 4183 951 4232 tamen
1005 4179 1149 4244 scandala,
1165 4176 1318 4243 debemus;
1342 4177 1366 4231 si
1385 4183 1482 4232 autem
1498 4178 1532 4233 de
1547 4178 1667 4234 varitate
1688 4180 1854 4236 scandalum

112 4271 218 4339 gemina
233 4269 489 4341 predestinatione
505 4273 533 4323 et
543 4268 646 4323 electos
660 4265 903 4338 gratisjustilices,
919 4281 952 4322 ac
970 4266 1140 4335 Dsuvnitur,
1163 4264 1263 4319 utilius
1278 4264 1455 4337 permittitur
1478 4265 1557 4322 nasci
1573 4267 1752 4338 scandalum,
1767 4285 1854 4342 quam

114 4359 244 4430 perpetim
258 4359 361 4425 salves,
382 4363 412 4412 et
429 4357 566 4429 reprobos
585 4372 700 4428 quoque
715 4353 817 4409 merito
832 4354 949 4417 refutes,
1003 4355 1108 4410 veritas
1122 4355 1311 4425 relinquatur.
1325 4384 1360 4394 —
1374 4357 1430 4410 Nec
1441 4371 1508 4410 sanc
1520 4356 1718 4430 cujuscunque
1731 4374 1855 4431 persona

113 4446 234 4520 justeque
257 4447 443 4502 condemnes.
475 4469 486 4496 ι
524 4446 563 4514 Et,
596 4445 670 4500 sicut
698 4444 879 4516 supradictus
911 4444 951 4498 ait
1004 4448 1103 4498 contra
1127 4442 1291 4515 recipienda
1315 4444 1401 4498 mado
1417 4443 1547 4515 quolibet
1565 4446 1718 4517 excipitur,
1737 4448 1853 4518 quando

117 4533 265 4608 Gregorius,
290 4536 362 4591 alios
385 4534 541 4607 respiciens
564 4534 700 4600 redimas,
724 4533 794 4588 alios
817 4533 950 4588 deserens
1004 4532 1049 4586 vel
1064 4533 1244 4602 Augustinus
1260 4532 1305 4586 vel
1324 4535 1478 4602 Apostolus
1495 4534 1679 4600 annuntians,
1699 4537 1789 4607 ipsius
1804 4554 1853 4592 ore

117 4625 212 4691 perdas.
227 4645 243 4675 n
1004 4620 1132 4690 Apostoli
1148 4621 1329 4674 anathemate
1344 4620 1433 4690 digno
1448 4622 1623 4691 percellitur.
1642 4624 1676 4678 Ut
1690 4624 1767 4679 enim
1778 4641 1853 4697 prae-

140 4712 201 4770 'lale
215 4719 258 4769 est
273 4718 371 4769 autem
385 4711 576 4785 quoddicitur
589 4709 805 4783 praedestinatio
823 4709 950 4782 gemina,
1004 4710 1097 4763 dietus
1119 4709 1274 4780 Gregorius
1298 4708 1438 4763 veraciter
1459 4709 1583 4766 fatetur:
1607 4712 1676 4766 dum
1699 4714 1774 4767 salva
1796 4715 1852 4769 lide

119 4795 139 4852 in
162 4802 264 4857 electos
291 4802 420 4857 videlicet
443 4805 471 4855 st
495 4799 629 4871 reprobos
653 4799 798 4870 bipartita,
825 4813 890 4852 cum
915 4798 951 4853 sit
1005 4813 1050 4853 res
1065 4797 1170 4869 agitur,
1188 4796 1299 4852 virtutis
1317 4801 1359 4851 est
1374 4797 1521 4865 meritum,
1538 4799 1562 4853 si
1581 4800 1723 4872 quidquid
1747 4801 1852 4872 prioris

118 4889 249 4958 tna,licet
273 4891 312 4946 sit
338 4891 441 4962 dupla;
469 4890 554 4961 quale
583 4893 626 4944 est
651 4888 729 4960 quod
749 4888 951 4959 trequentera
1004 4886 1209 4941 esttoleratur.
1231 4885 1367 4957 Alioquin
1391 4886 1494 4942 silleri
1518 4894 1615 4959 posset
1634 4889 1738 4943 millies
1757 4889 1851 4959 potius

119 4973 184 5034 heato
205 4980 378 5052 Augustino,
404 4986 433 5035 et
453 4978 563 5033 caeteris
587 4977 720 5033 Patribus
736 4976 841 5032 dicitur
855 4975 948 5031 chari·
1004 4991 1056 5046 pro
1078 4973 1198 5029 veritate
1214 4973 1349 5028 deberem
1364 4991 1481 5046 prorsus
1505 4982 1533 5031 et
1547 4985 1677 5047 optarem
1697 4976 1851 5032 occumbe-

119 5066 149 5119 tas
167 5070 209 5124 vet
232 5069 347 5124 dilectio
371 5067 496 5138 gemina,
515 5082 580 5122 curn
601 5066 699 5137 utiquc
716 5081 774 5119 non
797 5063 854 5118 siut
872 5064 947 5132 duae,
1004 5079 1045 5130 rc,
1061 5078 1149 5134 quam
1162 5062 1249 5116 semel
1271 5064 1361 5134 (quod
1376 5064 1462 5133 absit)
1476 5065 1594 5120 cuilibet
1609 5082 1688 5120 secus
1708 5065 1848 5135 loquenti,

118 5154 319 5222 adunationi
343 5156 608 5228 propterlteumet
626 5153 790 5226 proximum
810 5152 948 5207 sitellam
1003 5152 1130 5206 cedendo
1160 5153 1365 5208 succumbere:
1396 5153 1473 5208 iltius
1498 5153 1631 5210 videlicet
1659 5160 1715 5208 tuac
1740 5169 1852 5210 memor

118 5239 199 5313 dupla.
218 5245 306 5310 Quale
320 5250 364 5299 est
384 5249 414 5300 et
427 5244 496 5299 illud
512 5243 604 5299 Patris
625 5241 789 5313 Augustini,
807 5241 883 5313 quod
904 5241 948 5295 di·
1003 5239 1151 5294 scientiae:
1178 5242 1231 5307 Qui
1244 5258 1286 5296 sne
1309 5243 1446 5309 consessus
1468 5244 1555 5310 suerat
1574 5258 1664 5298 coram
1686 5244 1849 5311 hominibus,

117 5330 145 5383 cit
165 5332 332 5405 bipartitum
357 5349 418 5390 esse
443 5349 516 5405 opus
540 5332 611 5401 Dei:
638 5331 788 5403 geminum
815 5329 949 5384 videlicet
1003 5328 1145 5396 confitebor
1171 5332 1196 5382 et
1216 5344 1263 5396 eoo
1290 5345 1350 5384 cum
1375 5347 1464 5386 coram
1491 5334 1573 5387 Patre
1598 5346 1665 5398 meo,
1686 5336 1734 5401 qut
1758 5339 1798 5389 est
1822 5340 1850 5390 in

117 5421 200 5477 volens
215 5422 349 5494 intelligi,
362 5427 391 5477 et
404 5422 482 5494 quod
496 5420 736 5494 quadripartitus,
751 5418 787 5473 ab
801 5419 863 5489 ipso
879 5435 950 5490 quo·
1003 5418 1073 5471 coetis
1090 5417 1198 5485 (diruti.
1214 5434 1242 5483 x,
1256 5419 1309 5488 32).

113 5525 161 5581 que
181 5511 285 5567 dicitur
304 5513 438 5566 mundus.
456 5512 517 5566 Non
532 5515 656 5581 quatuor
670 5514 777 5570 tamen,
795 5507 842 5561 sed
862 5523 948 5574 nnus,
1038 5506 1187 5576 Simulque
1204 5507 1279 5560 illius
1292 5522 1407 5578 quoquc
1423 5507 1562 5562 memini:
1583 5511 1620 5567 Ne
1635 5513 1850 5578 transgredieris
