3930 6098
175 297 211 350 'll
754 279 934 341 uetulum
951 276 1183 338 couenlensls
1198 276 1355 336 ltonlcrfl
1898 282 1933 336 80

176 439 294 498 poenam
309 421 404 478 subire
420 419 616 476 merebantur.
635 417 707 474 liam
727 416 763 472 de
778 415 884 488 quibus
898 413 937 469 eit
952 412 1060 485 Apo-l
1079 428 1143 468 sum
1159 416 1203 468 est
1216 413 1252 468 de
1268 413 1326 467 [leo
1341 411 1446 467 sentire
1462 410 1537 483 quod
1550 432 1564 462 ι(
1579 410 1647 467 lecit
1661 426 1726 484 quie
1740 411 1839 468 lutura
1866 417 1933 468 sunt

178 514 270 568 stolus
294 509 370 582 quod
396 527 411 561 ι
438 507 508 580 qnia
538 506 689 563 veritatem
709 521 769 559 non
795 506 976 575 receperunt,
1001 506 1034 556 ut
1088 503 1154 570 (lso.
1170 517 1230 569 ιιι,
1256 501 1416 574 ll):»et:
1436 501 1663 573 «nagnnopora
1687 501 1812 570 Domini,
1830 502 1933 575 exqui-

178 600 251 656 salvi
267 599 381 666 tierent,
398 596 462 653 ideo
476 595 573 651 millet
592 594 649 649 illis
667 595 742 650 Deus
756 593 953 665 operationem
973 607 1032 646 er··
1086 591 1139 645 sita
1154 590 1295 645 inomnes
1310 591 1471 645 voluntates
1487 590 1548 661 ejus
1567 612 1577 639 ι
1596 590 1683 662 (Psoi.
1699 607 1740 659 cx,
1755 590 1800 660 ι);
1816 596 1844 646 ει
1859 592 1933 647 Ρεει-

180 688 268 759 roris,
296 695 328 743 ut
353 687 472 742 credaut
495 683 664 752 mendacio;
682 688 713 737 ιιι
724 683 892 754 judicentur
918 697 1029 760 omnes,
1085 679 1194 735 mista:
1225 679 1349 735 «Semel
1375 679 1487 734 locutus
1501 683 1544 734 est
1563 680 1647 748 Deus,
1675 679 1757 751 (Psot.
1783 697 1837 746 uxr,
1859 683 1901 736 lt.
1917 702 1931 729 »

179 777 304 850 quinon
324 774 510 831 crediderunt
533 772 662 839 veritati3
678 771 728 826 sed
749 773 956 826 consenserunt
974 768 1030 823 ini·
1084 767 1119 821 Et
1133 768 1235 824 beatus
1248 768 1326 835 lob:
1354 790 1368 818 n
1383 768 1476 824 Semel
1502 767 1631 840 loquitur
1655 770 1739 837 Deus,
1756 773 1786 824 ει
1806 770 1931 825 secundo

177 864 283 938 quitati
298 865 336 933 (ll
353 864 443 919 Tbess.
461 860 529 933 ul.»
545 861 644 916 Nonne
659 860 713 916 bos
729 875 829 915 omnes
843 863 872 915 ει
886 857 1031 929 prescitos
1084 855 1113 912 id
1138 856 1234 928 ipsum
1260 873 1318 912 non
1339 857 1444 929 repetit
1474 856 1532 929 (lob
1557 873 1654 925 xxxin,
1684 857 1737 930 rt).
1755 880 1769 908 ι
1797 859 1831 914 ll
1861 875 1930 914 san-

179 969 241 1009 esse
273 953 386 1006 constet
408 950 501 1005 malos
517 949 640 1017 futuros,
656 951 685 1002 et
708 962 765 1002 nou
793 945 931 1018 ignorari,
952 943 1030 1018 quod
1083 949 1196 1001 ctorum
1225 946 1366 1002 sententia
1391 950 1434 1001 est
1461 945 1682 1013 catholicorum,
1701 946 1930 1018 predestinatio-

181 1042 216 1098 ad
234 1044 339 1096 sortem
355 1039 520 1110 pertineant
534 1035 760 1093 damnatorum?
774 1034 857 1100 Quod
871 1034 894 1088 si
904 1035 937 1090 ad
952 1034 1029 1089 dam·
1083 1049 1150 1089 nem
1162 1050 1223 1089 esse
1245 1050 1365 1106 operum
1390 1034 1440 1090 Dei
1455 1038 1592 1090 eternam
1607 1034 1835 1107 dispositionem,
1852 1036 1930 1090 unde

179 1135 314 1186 natorum
333 1133 439 1183 sortem
454 1126 611 1198 pertinent,
631 1142 727 1181 nonne
755 1124 791 1180 ed
811 1139 875 1179 eam
898 1121 1029 1195 deputati
1082 1123 1151 1194 quia
1165 1139 1345 1196 quecunque
1359 1123 1486 1179 lecturus
1504 1128 1548 1179 est
1567 1125 1652 1191 Deus,
1664 1122 1694 1179 iu
1708 1128 1815 1180 eterno
1829 1125 1931 1197 judicii

179 1217 266 1275 sunt?
279 1222 309 1273 ει
322 1217 346 1271 si
360 1216 397 1272 ed
408 1215 488 1272 illem
501 1215 631 1288 deputati
643 1218 720 1283 sunt,
740 1229 839 1269 nonne
854 1211 938 1268 etiam
951 1228 1028 1284 proe-
1081 1211 1127 1267 ani
1158 1211 1277 1268 oonsilio
1304 1213 1365 1284 jam
1404 1213 1576 1284 dispositum
1600 1213 1711 1269 habet:
1743 1214 1874 1286 sequitur
1899 1219 1932 1268 ιιι

178 1305 412 1365 destinetisnntl
430 1307 494 1362 Non
518 1303 733 1361 tamenidcirco
749 1302 817 1377 quia
831 1301 1027 1374 praedestinati
1082 1316 1170 1372 opera
1196 1301 1248 1357 Dei
1271 1300 1404 1356 universa
1427 1301 1484 1356 sint
1509 1301 1722 1374 predestinata.
1751 1303 1932 1375 Quapropter

178 1401 333 1469 propterea
349 1394 516 1464 damnandi,
542 1394 616 1449 sicut
643 1409 702 1450 nen
718 1398 871 1465 propterea
891 1390 959 1446 mali
982 1390 1026 1445 lu·
1081 1404 1146 1445 cum
1163 1389 1269 1446 dicitur
1291 1389 1326 1445 de
1342 1390 1435 1458 malis,
1460 1390 1529 1463 quia
1553 1391 1590 1446 ed
1614 1407 1713 1463 poenss
1734 1390 1932 1463 predestinati

178 1485 236 1541 turi
258 1490 335 1553 sunt,
364 1484 433 1556 quia
461 1485 516 1540 hoc
543 1500 592 1539 eos
614 1483 726 1539 futuros
747 1480 957 1553 prescientiam
976 1478 1026 1535 Dei
1080 1482 1163 1546 sunt3
1187 1479 1242 1533 hoc
1268 1478 1396 1534 dicitnr:
1423 1479 1491 1550 quie
1522 1479 1596 1533 Deus
1625 1484 1734 1535 secreto
1752 1480 1929 1551 judiciorum

178 1588 238 1628 non
273 1573 352 1628 latet.
384 1572 602 1627 Damnebuntur
629 1570 707 1625 enim
736 1573 854 1641 propter
884 1567 1026 1623 malitiam
1079 1582 1199 1622 suorum
1219 1572 1397 1622 sacramento
1426 1567 1599 1638 dispositum
1623 1568 1719 1635 hebet,
1740 1568 1811 1640 quid
1828 1568 1863 1623 de
1886 1568 1932 1624 his

179 1678 272 1729 suam,
288 1677 348 1717 non
361 1665 480 1732 propter
501 1660 552 1715 [lei
566 1658 860 1732 predestinationem.
880 1655 1026 1722 Quemad-
1079 1655 1207 1711 lecturus
1222 1655 1268 1710 sit.
1288 1657 1351 1710 Non
1366 1662 1409 1710 est
1424 1655 1514 1727 igilur
1526 1655 1633 1711 dirinae
1653 1656 1860 1728 dispensationi
1884 1674 1932 1712 re·

179 1747 297 1802 modum
321 1745 391 1800 mali
415 1745 505 1800 futuri
528 1747 595 1799 sunt
622 1748 776 1816 propterea
792 1743 868 1815 quod
897 1742 950 1796 hoc
965 1734 1062 1796 esseB
1081 1761 1225 1817 pugnans,
1242 1744 1266 1799 si
1286 1744 1356 1799 mali
1371 1745 1507 1800 dicuutur
1521 1761 1582 1800 esse
1598 1745 1796 1817 predestinati
1813 1746 1848 1801 ad
1870 1762 1931 1818 pm·

178 1833 306 1906 propriae
330 1831 487 1887 volrrntalis
508 1831 627 1887 arbitrio
641 1833 787 1903 elegerant
802 1847 808 1886 :
826 1846 884 1884 non
907 1834 1027 1901 propter
1080 1848 1158 1903 nam,
1173 1833 1309 1905 quoniam
1324 1833 1542 1904 praedestinatio
1564 1838 1738 1905 estoperum
1753 1834 1813 1902 Dei,
1827 1835 1856 1889 in
1873 1834 1933 1906 qui.

179 1923 306 1978 divinam
321 1921 542 1994 prescientiam.
556 1921 638 1986 Quod
654 1921 677 1974 si
700 1919 911 1992 praescientiam
934 1919 1027 1974 malo·
1081 1923 1135 1978 bns
1147 1921 1282 1994 oporibus
1297 1921 1346 1977 Dei
1361 1921 1447 1977 etiam
1458 1922 1600 1994 judicium
1612 1922 1784 1994 dispositum
1808 1939 1865 1994 qno
1882 1924 1931 1993 ju·

179 2027 256 2081 rum,
276 2025 334 2065 non
360 2015 457 2066 autem
473 2009 759 2081 predestinauonsm
785 2008 939 2081 quisquam
966 2023 1027 2064 esse
1081 2009 1196 2067 dicandi
1210 2014 1278 2066 suut
1296 2010 1420 2082 reprobi.
1444 2010 1563 2082 Egimus
1584 2010 1685 2082 igitur,
1710 2015 1742 2065 ut
1765 2011 1928 2082 potuimus3

101 2134 111 2145 -
179 2099 370 2165 contenderit,
392 2098 523 2170 eoquod
549 2097 691 2170 quidquid
717 2096 952 2169 predestinatum
974 2100 1027 2168 est,
1082 2098 1327 2170 quemadmodum
1342 2098 1556 2171 praedestinatio
1576 2116 1634 2172 qua
1649 2100 1783 2156 dicuntur
1792 2100 1886 2172 iniqui
1894 2100 1930 2155 ad

180 2202 295 2242 necesse
308 2189 352 2241 εει
365 2189 397 2241 ut
416 2185 486 2253 fiat3
505 2184 559 2240 boc
574 2183 661 2240 etiam
674 2187 703 2239 et
721 2184 755 2239 de
767 2184 948 2255 prescientia
962 2199 1027 2239 sen·
1081 2203 1181 2262 poenas
1204 2187 1334 2259 deputati
1359 2203 1419 2242 non
1447 2188 1613 2244 necessitate
1635 2189 1730 2261 eliqua
1755 2189 1934 2260 constringat

179 2275 311 2331 tiendum
330 2278 381 2330 est.
405 2273 551 2346 Quidquid
568 2273 645 2328 enim
666 2274 780 2345 prescit
798 2272 883 2342 Deus,
898 2272 1028 2329 loturum
1082 2293 1131 2333 eos
1145 2276 1180 2332 ad
1193 2292 1308 2348 penam
1325 2293 1332 2333 ε
1349 2277 1399 2333 sed
1413 2277 1464 2332 tali
1476 2277 1620 2333 locutione
1635 2277 1758 2349 exprimi
1767 2278 1932 2334 divinorum

180 2365 242 2420 sine
257 2363 346 2421 dubio
359 2363 424 2431 erit,
445 2379 497 2418 nec
514 2363 599 2419 aliter
614 2363 670 2418 erit
685 2362 934 2435 quemadmodum
952 2378 1028 2434 prae-
1083 2381 1204 2437 operum
1218 2364 1438 2422 ordinationem.
1457 2367 1490 2421 Ει
1502 2365 1570 2438 quia
1594 2366 1728 2437 superius
1756 2367 1933 2422 ostendimus

180 2454 282 2510 scitum
298 2457 351 2524 est,
368 2452 507 2526 quoniam
523 2451 547 2507 si
561 2468 629 2508 rere
657 2455 710 2519 est,
725 2450 906 2523 prescientia
929 2455 981 2520 εει,
1006 2451 1028 2506 si
1083 2459 1247 2511 sauctorum
1262 2454 1348 2521 dicta,
1364 2453 1469 2526 quibus
1485 2454 1555 2509 mali
1574 2454 1769 2527 predestinati
1798 2454 1934 2510 dicuntur

181 2559 248 2599 vero
263 2558 320 2597 non
333 2547 378 2598 est
391 2558 534 2613 rera,non
548 2541 787 2613 estprescientia.
800 2541 1030 2613 Quadcrequid·
1083 2544 1120 2600 ad
1134 2559 1243 2617 poenas,
1261 2543 1392 2615 quisquis
1410 2542 1696 2614 praedestinationem
1721 2543 1865 2612 malorum
1882 2545 1932 2599 ab·

181 2632 251 2704 quid
268 2633 344 2688 lleus
360 2631 474 2705 praescit
487 2631 651 2687 laciendum
671 2630 727 2687 erit
749 2630 811 2686 sine
833 2630 932 2700 dubio,
949 2634 978 2686 ει
990 2630 1030 2686 sic
1083 2638 1181 2706 negat,
1202 2649 1259 2688 non
1279 2633 1372 2703 nobis,
1388 2632 1503 2687 sediliis
1527 2648 1652 2704 quorum
1668 2632 1818 2703 sequimur
1832 2638 1931 2689 ancto-

181 2722 236 2777 erit
249 2720 496 2793 quemadmodum
520 2719 681 2792 prescitur.
699 2722 789 2786 Quem
804 2734 930 2791 namque
952 2735 1031 2791 pre·
1084 2722 1199 2778 ritatem
1229 2720 1404 2777 contradicit.
1426 2721 1466 2776 Ne
1487 2737 1541 2775 nos
1555 2721 1586 2776 in
1613 2721 1727 2792 culpam
1747 2720 1813 2776 ideo
1837 2721 1933 2777 traha·

181 2809 235 2866 scit
258 2809 295 2865 de
309 2824 431 2868 numero
444 2809 601 2865 electorum
626 2824 698 2877 esse,
729 2807 754 2862 is
773 2808 828 2864 erit
850 2807 913 2863 sine
942 2807 1030 2863 dubio
1085 2827 1161 2877 mur,
1180 2809 1204 2865 si
1223 2814 1389 2865 sanctorum
1413 2810 1610 2865 auctoritatem
1635 2810 1793 2882 sequimur.
1809 2810 1838 2865 Si
1853 2810 1932 2866 euim

181 2900 308 2955 electus:
325 2914 410 2972 quern
427 2913 494 2954 vero
508 2897 622 2969 pressit
633 2897 669 2953 de
691 2912 813 2952 numero
830 2896 1030 2968 reproborum,
1085 2900 1162 2972 quod
1172 2899 1215 2955 illi
1230 2899 1329 2955 dicunt
1342 2898 1516 2955 catholicum
1531 2903 1583 2967 est,
1603 2916 1656 2955 nec
1672 2915 1836 2972 repugnans
1848 2905 1933 2956 recte

181 2988 237 3044 erit
259 2988 321 3043 sine
336 2988 426 3044 dubio
456 2988 607 3060 reprobus.
635 2988 819 3058 Quapropter
837 2986 974 3058 quoniam
1002 2989 1032 3041 ει
1084 2987 1175 3044 fidei:
1196 3002 1249 3042 nos
1264 3002 1381 3060 quoque
1396 3003 1454 3042 non
1469 3004 1485 3042 a
1498 2987 1646 3043 catholicae
1667 2988 1735 3044 lidei
1759 2988 1932 3043 rectitudine

180 3077 233 3132 bos
252 3082 280 3134 et
298 3076 363 3133 illos
383 3077 442 3148 jem
460 3077 523 3145 scit,
547 3080 576 3132 ει
595 3076 632 3132 eb
654 3075 739 3131 initio
760 3074 857 3131 seculi
875 3075 1028 3148 prescivit,
1084 3077 1244 3149 discrepare
1263 3075 1437 3147 judicemur,
1467 3076 1490 3131 si
1510 3076 1564 3132 hoc
1578 3076 1699 3132 dicimus
1721 3082 1749 3132 ει
1763 3077 1931 3144 sentiamus,

180 3166 225 3222 illi
241 3171 328 3222 erunt
346 3166 442 3236 electi,
461 3182 535 3239 quos
558 3167 662 3221 electos
689 3181 750 3220 esse
767 3164 922 3238 prescivit,
939 3169 968 3221 et
988 3164 1030 3220 illi
1086 3165 1164 3238 quod
1179 3165 1222 3220 illi
1250 3165 1385 3221 dixerunt
1406 3170 1434 3221 ει
1455 3171 1623 3233 εειιεειιιιιι;
1645 3166 1763 3221 illorum
1781 3167 1859 3221 enim
1876 3165 1932 3221 do-

181 3255 309 3328 reprobi.
325 3271 398 3328 qnos
412 3255 545 3311 simililer
570 3255 711 3327 reprobos
732 3269 794 3308 esse
820 3252 974 3325 prescivit,
1003 3258 1032 3308 ει
1084 3255 1176 3311 ctrina
1190 3253 1260 3311 fides
1279 3253 1626 3322 ecclesiasticamuuitur;
1648 3259 1677 3311 et
1690 3271 1752 3322 uos,
1779 3255 1830 3326 qui
1855 3254 1932 3310 intra

182 3345 244 3401 noti
259 3348 326 3399 sunt
340 3345 410 3410 lieo,
421 3342 531 3398 ethiet
544 3341 598 3397 illi.
612 3343 674 3408 Qua
683 3343 719 3397 de
735 3358 766 3397 re
782 3341 805 3396 si
816 3340 1030 3413 praedestinatio
1084 3343 1179 3400 sinum
1194 3343 1327 3398 Ecclesiae
1349 3344 1541 3414 continemur,
1557 3344 1722 3400 deillorum
1751 3343 1931 3399 institutione

181 3435 335 3507 propterea
347 3431 516 3502 refugienda
531 3434 584 3500 est,
599 3430 667 3502 qaia
681 3429 824 3505 quidquid
843 3428 1031 3502 predestine·
1083 3432 1253 3496 imbuimur,
1270 3449 1321 3487 nec
1334 3432 1412 3489 aliud
1426 3433 1532 3488 sentire
1546 3433 1760 3506 presumimus,
1776 3432 1832 3488 nisi
1853 3430 1931 3505 quod

181 3528 245 3577 tum
259 3524 304 3575 εει
315 3517 497 3575 immutabile
508 3518 568 3590 lest,
585 3517 756 3591 refugienda
770 3517 950 3590 prescientia
976 3521 1029 3586 est,
1084 3520 1129 3577 illi
1144 3536 1196 3577 nos
1211 3520 1409 3590 instituerunt,
1426 3538 1478 3578 nec
1505 3522 1562 3577 alio
1586 3523 1639 3590 ire,
1658 3523 1714 3578 nisi
1730 3538 1786 3594 qno
1810 3521 1930 3587 ducunt,

181 3609 249 3682 qnia
263 3606 405 3680 quidquid
427 3607 592 3679 praescitum
611 3611 655 3663 est
675 3606 855 3663 immutabile
871 3611 924 3662 est.
947 3606 1030 3673 Quod
1085 3627 1137 3666 nec
1159 3611 1255 3668 dicere
1275 3611 1364 3681 alind,
1381 3612 1437 3668 nisi
1453 3612 1530 3686 qriod
1552 3611 1596 3668 illi
1607 3613 1716 3668 dicunt.
1730 3612 1781 3669 llis
1795 3612 1835 3667 ita
1848 3612 1931 3667 obse·

182 3697 206 3753 si
227 3695 409 3769 prescientia
429 3694 649 3752 omniscientem
670 3695 721 3752 Dei
744 3695 938 3768 cognitionem
960 3696 1030 3752 insi·
1084 3716 1197 3757 cramus
1207 3700 1415 3773 magnitudinis
1427 3704 1526 3757 vestre
1537 3701 1685 3774 pietatem,
1701 3701 1802 3756 ulhaec
1813 3700 1931 3773 scripta,

98 3797 103 3806 ⁷
181 3791 262 3853 nuel,
290 3801 350 3842 uon
380 3789 476 3842 autem
505 3785 632 3857 aliquem
654 3785 689 3842 ad
713 3790 862 3857 peccatum
890 3786 978 3858 cogit,
1002 3789 1031 3841 et
1083 3788 1107 3845 si
1122 3789 1268 3860 sapientie
1283 3794 1384 3846 vestrm
1403 3806 1462 3845 non
1480 3790 1691 3862 displicuerint,
1711 3805 1799 3862 penes
1815 3788 1933 3844 rosha-

181 3874 398 3948 praedestinatio
420 3889 542 3946 operum
571 3873 736 3930 divinornm
756 3875 1030 3945 praeordinationem
1083 3876 1216 3944 beantur,
1236 3892 1290 3932 nec
1311 3876 1341 3932 iu
1362 3875 1510 3949 publicum
1525 3876 1716 3949 proferantur,
1736 3876 1826 3932 donec
1846 3876 1934 3948 hujus

181 3968 211 4020 et
222 3963 465 4036 preparationem
478 3962 631 4035 significat,
646 3964 759 4020 nullum
774 3969 871 4020 autem
886 3966 920 4020 ed
932 3980 1031 4037 poenas
1084 3965 1252 4040 quaestionis
1266 3965 1459 4022 controversia
1475 3965 1631 4037 diligenter
1645 3965 1682 4020 ab
1697 3964 1831 4020 omuibus
1846 3964 1935 4021 ruerit

181 4052 315 4124 impellit,
331 4068 388 4108 non
403 4058 446 4106 est
457 4068 507 4107 cur
521 4052 700 4124 prescientia
719 4052 886 4125 recipiatur,
906 4059 934 4109 ει
952 4069 1030 4126 prm·
1084 4055 1249 4124 eventilata,
1269 4059 1298 4110 et
1316 4054 1385 4127 quid
1401 4055 1559 4111 tenendum
1575 4054 1611 4109 ab
1625 4053 1772 4124 omnibns,
1801 4053 1839 4109 sit
1853 4069 1931 4108 com-

182 4140 339 4196 deslinatio
356 4140 512 4196 abdicetur.
536 4140 614 4196 Sicut
637 4140 716 4197 enim
739 4141 822 4214 piam
848 4148 935 4215 atque
962 4143 1029 4199 reli·
1083 4143 1247 4216 probatum.
1264 4143 1348 4209 Quod
1363 4141 1387 4197 si
1402 4142 1580 4214 displicuerit
1604 4142 1718 4198 libellus
1734 4141 1798 4210 iste,
1812 4157 1866 4214 per
1885 4158 1933 4197 vos

183 4229 298 4301 giosum
312 4234 356 4285 εει
367 4230 404 4286 de
420 4230 478 4285 Deo
492 4229 582 4299 credi,
603 4230 682 4303 quod
699 4251 710 4280 ι
728 4231 808 4287 novit
820 4231 919 4286 omnia
934 4232 1029 4304 prius·
1084 4232 1266 4289 obsecremus
1288 4236 1320 4288 ut
1342 4232 1515 4303 corrigatur,
1537 4235 1567 4287 et
1592 4230 1675 4288 nobis
1707 4245 1773 4303 que
1805 4236 1934 4286 correcta

184 4333 273 4391 quem
295 4316 366 4374 liant
381 4320 463 4388 (bon.
482 4335 542 4386 rur,
557 4320 629 4391 4²i²
656 4340 668 4372 ι
688 4319 730 4376 sic
751 4320 833 4394 pium
853 4325 882 4378 et
908 4321 1031 4396 religio·
1082 4321 1190 4378 luerint
1203 4337 1263 4378 non
1277 4320 1500 4377 abscondantur.
