3930 6098
193 254 244 307 l39
594 220 598 237 ι
749 249 926 306 ussusttnl
946 249 1169 307 conestalus
1185 250 1348 307 MONXCHl.
1890 253 1940 306 tto

192 385 320 457 corporis
334 400 448 440 earnem
464 388 493 439 et
506 382 616 456 proprii
633 382 742 438 cruoris
755 383 861 437 undam
878 383 1074 454 spirititua-lt
1094 384 1157 455 gnis
1169 384 1230 455 ejus
1251 384 1282 439 in
1306 382 1481 439 ablutionem
1510 386 1637 437 nostram
1667 381 1830 438 fundendus
1852 398 1939 454 snpe-

192 476 259 531 liler
272 473 413 528 convertit
427 473 487 546 ipse
501 478 570 530 tune
583 488 696 545 quoque
717 488 823 526 manna
837 472 872 527 de
898 473 969 527 coelo
985 473 1038 527 da·
1091 473 1183 528 rahat.

192 568 254 617 tum
274 578 377 633 corpus
406 578 500 628 sunm,
534 567 564 616 ct
593 577 698 631 aquarn
725 561 759 615 de
786 567 865 631 petra
891 560 1036 630 profusam
1126 561 1210 616 XXlX.
1229 561 1280 615 llic
1294 560 1380 614 etiam
1399 560 1579 614 considerare
1594 558 1732 613 dehemus
1745 558 1936 631 quemadmo-

192 650 340 722 proprium
357 651 538 722 sanguinem,
555 649 738 704 invisibiliter
751 654 887 720 operatus
901 654 952 702 est.
1091 651 1159 704 darm
1180 648 1216 702 sit
1230 648 1427 719 accipiendum
1444 649 1521 718 qnod
1547 648 1606 719 ipse
1631 647 1719 701 dicit:
1748 649 1810 703 Nisi
1824 648 1939 701 mondu-

227 739 317 794 XXVl.
336 738 417 803 Quod
446 736 611 807 intelligens
640 736 770 790 hervidis
800 735 907 806 Spiritu
929 740 1036 802 saneto,
1091 739 1216 792 ceperitis
1228 752 1335 791 earnem
1349 737 1417 790 Filii
1436 737 1561 802 bominis,
1574 741 1600 790 et
1614 737 1774 802 sanquinem
1789 737 1848 804 ejus
1864 736 1938 789 bihe-

99 830 101 837 '
192 829 365 896 protestatus
380 829 446 879 est:
468 827 577 889 Panem,
605 823 749 894 inquiens,
779 825 935 891 saeclorum
964 839 1039 878 mon·
1091 829 1164 890 ritis,
1176 841 1228 879 nou
1243 823 1380 880 habebitis
1392 825 1480 880 vitum
1495 827 1524 878 in
1537 825 1613 878 cobis
1627 826 1714 893 (locu.
1739 839 1775 891 si,
1798 825 1852 886 hi).
1879 823 1938 878 Non

193 913 303 968 ducocit
318 914 394 967 bomo
411 913 495 982 (Paul.
514 927 619 977 aaran,
645 913 702 982 25).
729 912 893 972 Ridiculum
913 927 1037 982 namque
1092 914 1169 968 enim
1184 912 1253 967 dicit
1269 913 1344 983 quod
1357 928 1423 966 caro
1439 912 1529 983 ipsius
1549 928 1614 982 quse
1630 912 1766 983 pependit
1787 911 1816 965 in
1841 928 1934 980 cruce,

193 1006 236 1056 est
250 1001 360 1072 opinari
375 1001 452 1072 quod
467 1017 573 1055 manna
595 1016 764 1071 corporeum
782 1001 911 1072 patribus
940 1001 1037 1055 datum
1092 1002 1283 1074 particulatim
1298 1001 1472 1055 concidenda
1487 1000 1559 1055 torel
1575 1006 1631 1055 eta
1648 999 1795 1071 discipulis
1816 1000 1938 1055 maudu-

193 1088 690 1160 eoelestempascalexereitum,aut
714 1089 764 1142 tali
793 1095 942 1143 vescantur
966 1090 1038 1144 edu·
1092 1090 1251 1156 eanda3vel
1275 1091 1392 1159 sanguis
1414 1088 1513 1160 ipsius,
1545 1104 1632 1159 quem
1662 1088 1778 1143 fusurus
1806 1095 1866 1142 erat
1883 1104 1934 1160 pro

193 1177 242 1244 lio,
259 1178 310 1243 qui
325 1177 413 1231 divini
428 1178 508 1231 verbi
521 1177 689 1247 saginantur
703 1178 803 1248 epulis.
818 1177 948 1232 Ostendit
964 1183 1039 1231 certe
1093 1178 1193 1232 mnndi
1208 1177 1417 1248 redemptione,
1439 1176 1586 1246 discipulis
1610 1176 1719 1230 dandus
1739 1180 1813 1230 esset
1838 1176 1869 1230 in
1885 1192 1938 1246 po·

194 1267 354 1332 Psalmista,
383 1268 427 1321 vel
457 1266 548 1337 magis
580 1264 702 1337 Spiritus
729 1272 842 1319 sanctus
869 1268 989 1337 loquens
1009 1265 1039 1320 in
1093 1273 1176 1320 lum:
1198 1267 1341 1321 hocenim
1361 1267 1452 1320 scelus
1475 1270 1549 1319 esset
1572 1266 1607 1330 si,
1628 1264 1937 1335 secundumquodin·

195 1354 355 1421 Psalmista,
372 1355 413 1408 vel
434 1354 502 1427 quid
516 1357 611 1423 patres
632 1355 717 1408 nostri
745 1354 773 1407 in
792 1353 841 1407 illo
866 1370 970 1408 manna
983 1371 1037 1409 ece·
1093 1355 1189 1410 lideles
1202 1361 1268 1409 tune
1283 1362 1463 1426 acceperunt,
1480 1353 1655 1424 adiscipulis
1681 1353 1724 1407 vel
1741 1352 1937 1424 sanguisejus

194 1444 260 1500 lesli
285 1443 478 1515 perceperint,
494 1443 538 1497 vel
554 1444 629 1513 quod
658 1442 756 1496 fideles
770 1442 800 1496 in
817 1442 952 1512 mysterio
976 1459 1039 1498 cor·
1094 1443 1240 1497 biberetur
1255 1444 1297 1497 vel
1311 1459 1377 1497 caro
1392 1442 1599 1497 comederetur.

194 1531 274 1604 poris
287 1530 390 1585 Christi
426 1530 540 1585 credere
572 1530 702 1584 debeant.
738 1530 768 1583 ln
804 1534 926 1601 utroque
964 1538 1039 1586 certe
1129 1532 1200 1587 XXX.
1217 1533 1338 1602 Propter
1353 1531 1430 1602 quod
1447 1531 1476 1585 in
1492 1528 1734 1602 consequentibus
1755 1527 1794 1582 ait
1813 1527 1937 1598 discipu·

196 1620 323 1676 Christus
337 1620 478 1687 innuitur,
493 1619 542 1690 qui
556 1624 584 1672 et
598 1617 775 1672 credentium
795 1617 906 1672 animas
939 1619 1037 1689 pascit,
1095 1618 1139 1684 lis,
1153 1635 1211 1673 non
1225 1618 1389 1685 infideliter,
1405 1619 1454 1673 sed
1469 1618 1592 1673 lideliler
1607 1617 1693 1671 verba
1716 1616 1821 1672 Christi
1849 1615 1937 1670 susei-

195 1715 224 1764 et
238 1709 407 1779 angelorum
422 1708 502 1762 cibus
519 1707 615 1762 existit
631 1723 638 1761 ε
654 1712 811 1777 utrumque
837 1706 891 1761 hoc
904 1723 963 1761 nou
976 1677 1076 1761 eor··B
1094 1707 1247 1778 pientihus,
1265 1706 1576 1777 nee'tamenquomodo
1590 1706 1639 1759 illa
1652 1706 1738 1759 verba
1750 1703 1938 1775 intelligenda

193 1813 283 1868 pereo
294 1802 389 1867 gustu,
406 1811 459 1850 nee
471 1795 613 1866 corporali
629 1795 739 1865 sagina,
752 1794 800 1849 sed
816 1795 972 1866 spiritualis
987 1795 1041 1849 vir·
1094 1795 1309 1866 penetrantibus
1320 1794 1409 1866 [add.,
1424 1793 1527 1864 forent]
1545 1811 1551 1848 :
1569 1793 1631 1848 Hoc
1645 1808 1691 1848 ees
1702 1792 1884 1859 scandalizat,
1901 1791 1939 1846 in·

195 1890 255 1939 tute
275 1883 369 1938 Verbi.
1094 1885 1206 1954 quiens,
1220 1886 1246 1937 si
1260 1899 1323 1952 erqo
1333 1883 1461 1939 uides-itia
1473 1884 1560 1951 illium
1572 1883 1687 1936 bominis
1701 1880 1939 1935 oseertdeutemubi

231 1973 330 2027 XXVll.
347 1973 390 2039 Et,
406 1971 580 2042 exangelista
595 1975 740 2037 narrante,
762 1971 946 2042 cognovimus
963 1971 1039 2043 quod
1094 1976 1152 2025 eret
1164 1976 1242 2040 prius
1257 1974 1343 2042 (leon.
1360 1986 1397 2037 rr,
1414 1973 1458 2036 62,
1476 1970 1714 2040 63.)?Tanquam
1730 1970 1860 2023 diceret:
1880 1969 1939 2023 Non

195 2060 335 2114 Dominus
349 2065 447 2114 noster
458 2060 539 2114 lesus
558 2058 687 2114 Christus
705 2059 873 2130 priusquam
882 2065 1038 2130 pateretur,
1094 2076 1161 2131 ergo
1177 2075 1291 2113 carnem
1309 2059 1657 2129 nream,velsauguinen1
1675 2073 1781 2120 meum,
1793 2057 1939 2111 vohiseor-

196 2152 396 2215 occeplopoue,
423 2148 529 2215 pretias
561 2148 626 2214 epit,
656 2145 731 2199 dedit
753 2145 896 2214 discipulis
923 2147 1039 2201 suisdi·
1094 2147 1232 2220 poraliter
1256 2146 1475 2212 comedendam,
1499 2147 1543 2200 vel
1563 2146 1733 2211 bibendum,
1764 2161 1816 2216 per
1844 2149 1938 2215 partes

196 2238 344 2289 eeuszllee
370 2238 409 2288 est
441 2248 537 2303 eorpus
570 2249 656 2287 meum
685 2233 758 2303 quod
773 2234 1038 2303 procebisdotur:
1094 2236 1276 2291 distributum
1293 2236 1557 2291 distribuendumve
1578 2235 1700 2305 putetis;
1722 2250 1787 2287 eum
1811 2236 1935 2304 postre-

197 2323 245 2377 bec
263 2324 347 2388 {acite
357 2325 387 2377 iu
400 2338 487 2376 meum
501 2326 785 2378 commemorationem.
807 2323 942 2379 Simititrr
955 2328 980 2378 et
994 2339 1039 2378 ee·
1094 2326 1299 2379 surrectionem
1316 2324 1402 2378 visuri
1418 2323 1479 2378 sitis
1493 2339 1539 2377 me
1552 2324 1638 2377 eoelos
1654 2338 1839 2376 ascensurum
1852 2323 1936 2375 boum

195 2410 827 2480 licempostquomcoeucvit,dicens:ilicest
849 2412 923 2465 colia
936 2413 1040 2468 Novum
1095 2413 1199 2484 integri
1232 2412 1360 2483 corporis
1393 2412 1450 2466 sive
1480 2411 1627 2479 sanguinis
1654 2410 1711 2464 mei
1746 2410 1934 2480 plenitudine.

197 2502 394 2555 Testamentum
411 2503 439 2555 iu
465 2503 598 2567 sotrpuiue
616 2516 682 2568 mro,
697 2503 804 2570 quipse
816 2500 891 2555 veliis
907 2501 1041 2567 tundetur
1093 2503 1169 2557 Tune
1181 2500 1346 2571 intelligetis
1365 2500 1441 2570 qnod
1459 2516 1526 2567 non,
1545 2499 1617 2554 sicut
1639 2499 1770 2553 inlideles
1797 2497 1935 2552 arbitran-

195 2588 304 2660 (hletth.
333 2605 408 2656 xxti,
435 2591 548 2656 26,27;
578 2591 643 2644 Luc.
669 2606 724 2655 xri,
748 2590 790 2650 19,
818 2589 874 2655 20).
907 2589 1040 2644 Videmus
1094 2595 1416 2657 tur‚earnerumeama
1439 2588 1623 2642 credentibus
1646 2586 1869 2652 comedendan13
1889 2585 1935 2639 sed

193 2677 323 2732 nondum
337 2693 453 2747 passum
468 2693 530 2732 esse
546 2677 698 2741 Christum,
712 2677 807 2747 etjam
820 2678 1040 2733 tamensuicer·
1093 2694 1158 2732 vere
1177 2693 1229 2749 per
1245 2677 1411 2746 mysterium
1426 2693 1530 2747 panem
1547 2681 1575 2730 et
1589 2676 1698 2739 vinum,
1716 2674 1746 2728 in
1765 2674 1896 2744 corporis
1910 2677 1936 2727 et

195 2765 274 2836 poris
288 2769 316 2818 et
330 2765 478 2832 sanguinis
492 2767 660 2837 mysterium
672 2770 820 2837 operatum
837 2766 932 2819 luisse.
1094 2765 1242 2836 sanguinis
1258 2765 1315 2819 mei
1328 2780 1463 2819 conversa
1491 2764 1691 2833 substantiam,
1713 2779 1730 2816 a
1759 2761 1935 2817 credentibus

230 2853 345 2908 XXlllll.
362 2854 423 2908 Non
440 2854 516 2908 enim
540 2859 674 2925 putamus
689 2854 779 2908 ullum
806 2854 935 2908 fidelium
955 2855 1038 2909 dubi-
1094 2854 1241 2908 sumenda.

194 2946 255 2996 tare.
269 2957 374 3012 panem
391 2941 568 2997 illumluisse
580 2943 684 2999 Christi
693 2940 949 3014 eorpuselle‘etum,
961 2944 1039 3014 quod
1054 2973 1074 3028 C
1128 2942 1213 2996 XXXl.
1228 2942 1259 2996 Et
1285 2945 1514 3012 consequenter:
1543 2941 1663 3010 Spiritus
1690 2943 1739 3007 est,
1761 2938 1867 3009 inquil,
1890 2938 1934 3006 qui

194 3029 342 3099 discipulis
357 3030 468 3084 donans
483 3030 551 3084 dicit
566 3047 573 3084 ι
590 3033 645 3085 Hoc
671 3034 711 3086 est
735 3047 832 3100 corpus
857 3047 943 3087 meum
967 3033 1040 3102 quod
1092 3033 1226 3099 vilificat,
1244 3045 1306 3084 earo
1329 3045 1382 3084 nen
1400 3029 1510 3099 prodest
1529 3029 1684 3098 quidquem
1708 3028 1803 3098 (doun.
1824 3043 1861 3092 vr,
1882 3024 1931 3094 at).

191 3132 243 3188 pro
256 3117 330 3171 uobis
343 3117 441 3184 dutum
456 3118 505 3173 sed
520 3134 613 3189 aeque
629 3119 746 3173 calicem
765 3119 898 3173 dubitare
920 3120 1038 3190 sangni-
1093 3119 1214 3174 Carnem
1230 3117 1299 3172 dicit
1314 3117 1470 3189 quidquam
1485 3133 1543 3172 uon
1557 3117 1703 3187 prodesse,
1727 3115 1776 3169 illo
1787 3115 1874 3169 modo
1889 3113 1933 3167 sie·

194 3220 260 3259 nem
277 3205 378 3261 Christi
391 3206 549 3274 continere,
567 3207 602 3261 de
613 3223 670 3278 quo
681 3206 759 3261 idem
775 3207 900 3261 ait:Hic
914 3212 953 3261 est
965 3209 1039 3262 cotia
1093 3211 1124 3261 ut
1156 3205 1287 3261 infideles
1313 3206 1527 3274 intelligehaut3
1557 3205 1686 3275 alioquin
1711 3203 1798 3257 sitam
1823 3202 1931 3273 praehet¹

194 3295 298 3349 Novum
324 3293 521 3348 Testamentum
533 3296 562 3348 iu
588 3297 720 3361 sanquine
734 3309 800 3361 meo,
817 3296 866 3362 qui
892 3309 942 3364 pro
965 3295 1039 3350 vobr's
1092 3294 1164 3347 sieut
1192 3311 1207 3348 a
1232 3293 1365 3348 fidelibus
1393 3309 1445 3364 per
1471 3292 1639 3363 mysterium
1664 3291 1796 3345 sumitur.
1827 3291 1862 3345 Et
1884 3290 1932 3344 hoe

192 3381 334 3447 fundetur.
355 3380 433 3435 Sicut
447 3397 515 3449 ergo
530 3381 615 3452 paulo
641 3387 795 3450 antequem
820 3387 976 3451 pateretur,
993 3398 1040 3453 pe·
1093 3381 1202 3453 quare?
1215 3382 1278 3452 lpse
1294 3380 1457 3436 manifestat
1480 3396 1545 3434 eum
1571 3379 1664 3434 dicit:
1687 3380 1810 3449 Spiritus
1832 3378 1933 3450 estqui

194 3468 238 3522 nis
250 3467 438 3522 substantiam
455 3468 556 3522 etvini
571 3472 732 3522 ereaturam
751 3473 916 3522 convertere
945 3469 1040 3540 potuit
1091 3468 1224 3538 vivificet.
1236 3470 1268 3522 tn
1283 3469 1337 3522 hoe
1348 3468 1444 3539 itaque
1460 3467 1597 3538 mysterio
1607 3467 1734 3536 corperis
1747 3473 1774 3521 et
1789 3466 1930 3539 sanguinis

193 3555 222 3609 in
239 3555 388 3627 proprium
404 3571 507 3627 eorpus
521 3555 596 3626 qnod
612 3571 763 3626 passurum
778 3559 849 3623 erat,
866 3560 894 3610 et
909 3556 939 3609 in
953 3572 1037 3610 suum
1090 3555 1246 3626 spiritualis
1276 3564 1319 3610 est
1346 3553 1487 3627 operatio,
1515 3571 1581 3626 quae
1605 3555 1691 3609 vitam
1717 3560 1847 3625 praestat,
1876 3555 1929 3610 sine

193 3643 363 3715 sauguinem
378 3642 676 3715 quipost2iundendus
692 3643 829 3711 exstabat;
843 3654 854 3680 ⁸
866 3644 1038 3700 sicetiamin
1091 3643 1173 3714 eujus
1187 3644 1352 3716 operatione
1373 3643 1508 3714 mysteria
1536 3643 1585 3697 illa
1612 3643 1685 3697 nihil
1709 3648 1839 3713 prosunt,
1863 3641 1930 3715 {quo

193 3731 306 3786 deserto
322 3748 426 3786 manna
441 3738 469 3786 et
482 3747 587 3802 aquam
602 3732 636 3786 de
651 3737 733 3804 petra
747 3731 778 3786 in
792 3748 872 3786 suam
884 3749 998 3787 carnem
1009 3737 1038 3788 et
1092 3732 1168 3787 niam
1184 3747 1287 3803 corpus
1301 3731 1415 3802 quidem
1440 3747 1555 3801 pascere
1579 3735 1711 3803 possunt,
1736 3731 1786 3786 sed
1810 3731 1928 3786 animan

192 3821 361 3891 sanguinem
378 3827 541 3876 convertere
556 3821 716 3892 prevaluit,
727 3821 858 3892 quamvis
872 3820 957 3890 louge
973 3825 1039 3893 post
1090 3836 1206 3891 pascere
1217 3836 1274 3874 non
1291 3823 1422 3890 possunt.

193 3913 218 3961 el
238 3924 303 3963 earo
315 3909 391 3963 illius
405 3924 458 3979 pro
481 3908 563 3964 nobis
578 3909 608 3963 iu
633 3923 715 3963 eruce
739 3907 904 3978 pendenda,
928 3914 957 3963 et
971 3924 1036 3964 san·
1126 3909 1225 3964 XXXll.
1242 3909 1292 3965 llie
1303 3907 1363 3977 jam
1379 3908 1429 3962 illa
1441 3906 1590 3962 suboritur
1612 3906 1742 3980 questio,
1767 3922 1856 3980 quam
1872 3907 1928 3979 plu·

192 4063 427 4132 hisimaginihus
454 4061 653 4133 praetermissis
674 4062 767 4117 utatis
800 4062 939 4129 hlosaicae,
963 4064 1036 4120 nihil
1090 4079 1176 4135 quam
1210 4061 1322 4131 revixit,
1349 4079 1399 4118 seu
1431 4068 1496 4135 post
1523 4064 1775 4132 resurrectionem,
1810 4063 1925 4119 caruisse

191 4134 259 4187 novi
272 4133 302 4186 in
315 4133 378 4213 lege
390 4149 464 4186 nova
476 4132 641 4202 contigisse.
659 4132 789 4205 nihilque
806 4133 870 4188 lieri
885 4134 962 4206 quod
976 4151 1036 4191 non
1090 4133 1432 4204 sanguineharroeanus
1454 4134 1521 4206 pagi
1551 4135 1716 4200 Quevilliaei
1741 4135 1771 4189 in
1799 4136 1925 4206 egrotae

192 4203 665 4273 factumfmssetpriusinveteri.
1088 4207 1280 4273 thoniayrensi,
1312 4205 1443 4260 ilistorioe
1470 4206 1653 4260 Etteharistias
1677 4206 1725 4261 lib.
1752 4222 1781 4273 u,
1815 4222 1877 4276 cap.
1903 4204 1923 4265 b

226 4281 239 4308 ⁸
251 4274 296 4329 Sic
310 4276 391 4328 etiam
407 4274 437 4328 in
459 4273 562 4327 deserto
586 4289 697 4341 monna,
714 4278 767 4328 ete.
795 4275 859 4329 lirae
884 4275 970 4346 plene
986 4265 1069 4331 (ἴε-ὓ
1089 4278 1151 4330 275.
1168 4276 1288 4330 ttllixius
1303 4276 1340 4344 (ul
1352 4276 1537 4332 Clrareutonii
1550 4277 1578 4330 in
1600 4292 1668 4343 agro
1688 4276 1858 4331 parisiensis
1870 4275 1924 4347 post

190 4349 352 4397 monstrant
379 4343 450 4397 nihil
476 4345 567 4398 visum
604 4344 690 4398 iuisse
716 4345 911 4400 concinnatori
936 4354 1034 4402 nostro
1089 4346 1269 4401 Albertinum
1286 4345 1324 4418 lb)
1341 4346 1488 4402 Calvinum
1506 4349 1535 4412 (c)
1551 4351 1579 4401 et
1602 4347 1774 4402 Osiendrum
1790 4346 1843 4417 (d),
1864 4359 1923 4418 quo·

190 4413 345 4468 Retramno
361 4410 488 4466 ἀδύνατον
498 4414 526 4467 in
539 4415 673 4485 mysterio
687 4416 1032 4472 transsubstantiationis:
1088 4432 1153 4470 rum
1170 4416 1371 4471 refutationem
1386 4418 1480 4487 legere
1493 4417 1573 4471 facile
1587 4422 1629 4471 est
1645 4418 1673 4471 in
1684 4412 1922 4471 Dissertationeds

190 4500 256 4538 eum
278 4486 436 4556 prasertim
470 4486 560 4539 ellieri
594 4501 677 4555 possa
708 4486 762 4540 sibi
796 4487 971 4556 persuaserit
1000 4504 1033 4542 ex
1087 4487 1233 4558 Sanguine
1245 4487 1492 4558 CorporisChristi
1508 4489 1822 4557 postresurrectionem
1844 4497 1919 4558 quam
1960 4496 1964 4555 j

189 4571 295 4609 manna
311 4562 340 4608 et
350 4571 424 4627 aqua
438 4563 527 4625 petras
542 4556 647 4610 deserti
663 4556 692 4610 in
716 4572 821 4625 eorpus
835 4556 939 4611 Christi
953 4564 1033 4612 ante·
1087 4559 1163 4628 typis
1180 4558 1248 4612 Gab.
1263 4558 1374 4613 hierlini
1391 4557 1496 4629 publici
1508 4557 1582 4628 juris
1597 4558 1717 4612 lecimus
1727 4557 1844 4612 Parisiis
1856 4569 1920 4610 anno
1953 4606 1957 4611 .

189 4632 376 4696 quaruesset,
402 4627 514 4680 nullum
539 4627 777 4696 impedimentum
802 4627 908 4681 exoriri
932 4628 1032 4683 abad·
1090 4628 1361 4683 l68l.lueamdem
1386 4629 1556 4682 sententiam
1583 4634 1712 4683 velerum
1739 4630 1855 4683 Petrum
1878 4628 1920 4680 ite·
1955 4644 1964 4671 .·

188 4702 275 4750 ventu
292 4697 397 4751 Christi
415 4696 444 4750 in
458 4697 534 4751 hunc
548 4698 686 4751 mundum
703 4697 732 4750 in
744 4713 801 4766 quo
812 4698 1034 4753 hocsaeramen·
1087 4714 1152 4751 rum
1170 4714 1200 4752 se
1215 4699 1342 4753 insinuat
1357 4700 1529 4754 Retramnus
1545 4705 1651 4766 noster,
1666 4715 1746 4753 urim.
1763 4701 1808 4766 88,
1821 4709 1920 4753 eorum·

187 4771 248 4820 tum
265 4767 432 4820 instituerat.
451 4767 503 4822 Sed
520 4769 579 4821 huso
604 4768 701 4821 omnia
726 4767 796 4821 nihil
821 4768 896 4822 aliud
920 4771 1033 4839 signill-
1087 4768 1328 4840 quesententiem
1362 4770 1507 4839 suggillat,
1530 4769 1581 4840 qui
1606 4770 1749 4834 dicebant,
1781 4775 1918 4841 postquam
1954 4812 1960 4817 .

187 4843 253 4891 cant
267 4837 320 4891 nisi
337 4852 402 4891 eum
418 4837 499 4907 cujus
514 4838 543 4891 iu
555 4843 693 4909 potestate
708 4837 762 4891 luit
776 4840 870 4908 posita
883 4841 1032 4895 conversio
1085 4838 1197 4904 revixit,
1214 4839 1368 4892 Dominum
1382 4839 1513 4895 habuisse
1533 4855 1637 4910 eorpus
1651 4839 1743 4893 ventis
1765 4847 1853 4909 atque
1867 4848 1919 4892 aere
1942 4846 1949 4851 ·

187 4908 310 4978 ligurata
325 4923 448 4969 mannas,
466 4909 591 4977 potuisse
606 4908 692 4961 eliam
710 4908 815 4962 habere
839 4909 869 4962 in
893 4914 1032 4979 potestate
1085 4908 1177 4963 levius
1188 4914 1216 4963 et
1227 4909 1368 4964 subtilius.
1383 4939 1418 4948 —
1431 4909 1529 4980 Capite
1546 4912 1572 4974 8,
1584 4910 1619 4966 de
1644 4909 1797 4965 Nativitate
1815 4905 1917 4982 Christi,

186 4977 309 5050 positam
323 4978 539 5033 conversionem
562 4994 657 5033 verani
674 4979 756 5049 panis
779 4978 808 5032 in
833 4995 935 5050 eorpus
954 4981 1031 5035 Chri·
1086 4979 1164 5049 quod
1189 4979 1313 5034 occurrit
1338 4981 1447 5034 tornol
1485 4980 1633 5052 Spieilegii
1658 4980 1777 5035 illustris
1800 4977 1918 5035 moneeltt

187 5049 234 5131 sti,
259 5064 326 5173 eupn
355 5055 485 5120 utraeque
515 5049 572 5102 sint
601 5055 711 5103 mentes
739 5049 880 5104 humanas
916 5056 1032 5105 motura
1086 5049 1169 5104 Lucre
1181 5049 1331 5118 d'deherii,
1343 5066 1408 5121 pag.
1426 5052 1488 5105 336.

187 5135 334 5174 miraeus.

221 5192 318 5244 tcum
350 5190 453 5258 intepet
480 5191 600 5259 corporis
627 5192 684 5244 siue
710 5203 759 5244 son

186 5260 248 5314 md·
308 5261 328 5315 E
466 5276 478 5304 q
533 5270 544 5313 t
619 5259 674 5314 hb
732 5191 855 5315 tquispe
867 5205 928 5314 pumt
944 5191 1032 5274 pleni3
1087 5190 1156 5316 ¹6(sq)
1173 5192 1288 5247 ltissert.
1308 5191 1343 5246 de
1357 5191 1502 5264 Sanguine
1518 5193 1645 5265 corporis
1666 5193 1791 5285 Christi..
1803 5192 1919 5278 ljmisiis,

185 5276 316 5384 nosi'ifr'm
328 5275 865 5385 xcotqtrcipqupqcegmffltqflpppumrpipp
874 5275 1031 5412 ppopptiqqq
1130 5301 1230 5398 etth.
1248 5331 1304 5386 ide
1319 5332 1506 5400 Eireharistia,
1528 5350 1592 5416 pag.
1609 5337 1653 5390 75.

179 5405 321 5480 reputant
335 5401 503 5456 alieniorem
519 5401 652 5456 habuisse
669 5407 794 5481 mentem
806 5416 826 5481 'a
841 5402 961 5480 mmpris
976 5403 1030 5455 mi·
1130 5405 1155 5471 e)
1169 5402 1311 5457 Gerardus
1324 5404 1449 5460 loannes
1465 5405 1587 5473 Vossius,
1610 5405 1716 5461 Thesea
1737 5406 1927 5480 theologice,

184 5476 344 5525 metrorum
359 5471 503 5552 sodalium
516 5472 566 5553 qui
584 5471 834 5542 superstitionum
845 5471 934 5526 Callia
949 5487 1029 5543 syna·
1084 5487 1152 5544 pag.
1171 5474 1231 5539 188,
1249 5488 1330 5528 num.
1350 5477 1392 5529 ts.

184 5555 234 5594 ros
251 5539 468 5612 habebantque
483 5543 537 5597 srhr
556 5541 702 5597 linxerunt
719 5556 822 5611 eorpus
835 5541 940 5596 Christi
953 5548 1029 5614 post·
1119 5543 1158 5615 (d)
1170 5543 1315 5599 Confessio
1334 5544 1400 5599 llilei
1415 5544 1550 5600 adversus
1567 5545 1730 5603 llorlinum.
