3930 6098
102 252 152 308 eor
784 247 1174 321 usvumeoeuuesusis

103 405 168 460 quse
192 387 267 442 inira
290 401 330 451 se,
350 386 393 438 vel
415 384 446 436 in
473 399 512 449 se,
540 383 670 454 qnotidie
697 389 821 454 aguntur
850 382 948 451 nescit,
968 385 1138 438 homnibus
1156 383 1294 448 misereri,
1312 386 1340 437 et
1354 381 1441 436 etiam
1455 397 1510 435 non
1528 380 1705 435 merentibus
1721 379 1769 434 rial

103 478 189 532 stulte
205 474 319 530 Domini
335 471 378 526 sni
394 487 481 542 opera
505 472 651 526 liberare·
672 471 761 543 cupit,
788 471 838 543 qui
852 471 897 527 sui
911 472 952 543 ig·
1006 473 1072 528 lutis
1088 474 1189 529 solitus
1209 488 1238 526 es
1261 470 1404 527 tribuere:
1428 471 1476 524 sed
1499 471 1661 540 iniquitates
1696 482 1760 541 mea

105 580 191 619 uerus
218 561 360 632 perpetim
386 564 492 614 manet.
518 560 551 613 Et
575 576 639 614 cum
665 576 718 614 nos
743 560 896 615 miserrimi
921 560 951 614 in
1006 575 1072 616 onus
1099 577 1183 628 praue
1218 566 1342 628 grauata
1363 564 1429 614 eunt
1451 574 1532 628 super
1569 552 1610 613 ure
1639 557 1724 628 (Psoi.
1753 573 1769 612 x

104 637 493 721 besliiselquadrupedibus
518 649 807 702 voluntatesnostras
830 648 952 718 implea·
1007 649 1044 716 5).
1076 649 1147 714 Qum
1177 649 1366 703 crassitudine
1398 650 1412 690 h
1441 647 1485 700 sui
1516 646 1623 701 nubem
1656 661 1769 716 opposu

105 756 178 804 mus,
202 738 329 793 etetiam
356 737 426 808 ipsis
442 736 540 791 avibus
564 736 781 809 etpiscibusex
805 741 856 790 tuo
874 737 951 791 dono
1006 737 1085 791 iutea
1117 741 1144 790 te
1172 741 1200 790 et
1228 752 1267 790 se.
1299 737 1354 789 Nec
1389 737 1461 788 rulet
1489 734 1580 788 oratio
1612 734 1647 789 ed
1675 739 1769 803 tuum,

104 827 291 897 imperemus,
308 829 336 879 et
350 824 496 896 partimin
515 823 621 890 cibum,
637 824 742 894 partim
758 824 789 878 in
802 823 950 895 adjumeu-
1007 824 1097 890 mine,
1112 825 1248 879 thronum
1267 823 1430 889 ascendere,
1447 838 1533 893 quem
1563 822 1675 893 pondus
1698 823 1769 894 calig

103 919 165 968 tum
180 917 237 968 bex
254 914 322 984 ipsis
343 913 385 966 rel
410 912 566 982 capiamus,
583 912 626 964 vel
642 900 815 979 occidamus,
831 928 884 966 uec
900 928 952 983 pro
1006 917 1092 966 terrm
1110 912 1217 982 premit
1239 910 1388 965 inhaerere.
1415 911 1502 977 lditle,
1524 911 1657 974 Domine,
1681 910 1769 964 scalea

103 1005 158 1056 hoc
173 1001 314 1056 rationem
332 1001 388 1055 illis
411 1017 482 1072 quos
500 999 660 1071 premimus
684 1000 847 1067 reddamus,
863 1017 953 1072 quare
1007 1001 1169 1056 sericordiae
1194 1005 1260 1068 tuae,
1287 1003 1313 1053 el
1339 1015 1391 1070 per
1417 998 1542 1068 gradus¹
1570 1014 1616 1052 me
1635 1004 1769 1069 repented

105 1092 159 1145 hoo
171 1090 300 1157 tacimus,
314 1089 357 1143 rel
373 1088 474 1142 ourilli
487 1093 515 1141 et
530 1088 573 1141 illi
588 1104 643 1141 non
657 1093 723 1142 srrnt
740 1088 844 1155 oeeisi;
864 1105 953 1160 quare
1007 1089 1059 1145 tibi
1073 1090 1237 1155 ascendere,
1264 1104 1352 1159 quem
1381 1087 1562 1142 imbecillitas
1582 1087 1689 1158 pedum
1716 1087 1747 1142 in
1761 1103 1769 1159 1

104 1180 152 1235 isli
168 1185 197 1234 et
212 1179 260 1234 isti
274 1182 342 1233 sunt
365 1178 400 1231 ad
423 1177 649 1248 adjumentumc
670 1178 704 1233 ab
728 1177 869 1232 occisione
893 1195 953 1233 ser·
1008 1179 1094 1233 etiam
1110 1177 1202 1248 gradu
1218 1193 1276 1230 uon
1301 1175 1443 1247 permittit
1465 1181 1550 1230 stare.
1579 1177 1614 1229 El
1642 1177 1690 1247 qui
1720 1181 1769 1232 tote

106 1266 162 1321 vali
182 1267 344 1335 3rationem
360 1264 457 1320 miseri
473 1264 613 1320 tectorum
635 1270 752 1320 tuorum
767 1266 952 1337 inquirimus,
1007 1282 1077 1338 pore
1091 1271 1215 1320 tremore
1244 1265 1416 1333 concutitur,
1450 1263 1546 1318 necin
1568 1280 1625 1318 uno
1649 1263 1769 1320 consiste

106 1355 156 1427 qui
169 1355 378 1410 rationabiliter
402 1354 470 1425 quid
488 1354 524 1407 sit
539 1370 648 1425 sapere,
674 1354 730 1408 nisi
750 1359 843 1425 perte
859 1354 950 1409 addis·
1007 1354 1070 1426 ipso
1098 1354 1172 1408 liudo
1204 1357 1329 1407 tremore
1353 1352 1544 1423 permittitur,
1567 1356 1616 1405 tua
1639 1351 1744 1407 virtute

106 1459 237 1498 cereuon
254 1459 415 1513 possumus.
1008 1441 1257 1497 liendolirmetur.
1282 1442 1322 1496 Tu
1348 1440 1425 1494 enim
1454 1456 1492 1503 es,
1519 1440 1650 1508 Domine,
1676 1441 1727 1512 qni
1751 1457 1769 1496 ει

141 1533 167 1586 4.
185 1531 321 1600 Nunquid
344 1546 361 1584 a
390 1530 472 1584 nobis
499 1530 613 1600 proemii
627 1529 736 1601 aliquid
759 1528 902 1602 accepisti,
922 1535 954 1584 ut
1008 1530 1091 1585 uobis
1117 1545 1231 1585 erucem
1259 1534 1339 1584 tuam
1356 1529 1469 1596 dedisti,
1490 1544 1577 1600 quani
1601 1534 1631 1584 et
1656 1529 1769 1585 nobist

107 1620 241 1673 creares?
254 1621 303 1672 aut
320 1617 452 1672 dedimus
465 1616 518 1670 tibi
543 1616 668 1686 pretium
688 1616 783 1688 operis
806 1616 906 1684 nostri,
924 1621 954 1670 ut
1008 1619 1187 1686 humeribus,
1219 1623 1247 1673 et
1267 1622 1295 1672 te
1320 1633 1439 1689 sequere
1464 1632 1536 1688 pura
1560 1616 1769 1689 mentejussist

106 1705 286 1760 redimeres?
310 1706 391 1761 Certe
417 1705 447 1759 iu
461 1704 624 1759 conditione
646 1709 743 1758 nostra
774 1710 865 1760 cessat
892 1704 953 1759 haec
972 1681 1086 1760 Benim
1103 1723 1133 1761 es
1157 1707 1232 1761 scala
1256 1706 1443 1772 credentium,
1459 1707 1526 1777 quia
1549 1721 1600 1777 per
1614 1711 1641 1760 te
1657 1706 1769 1776 gradiar

105 1794 234 1849 humana
255 1792 436 1847 fallacissima
462 1793 545 1857 ratio,
569 1792 637 1863 quia
662 1793 786 1864 qualiter
800 1809 830 1848 se
845 1793 953 1848 factum
1007 1798 1034 1848 te
1048 1793 1145 1865 ipsum
1155 1794 1267 1865 praebes
1281 1794 1312 1848 in
1329 1793 1492 1864 praemium.
1520 1797 1572 1850 Per
1594 1795 1667 1850 hanc
1687 1795 1769 1849 scalas

106 1882 194 1949 videt,
221 1897 295 1935 rana
320 1897 379 1935 uon
413 1881 490 1935 valet
516 1896 649 1934 enarrare
674 1881 876 1953 presumptio:
903 1881 953 1952 qui
1009 1884 1059 1938 das
1075 1881 1231 1948 descendit,
1256 1887 1284 1935 et
1309 1882 1413 1936 Paulus
1432 1886 1459 1936 te
1475 1886 1593 1936 vocante
1622 1883 1655 1937 ad
1681 1887 1769 1954 tesuq

106 1971 183 2025 enim
199 1970 340 2024 rationem
352 1985 411 2023 sua
425 1967 597 2024 conditionis
611 1969 732 2039 ignoret,
748 1970 894 2041 quomodo
910 1985 953 2023 ra·
1008 1970 1179 2026 innitentem
1194 1969 1330 2025 ascendit.
1346 1971 1400 2024 Per
1421 1970 1495 2024 hanc
1508 1970 1597 2025 tndaei
1613 1971 1648 2036 ad
1676 1981 1768 2025 terras

106 2060 215 2114 tionem
226 2058 349 2112 aliorum
360 2073 480 2128 operum
491 2061 609 2112 tuorum
622 2057 768 2128 inquirere
787 2058 954 2111 tentativel
1009 2059 1052 2131 psi
1074 2065 1151 2127 sunt,
1176 2064 1204 2114 et
1225 2064 1325 2130 gentes
1348 2059 1381 2114 ad
1406 2058 1510 2114 coelum
1535 2060 1674 2131 assumpti
1698 2064 1767 2115 sunt

107 2152 182 2203 certe
208 2147 285 2203 dicat
311 2163 390 2201 rause
413 2145 624 2200 ratiocinatoris
648 2146 802 2216 exquisitio
826 2145 955 2217 eorporis
1009 2148 1224 2219 hancquotidie
1240 2154 1414 2219 peccatores,
1433 2154 1460 2202 te
1481 2149 1610 2216 iubente,
1628 2149 1663 2204 ad
1687 2165 1769 2220 super

107 2235 342 2309 qualitatemve!
358 2234 554 2289 membrorum
569 2233 770 2305 compaginem
790 2233 955 2288 harmonice
1010 2236 1174 2291 mundando
1207 2235 1410 2290 conscendunt.
1447 2240 1475 2290 et
1504 2235 1539 2290 dc
1567 2251 1618 2290 sua
1647 2251 1769 2306 proesnm

107 2325 162 2379 sibi
185 2324 308 2378 invicem
336 2323 540 2388 coherentem,
571 2337 622 2376 seu
651 2322 746 2376 locum
769 2320 955 2376 habitationis
1006 2324 1457 2396 justiliaadinlernapraecipitis
1477 2331 1625 2379 corruunt.
1653 2326 1707 2380 Fac
1728 2340 1769 2380 mr

109 2411 213 2467 anime
227 2410 365 2483 proterat,
379 2416 408 2466 et
417 2410 570 2481 originem,
586 2409 610 2462 si
624 2413 700 2463 certe
714 2409 788 2480 sapit
802 2409 864 2479 ejus
878 2409 955 2463 unde
1009 2416 1098 2479 mine,
1116 2419 1147 2468 ut
1162 2413 1235 2467 sicut
1249 2413 1305 2468 lide
1325 2413 1411 2483 hujus
1430 2413 1512 2467 scalae
1528 2414 1623 2468 merui
1638 2414 1769 2485 aitingen

108 2499 219 2566 existat,
235 2499 382 2570 inquirat:
396 2503 424 2552 et
438 2499 478 2552 sic
491 2501 518 2552 te
528 2513 674 2551 summum
689 2495 798 2551 bonnm
815 2496 955 2551 discutere
1010 2502 1073 2564 dus,
1086 2502 1125 2555 ita
1141 2517 1228 2571 opere
1244 2501 1366 2555 tirmiter
1380 2502 1410 2555 iu
1424 2501 1530 2555 eisdem
1547 2502 1656 2556 ualeam
1666 2503 1769 2574 jugiter

109 2594 215 2660 tuaque
239 2585 376 2656 judicia<l
396 2586 501 2641 arrdeat
522 2601 718 2655 compensare.
735 2584 803 2651 Scis,
826 2584 954 2650 Domine,
1010 2591 1192 2645 munerata
1214 2591 1291 2643 enim
1312 2607 1341 2643 es
1362 2589 1411 2660 qui
1435 2594 1584 2644 nutantem
1602 2591 1769 2645 corroboras

109 2680 142 2731 ut
156 2676 290 2749 quidiste
306 2674 491 2746 protulerim,
508 2678 536 2728 el
548 2673 616 2745 quia
631 2672 834 2742 memetipsum
855 2671 886 2726 in
903 2673 956 2726 hoc
1010 2676 1117 2732 debiles
1133 2677 1239 2744 lirmas,
1267 2676 1316 2747 qni
1339 2676 1427 2730 fortes
1451 2675 1619 2730 stabiliendo
1632 2690 1766 2731 coronas.

109 2767 255 2820 destruere
268 2764 418 2818 voluerim.
442 2763 503 2828 Nec!
516 2761 640 2816 aliorum
654 2764 739 2815 oestrrs
753 2768 764 2795 ⁰
777 2775 863 2831 quam
878 2776 956 2814 meos
1010 2764 1079 2835 quid
1093 2765 1198 2819 Paulus
1220 2768 1330 2834 poterat
1357 2763 1504 2830 tesidere,
1527 2764 1582 2817 uisi
1599 2767 1630 2816 tu
1645 2779 1712 2817 eum
1726 2771 1769 2817 aul

109 2859 167 2909 ate
184 2854 315 2925 cognitos
337 2851 443 2924 aperiri
466 2867 525 2905 non
553 2850 635 2921 quasi
658 2848 747 2903 inscio
779 2847 877 2917 malui,
905 2849 955 2903 sed
1010 2852 1171 2906 carestSic
1192 2851 1390 2917 elhbraham,
1417 2852 1768 2922 paterutiquegeutium,

111 2942 193 3014 qnasi
201 2941 344 3013 poenitens
360 2939 560 2995 obscuratione
576 2937 709 3003 narravi;
731 2936 798 3008 quia
814 2937 957 3007 licetihaec
974 2945 1060 3034 Gtua
1083 2940 1232 2995 vocatione
1253 2957 1311 2995 non
1337 2945 1380 3002 est
1394 2957 1540 3011 egressus:
1556 2941 1604 2995 sed
1631 2941 1729 2995 sieuta
1745 2945 1769 2995 te

111 3048 157 3086 me
187 3036 235 3085 tua
258 3030 326 3086 tecit
354 3027 549 3084 misericordia
575 3027 687 3082 utiliter
713 3026 957 3092 scirc‚lamenex
1011 3029 1106 3099 operis
1126 3029 1247 3100 sumpsit
1273 3029 1400 3096 initium,
1421 3030 1564 3084 itaetille
1594 3028 1769 3101 obsequendi

109 3121 266 3192 improviso
285 3120 315 3174 in
336 3119 421 3176 rebus
445 3120 518 3173 bene
538 3117 675 3189 expositis
693 3115 799 3170 iterum
817 3115 956 3171 dubitatio
1011 3117 1075 3171 buit
1096 3117 1252 3171 voluntatis
1276 3117 1457 3189 obsequium.
1484 3119 1539 3173 Nec
1562 3119 1639 3173 enim
1661 3121 1769 3189 poterat

110 3210 211 3275 oritur,
235 3214 264 3263 et
286 3213 368 3264 tuum
397 3206 552 3262 tutamenti
576 3205 754 3261 obstaculum
771 3205 866 3275 ipsum
878 3204 955 3275 quod
1012 3206 1217 3277 utquemvita
1243 3211 1423 3260 mortuorum
1447 3207 1576 3273 vocabat,
1606 3204 1769 3278 morsiuiqr

110 3297 259 3352 sentiendo
274 3302 373 3352 contra
388 3312 466 3350 meos
481 3311 593 3349 errores
607 3293 729 3365 opposui
744 3291 873 3362 indigere
888 3308 957 3363 per·
1011 3300 1110 3361 neret;
1141 3299 1169 3349 et
1195 3311 1282 3366 quern
1325 3295 1372 3348 lux
1405 3295 1467 3366 ipsa
1495 3296 1708 3350 illuminaverat
1731 3299 1769 3350 ter

112 3385 217 3456 pendo.
236 3385 310 3438 Doce
326 3401 405 3455 ergo,
429 3383 560 3450 Domina,
586 3386 711 3434 mentem
728 3379 910 3445 intrinsecus,
928 3385 958 3434 et
1012 3382 1165 3436 obscurum
1181 3382 1304 3438 retinere
1316 3400 1374 3437 uon
1393 3383 1536 3438 valebant.
1551 3385 1623 3438 Voce
1649 3400 1706 3452 me,
1726 3383 1769 3440 uo

111 3474 142 3528 iu
162 3489 195 3527 ea
221 3489 284 3544 quae
312 3471 443 3527 docueris
465 3468 654 3525 haesitationis
682 3473 714 3539 tu
738 3467 954 3521 demeoestust.
1012 3473 1040 3523 et
1062 3469 1149 3523 dicito
1174 3470 1264 3524 mihi:
1292 3473 1331 3524 Tu
1354 3487 1395 3525 me
1419 3486 1529 3540 aequem
1553 3473 1638 3539 [toan.
1664 3487 1720 3537 xxi,
1748 3475 1769 3527 lt

112 3562 178 3616 Esto
193 3561 250 3616 dux
263 3560 375 3614 itineris
391 3560 515 3624 servulo,
532 3557 577 3610 ria
604 3557 684 3628 regia
708 3571 829 3610 erroneo
856 3555 956 3627 profu·
1011 3559 1333 3628 postquamvocaveris,
1362 3566 1394 3615 ut
1422 3559 1553 3614 obediam
1582 3561 1643 3614 roci
1671 3565 1728 3613 tua*¹
1756 3565 1768 3615 t

113 3665 161 3721 go,
187 3648 328 3704 medicina
352 3647 438 3702 variis
465 3645 652 3717 languoribus
670 3644 779 3710 saucio,
800 3644 868 3715 quia
883 3649 958 3699 tues
1013 3661 1093 3700 mens
1109 3646 1249 3716 inspirare
1271 3647 1484 3718 dignarejcordi
1498 3665 1581 3702 meo:
1605 3663 1769 3720 quanquam

112 3740 158 3793 lux
174 3737 303 3792 omnium
316 3737 495 3803 sacculorum,
511 3734 631 3790 dulcedo
644 3738 820 3798 sanctorum,
836 3733 957 3788 firmitas
1012 3734 1089 3789 aliud
1101 3735 1138 3788 sit
1150 3740 1200 3790 tua
1226 3736 1346 3804 vocatio,
1369 3737 1423 3790 nisi
1450 3753 1516 3791 vera
1541 3737 1692 3808 respectio.
1717 3736 1769 3791 Has

111 3827 305 3892 intirmorum,
327 3825 437 3880 curatio
460 3826 653 3895 leprosorum,
677 3823 735 3876 rita
765 3826 955 3889 mortuorum,
1012 3822 1153 3877 cntionem
1175 3823 1303 3894 inquiro,
1320 3824 1393 3878 hanc
1411 3825 1619 3895 respectionem
1636 3825 1769 3880 desidero

111 3916 249 3971 fortitudo
260 3915 416 3987 justorum,
442 3913 622 3968 subditorum
638 3910 811 3981 exemplum,
834 3911 879 3965 via
893 3926 958 3965 cre·
1009 3910 1169 3979 juscemodi
1193 3928 1292 3966 rocem
1318 3913 1475 3967 effectivam
1504 3914 1604 3967 audire
1635 3914 1753 3968 nimiter

104 4004 251 4072 dentium,
272 4002 410 4074 gaudium
427 4001 605 4072 augelorum.
631 4001 686 4053 Per
708 4004 736 4052 te
752 3998 897 4070 principes
912 4015 956 4052 re·
1011 3997 1065 4053 Sed
1088 3999 1220 4070 nunquid
1251 4017 1310 4054 non
1336 4001 1465 4056 vocasti?
1489 4003 1619 4073 nunquid
1638 4019 1696 4056 uon
1721 4003 1758 4057 ad

110 4099 201 4165 gnant
221 4091 309 4163 (Pron.
338 4107 397 4158 vui,
417 4092 470 4157 li).
495 4088 557 4144 Tibi
578 4087 673 4158 angeli
687 4086 837 4142 famulant.
861 4089 899 4143 Te
915 4103 958 4141 ar·
1012 4087 1133 4159 gratiam
1145 4088 1269 4142 invitasti
1283 4089 1439 4160 tuunquid
1454 4106 1512 4144 uon
1526 4089 1769 4161 quotidianobiss

110 4179 401 4251 changeliuuntiant.
420 4179 458 4232 Te
479 4177 599 4231 virtutes
624 4175 753 4230 adorant.
780 4177 819 4231 'le
846 4175 957 4231 Cheru·
1011 4175 1167 4229 vocationis
1193 4182 1249 4230 tum
1269 4176 1397 4231 misisti?
1418 4177 1476 4232 imo
1497 4178 1577 4233 omni
1597 4178 1681 4244 hora,
1700 4193 1769 4232 omn

109 4266 380 4344 bimac§eraphim
397 4264 558 4319 incessabili
579 4263 778 4319 roceTriuum
803 4262 958 4319 Dominum
976 4269 1109 4329 Dmenlo
1134 4280 1217 4319 vocas
1252 4269 1280 4319 el
1304 4265 1426 4319 clamas:
1455 4271 1564 4321 elnon
1590 4267 1681 4320 solum
1711 4282 1764 4338 per

110 4357 198 4423 coelis,
226 4354 392 4409 hominibus
413 4353 617 4408 nuntiantia
643 4352 758 4423 requies
780 4351 956 4423 patriarcha·
1010 4352 1111 4422 phetas
1127 4358 1203 4419 tuos,
1224 4370 1324 4408 verum
1340 4355 1528 4424 etiamperte
1543 4356 1647 4426 ipsum,
1669 4360 1766 4409 utnos

110 4461 186 4501 rum.
203 4447 244 4501 Tu
264 4443 393 4499 laudatio
416 4442 634 4515 prophetarum.
649 4441 691 4495 Tu
715 4440 865 4496 exsultatio
880 4456 955 4495 mar·
1011 4456 1136 4509 vocares,
1153 4441 1266 4496 venisti.
1284 4442 1352 4497 lude
1368 4442 1496 4514 quotidie
1507 4459 1559 4513 per
1570 4442 1757 4513 Evangelinm

111 4539 217 4605 tyrum.
232 4534 274 4588 Tu
290 4534 413 4604 hymnus
436 4530 589 4603 virginum.
618 4529 824 4601 Tupraemium
844 4529 955 4584 contes-
1011 4528 1091 4583 uobis
1116 4545 1174 4584 non
1202 4531 1379 4584 merentibus
1402 4532 1526 4586 clamas:
1551 4533 1606 4597 Qui
1626 4534 1686 4586 sitit
1711 4547 1769 4587 uem

109 4639 216 4678 sorum.
240 4624 281 4676 Tu
308 4638 371 4676 vere
395 4620 549 4678 Sabbatum
565 4633 580 4674 s
596 4620 767 4673 electorum:
791 4617 859 4688 quia
873 4623 954 4672 tuum
1010 4617 1096 4682 bibet,
1119 4623 1145 4672 et
1170 4620 1219 4688 qui
1233 4620 1331 4673 biberit
1356 4635 1389 4674 ea
1403 4636 1477 4689 equa
1502 4635 1583 4688 quom
1599 4635 1646 4687 eqo
1670 4620 1769 4675 deboc

109 4713 152 4764 est
166 4713 195 4764 et
218 4709 248 4764 in
272 4712 445 4779 teregnum
472 4707 620 4762 emiorum.
644 4704 766 4759 Domine
794 4705 878 4772 Deus,
894 4705 955 4776 pla·
1008 4706 1084 4760 sitiet
1112 4709 1210 4761 iterum
1234 4707 1321 4777 (loon.
1347 4724 1383 4774 iv,
1403 4709 1438 4777 7).
1468 4709 1503 4762 Et
1527 4725 1604 4776 vere,
1622 4709 1755 4774 Domine,

109 4797 232 4854 eeattibi
248 4798 359 4868 eripere
373 4812 420 4851 me
435 4813 452 4851 a
465 4794 650 4851 damnatione
667 4792 842 4864 iniquissimi
854 4792 954 4858 hostis,
1007 4809 1075 4849 vero
1091 4795 1176 4850 corde
1203 4795 1273 4862 sitit,
1296 4797 1430 4851 heresium
1457 4797 1523 4851 vitm
1549 4814 1606 4851 nrm
1637 4797 1769 4851 morienti

108 4893 137 4944 el
151 4888 301 4943 restituere
316 4902 362 4940 me
378 4885 512 4957 subjugo
530 4889 587 4938 ture
603 4882 778 4937 suavissima
794 4882 953 4952 potestatis.
1009 4882 1135 4955 digniter
1165 4885 1266 4940 sumit:
1295 4902 1347 4940 nec
1376 4886 1531 4956 aliquando
1557 4886 1637 4939 sitire
1670 4886 1752 4961 novit

108 4977 229 5043 erodsi
257 4975 474 5047 iniquitasmea
495 4971 679 5027 mihiinhoc
702 4972 797 5041 ipsum
814 4969 953 5037 adversat,
1008 4971 1145 5025 meustni
1167 4972 1253 5027 fontis
1276 4973 1412 5043 poculum
1433 4974 1537 5028 haurit.
1555 4974 1610 5027 Sed
1630 4978 1769 5044 aquatus

107 5077 156 5121 tua
169 5067 249 5137 larga
264 5064 460 5120 misericordia
474 5062 566 5133 ipsam
582 5076 677 5115 meam
699 5059 880 5132 iniquitatem
896 5060 953 5115 dis·
1011 5060 1099 5126 mine,
1116 5060 1189 5115 sicut
1211 5077 1328 5131 peecare
1344 5062 1542 5116 desinentibus
1565 5062 1651 5116 vitam
1675 5067 1769 5132 preest:

106 5158 231 5226 rumpat.
257 5153 320 5209 Scio
344 5153 431 5220 enim,
448 5150 579 5220 Domine,
609 5149 666 5205 seio
694 5148 762 5220 quia
785 5154 901 5221 paratus
925 5165 954 5204 es
1009 5147 1123 5203 adhunc
1151 5150 1338 5220 peccantibus
1363 5150 1471 5221 iguem,
1503 5168 1560 5205 non
1586 5150 1749 5206 satietatem

141 5304 154 5330 ⁸
173 5297 233 5364 lls,
254 5296 378 5350 liberare.
1043 5306 1059 5347 r
1078 5294 1139 5361 lla,
1152 5294 1291 5349 sabbatus.

141 5369 166 5410 bt
186 5369 244 5428 lls.‚
255 5370 284 5420 in
297 5363 465 5436 adjumento.
477 5362 516 5418 ad
525 5363 721 5432 adjumentum.
1042 5366 1056 5406 h
1075 5363 1137 5432 tls,
1154 5367 1299 5420 eustacius.

141 5435 156 5472 ‘¹
174 5439 235 5502 hs,
252 5437 367 5491 indicia.
1045 5432 1052 5467 ¹
1070 5434 1131 5502 lls,
1152 5436 1261 5504 grados.

141 5506 164 5542 ⁰¹
183 5507 244 5574 lla,
260 5512 336 5562 estes.
