3930 6098
108 266 164 322 289

544 350 546 355 γ
608 266 745 324 CONTRA
773 266 1369 330 commemoremus—tre.111.

1317 59 1329 95 l

1813 287 1866 339 290

107 399 208 469 quales
224 414 276 452 nos
301 414 401 452 sumus
424 397 547 469 intelligi
565 403 668 469 potest,
694 416 745 453 cur
767 417 823 453 uon
848 401 958 455 dicatur
977 408 1067 468 Ases,
1084 402 1123 457 sic
1133 403 1168 457 de
1183 404 1289 473 Spiritu
1299 412 1395 460 sancto
1411 424 1572 464 sermonem
1600 413 1777 480 terminans,
1805 416 1863 469 ait:

107 494 196 540 natus
215 504 288 553 esse,
313 489 361 540 sed
388 489 483 556 potins
506 488 659 558 procedere
682 489 804 559 Spiritus
828 497 956 555 sanctus,

107 577 247 647 quoniam
264 577 287 628 si
302 582 330 628 et
347 579 405 646 ipse
423 576 508 629 Filius
520 577 672 641 diceretur,
689 578 839 631 amborum
854 580 960 650 jnliqne

108 665 198 719 Filius
209 666 366 729 diceretur;
378 665 452 736 qnod
469 665 705 718 absurdissimum
716 674 765 719 est.
778 668 864 721 Filius
878 669 959 738 quip-

107 771 143 824 pe
159 755 257 808 nullus
268 759 310 807 est
323 755 459 819 duorum,
471 754 526 806 nisi
542 755 631 823 patris
647 761 674 808 et
686 756 792 809 matris.
810 757 890 810 Absit
911 774 959 809 nu·

106 849 166 897 tem
182 849 213 896 ut
228 843 302 896 inter
318 844 406 895 Deum
422 844 534 896 Patrem
551 847 578 896 et
593 844 682 896 Deum
702 845 803 897 Filium
825 846 880 897 tale
904 847 958 898 ati-

105 932 178 1002 quid
196 931 389 1002 suspicemur;
405 934 473 1003 quia
487 948 540 986 nec
555 933 642 986 Filius
657 934 808 987 homiuum
825 934 911 989 simul
926 952 959 988 ex

104 1028 190 1092 patre
208 1029 237 1075 et
257 1027 347 1074 matre
360 1021 506 1092 procedit;
517 1023 563 1076 sed
576 1038 640 1075 curn
655 1024 683 1076 ln
698 1027 817 1076 matrem
832 1025 960 1093 procedit

105 1126 141 1163 ex
156 1114 250 1182 patre,
266 1126 324 1164 nou
336 1114 405 1163 tunc
415 1111 543 1182 procedit
554 1127 585 1164 ex
598 1118 687 1165 rnatre
703 1127 710 1165 ε
726 1115 754 1165 et
765 1127 828 1164 curu
844 1111 874 1164 in
886 1112 959 1165 hanc

106 1199 202 1251 lucem
228 1198 357 1267 procedit
390 1215 423 1251 ex
458 1203 558 1262 matre,
587 1215 643 1251 non
667 1203 736 1252 tuuc
766 1200 896 1269 procedit
926 1216 958 1253 ex

106 1288 201 1341 Patre.
232 1286 353 1356 Spiritus
381 1291 477 1339 autem
505 1291 618 1339 sauctus
647 1303 704 1339 non
731 1288 765 1341 de
786 1290 867 1342 Patre
892 1304 957 1357 pro·

106 1376 186 1429 cedit
211 1375 241 1429 in
267 1375 381 1440 Filium,
399 1378 427 1428 et
455 1374 489 1428 de
515 1374 586 1429 Filio
617 1375 744 1445 procedit
768 1375 803 1429 ad
832 1376 958 1429 sanctiti-

1015 511 1029 539 «
1045 492 1118 556 Quid
1134 493 1210 546 aliud
1227 493 1318 548 dicam
1335 495 1469 565 fatigatus
1485 498 1629 569 fatigatis?
1643 501 1696 565 Oui
1727 503 1864 573 Spiritum

1014 585 1142 634 sanctum
1159 598 1175 634 a
1192 584 1274 635 Patre
1290 590 1318 635 et
1333 583 1412 646 Filio,
1435 587 1602 654 aeternitate,
1626 590 1795 656 substantia,
1821 595 1864 647 vet

1013 671 1217 724 communione
1241 675 1362 742 separat,
1384 689 1508 743 errorque
1524 684 1609 745 negat
1632 677 1770 747 Spiritum
1801 697 1864 735 esse

1015 757 1103 811 Putris
1119 767 1146 812 et
1162 761 1235 827 Filii,
1261 762 1362 831 plenus
1378 769 1420 815 est
1444 762 1547 831 spiritu
1570 765 1729 832 immundo,
1759 786 1864 824 vacuus

1013 849 1119 918 Spiritu
1135 853 1243 902 sancto.
1258 870 1271 900 n
1288 850 1413 903 Audiant
1428 850 1489 903 haec
1512 851 1727 923 impugnaturos
1759 859 1862 912 verita-

1014 938 1058 1002 tis,
1077 943 1213 1007 negantes
1229 938 1368 1008 Spiritum
1397 944 1526 992 sanctum
1557 941 1592 994 de
1619 943 1702 996 Patre
1733 945 1863 1017 Filioque

1014 1027 1176 1095 procedere.
1195 1026 1276 1090 Quod
1292 1032 1485 1096 cnmuegant,
1507 1033 1613 1097 negant
1637 1046 1702 1084 enm
1725 1049 1785 1086 esse
1811 1037 1861 1088 Pa-

1012 1113 1063 1167 tris
1078 1115 1200 1184 Filiique
1225 1114 1364 1184 Spiritum
1388 1132 1394 1169 :
1422 1121 1450 1170 et
1474 1117 1680 1185 pertimescant
1705 1137 1734 1173 se
1760 1122 1863 1193 spiritu

1012 1204 1112 1273 plenos
1128 1219 1188 1256 esse
1211 1203 1370 1269 immundo,
1401 1220 1563 1275 vacuosque
1595 1207 1702 1277 Spiritu
1739 1216 1861 1264 sancto:

1012 1308 1064 1344 nec
1078 1308 1159 1362 posse
1174 1292 1285 1346 reniam
1298 1293 1446 1363 consequi,
1457 1299 1542 1348 tantae
1558 1294 1581 1348 si
1597 1311 1655 1350 nou
1674 1296 1861 1367 blasphemiae

1013 1379 1249 1432 renuntiaverint.
1272 1379 1393 1443 Quodsi
1412 1381 1514 1435 nolunt
1540 1382 1638 1436 andire
1655 1384 1786 1454 maligni,
1813 1402 1864 1439 arr-

105 1466 231 1519 caudam
256 1470 428 1528 creaturam,
459 1463 508 1517 sed
536 1463 622 1516 simul
648 1463 683 1517 de
712 1469 834 1534 utroque
859 1480 958 1535 proce·
1013 1467 1094 1521 diana
1108 1467 1221 1536 pietatis
1236 1468 1330 1534 amici,
1348 1473 1375 1521 et
1390 1469 1591 1524 exhorrescant
1615 1471 1773 1542 impietatis
1792 1474 1864 1529 hlas-

106 1555 169 1608 dit:
185 1555 315 1626 quamvis
340 1554 393 1608 hoc
414 1555 499 1608 Pater
525 1553 593 1607 Filio
619 1553 739 1618 dederit,
767 1559 796 1606 ut
820 1554 958 1624 quemad·
1012 1555 1169 1623 phemiam,
1187 1562 1219 1610 ut
1232 1557 1399 1625 repleantur
1414 1557 1523 1627 Spiritu
1538 1565 1647 1613 sancto.

106 1644 277 1698 mudumde
298 1659 336 1705 se,
361 1643 400 1696 ita
416 1643 450 1698 de
466 1643 515 1696 illo
543 1658 657 1712 qnoque
686 1642 830 1712 procedat.
861 1644 959 1714 Neque
1048 1645 1161 1698 ltemin
1192 1645 1264 1698 libro
1291 1650 1389 1699 contra
1416 1647 1602 1702 Maximinum
1628 1649 1764 1704 Arianum
1800 1651 1859 1715 (tio.

106 1735 188 1787 enirn
218 1749 370 1803 possumus
394 1731 488 1784 dicere
514 1731 590 1802 quod
618 1730 728 1784 nonsit
752 1731 808 1783 vila
837 1731 958 1801 Spiritus
978 1701 1053 1798 Bnr,
1071 1749 1131 1801 cup.
1149 1736 1174 1799 5)
1192 1749 1198 1786 :
1217 1734 1291 1788 Dicis
1305 1750 1354 1786 rus
1381 1734 1521 1804 Spiritum
1551 1742 1680 1791 sanctum
1717 1738 1861 1793 honorare

106 1823 385 1887 sanctus‚cumrita
404 1821 566 1884 Pater,vita
591 1819 628 1872 sit
642 1820 752 1873 Filius:
778 1837 809 1871 ac
832 1836 883 1890 per
903 1821 957 1874 hoc
1012 1827 1042 1874 ut
1068 1821 1224 1886 doctorem,
1259 1824 1290 1875 ut
1316 1822 1492 1889 ducatorem,
1525 1829 1555 1875 ut
1578 1825 1814 1893 illuminatorem,
1828 1835 1860 1882 ut

106 1909 182 1963 sicot
196 1911 278 1962 Pater
296 1925 360 1962 cum
374 1908 477 1961 haheat
489 1908 576 1961 vitam
588 1908 617 1961 in
634 1909 800 1978 semetipso,
826 1908 905 1962 dedit
929 1915 957 1963 et
1011 1909 1248 1963 sanctificatorem
1265 1926 1271 1963 :
1287 1908 1431 1966 Christum
1447 1912 1538 1965 colere
1563 1918 1593 1966 ut
1609 1920 1789 1968 creatorem:
1808 1917 1859 1968 Pa·

106 1998 181 2052 Filio
193 1998 297 2051 hahere
313 1998 399 2048 vitum
415 1997 444 2050 in
460 1997 626 2065 semetipso,
642 1998 680 2050 sic
696 1997 721 2050 ei
738 1997 845 2050 dedit·
869 1999 955 2051 vitam
1010 2004 1082 2049 trem
1103 1996 1301 2049 cuniaslncera
1318 1997 1468 2051 devotione
1496 2000 1615 2053 adorare
1641 2007 1673 2054 ut
1703 2009 1858 2056 auctorem.

105 2088 247 2158 Spiritum
264 2086 561 2156 sanctumproredere
576 2085 610 2138 de
626 2084 676 2138 illo
692 2085 765 2139 sicut
789 2085 957 2155 proceditet
1010 2084 1039 2138 Si
1054 2088 1200 2138 auctorem
1222 2090 1373 2156 propterea
1397 2086 1467 2139 dicis
1499 2090 1620 2151 Patrem,
1649 2090 1717 2159 quia
1741 2091 1776 2144 de
1797 2090 1859 2161 ipso

106 2178 231 2247 deipsu.
251 2197 264 2224 »
966 2169 969 2177 ’
1010 2178 1052 2226 est
1071 2173 1166 2238 Filius,
1186 2189 1242 2226 non
1271 2178 1313 2226 est
1343 2179 1439 2226 autern
1465 2175 1526 2244 ipse
1551 2176 1586 2228 do
1611 2176 1709 2231 Filio:
1738 2185 1764 2232 et
1791 2179 1861 2249 quia

144 2267 209 2319 llaec
222 2266 321 2318 beatus
334 2263 508 2333 Augustinus
525 2263 559 2316 de
570 2278 701 2316 sermone
727 2278 858 2333 qucmse
886 2263 957 2317 dixit
1009 2261 1043 2314 dc
1067 2259 1116 2313 illo
1136 2267 1165 2313 et
1194 2261 1264 2313 Filio
1293 2260 1333 2313 sic
1361 2262 1490 2331 procedit
1525 2263 1649 2333 Spiritus
1675 2270 1799 2334 sanctus,
1829 2273 1861 2321 ut

105 2355 208 2409 iecisse
223 2370 318 2408 coram
333 2352 449 2424 populo,
463 2352 610 2405 transtulit
626 2351 654 2404 in
681 2351 786 2404 lihrurn
811 2350 956 2405 decimum
1009 2350 1069 2420 ipse
1095 2350 1149 2404 hoc
1180 2350 1290 2404 dederit
1319 2350 1400 2416 Filio,
1436 2351 1583 2420 gignendo
1612 2367 1678 2406 eum
1711 2354 1798 2409 talem
1827 2359 1859 2409 ut

105 2443 243 2512 quintum
259 2443 293 2495 de
306 2446 402 2495 sancta
422 2440 576 2496 Trinitate.
604 2442 641 2495 De
669 2456 727 2510 quo
753 2456 885 2493 sermone
909 2455 955 2493 su·
1009 2439 1095 2492 etiam
1124 2438 1236 2507 daipso
1267 2439 1403 2508 procedat
1427 2439 1551 2510 Spiritus
1573 2445 1696 2499 sanctus.
1726 2443 1755 2498 si
1780 2460 1857 2498 crea·

105 2547 159 2601 pra
171 2531 231 2601 jam
246 2530 410 2583 testimonia
431 2529 591 2598 posuimus,
609 2533 638 2580 et
661 2528 729 2597 qnid
759 2527 841 2581 nohis
863 2528 955 2580 risum
1008 2530 1101 2580 torcm
1117 2527 1235 2581 sicdicis
1251 2527 1363 2591 Filium,
1385 2532 1417 2581 ut
1433 2533 1591 2583 creatorem
1609 2543 1667 2583 non
1690 2545 1776 2601 neges
1808 2532 1859 2586 Pa·

104 2619 213 2674 exinde
228 2620 315 2673 lrrerit
333 2617 458 2671 breviter
481 2616 616 2681 diximus,
634 2631 698 2686 qnae
720 2616 858 2687 replicare
880 2631 956 2670 nnnc
1009 2620 1093 2681 trem,
1116 2632 1168 2669 nec
1192 2615 1330 2685 Spiritum
1352 2621 1490 2669 sanctum.
1519 2616 1548 2671 Si
1570 2617 1696 2687 denique
1719 2618 1857 2688 Spiritum
1946 2683 1947 2686 Ἰ

104 2706 613 2762 credimusnonessenecessarinm.
632 2706 689 2759 lloc
710 2705 890 2758 solummodo
912 2704 954 2758 di·
1009 2709 1138 2758 sanctum
1159 2704 1229 2758 dicis
1249 2705 1289 2758 sic
1317 2704 1474 2771 doctorem,
1503 2704 1680 2770 ducatorem,
1711 2707 1858 2762 illumiua-

104 2799 229 2851 cendnm
250 2797 325 2867 quod
351 2796 426 2849 inter
449 2795 665 2864 generationem
690 2807 721 2846 ac
744 2793 955 2862 processionem
1008 2791 1370 2859 torem,sauctificatorem,
1386 2797 1416 2845 ut
1431 2792 1491 2847 haec
1515 2808 1604 2863 opera
1627 2810 1678 2848 nec
1705 2796 1781 2850 Patri
1805 2813 1858 2851 au-

104 2888 181 2941 hanc
195 2886 264 2940 dicit
279 2902 340 2939 esse
356 2883 559 2949 differentiam,
574 2882 648 2953 quod
666 2881 812 2950 generatio
829 2882 865 2934 sit
881 2882 953 2946 Filii,
1009 2881 1210 2945 dcasanlerre,
1234 2897 1285 2934 nec
1308 2881 1389 2947 Filio,
1407 2881 1463 2934 ista
1484 2883 1634 2935 tuaetiam
1664 2889 1762 2938 nostra
1790 2889 1857 2939 suut

104 2975 244 3046 quoniam
261 2975 322 3044 ipse
339 2978 422 3027 natus
434 2989 495 3025 esse
510 2972 620 3025 dicatur
632 2971 667 3024 de
690 2971 787 3035 Patre3
811 2971 954 3039 processio
973 2970 1105 3055 Crerha.
1120 2991 1134 3017 υ
1152 2971 1216 3023 llaec
1231 2973 1345 3023 sanctus
1361 2969 1538 3039 Augustinus
1563 2970 1699 3024 adversus
1724 2972 1854 3027 Arianos.

102 3080 171 3117 vero
184 3064 327 3134 pertineat
343 3061 378 3115 ad
389 3061 529 3130 Spiritum
545 3064 759 3123 sanctum3nec
774 3074 840 3111 enm
871 3075 953 3128 posse
1009 3058 1130 3112 Videant
1144 3057 1191 3110 isti
1207 3058 1288 3126 cujus
1301 3057 1390 3110 velint
1412 3073 1473 3110 esse
1501 3056 1567 3112 iidei
1588 3059 1632 3112 vel
1656 3057 1855 3127 imperatores,

102 3151 158 3206 dici
175 3149 452 3221 generatum3quod
477 3147 501 3201 si
524 3147 635 3200 dicatur
654 3151 752 3211 natus;
779 3148 838 3198 tam
863 3133 955 3199 Patris
1008 3148 1051 3200 rel
1076 3145 1270 3199 Ariomauitae.
1299 3144 1328 3198 Si
1354 3149 1461 3215 negant
1491 3144 1631 3214 Spiritum
1655 3150 1784 3200 sanctum
1820 3147 1855 3202 de

103 3257 192 3311 quarn
208 3241 271 3294 Filii
286 3255 347 3292 esso
363 3239 472 3292 dicetur
488 3254 494 3290 :
511 3235 589 3308 quod
599 3250 719 3288 summae
732 3232 799 3287 dicit
811 3249 872 3287 esse
883 3235 953 3287 stul·
1008 3237 1090 3290 Patre
1105 3232 1233 3303 Filioque
1251 3233 1415 3304 procedere,
1429 3232 1574 3287 catholice
1593 3233 1660 3287 tidei
1674 3240 1854 3304 repugnaut;

102 3331 183 3392 litiae,
201 3344 295 3398 neque
318 3327 421 3381 divinae
445 3324 624 3395 generationi
649 3323 812 3376 convenire.
834 3323 953 3386 Quando
1008 3330 1036 3378 et
1058 3322 1156 3376 Ariani
1176 3322 1318 3392 dogmatis
1341 3327 1495 3376 assertores
1513 3321 1689 3376 efficiuntur.
1718 3323 1800 3387 Quod
1831 3323 1855 3377 si

103 3433 230 3488 namque
247 3415 368 3486 quisque
384 3415 471 3468 Filius
485 3414 520 3467 de
536 3414 628 3479 Patre,
646 3411 773 3480 Filioque
799 3416 883 3463 uatus
902 3426 953 3463 ex·
1007 3411 1138 3466 catholici
1163 3415 1239 3474 sunt,
1266 3415 1294 3464 et
1321 3411 1445 3464 oderunt
1465 3410 1546 3481 pravi
1581 3410 1724 3480 dogmatis
1751 3411 1857 3466 falsita-

104 3506 195 3560 stitit?
211 3506 286 3575 Ergo
302 3505 438 3575 quoniam
452 3503 504 3556 ista
522 3506 589 3556 snut
608 3501 822 3566 absurdissima,
842 3500 953 3553 dicator
1006 3507 1075 3565 tem,
1093 3517 1151 3554 nou
1167 3504 1290 3570 arguunt
1306 3499 1429 3565 Latinus,
1445 3499 1505 3552 imo
1523 3499 1690 3553 catholicam
1717 3499 1856 3554 confiten-

106 3595 190 3648 Filius
206 3599 290 3647 natus
305 3594 339 3647 de
366 3594 456 3656 Patre,
477 3591 600 3661 Spiritus
620 3606 688 3643 sero
713 3594 826 3642 sanctus
850 3605 952 3658 proce·
1006 3596 1076 3657 tem,
1092 3589 1228 3660 Spiritum
1244 3595 1373 3642 sanctum
1388 3588 1423 3642 de
1439 3590 1520 3642 Patre
1537 3589 1665 3658 Filioque
1681 3588 1855 3658 procedere:
1875 3635 1880 3643 .

106 3683 223 3738 densab
252 3688 384 3752 utroque.
406 3681 461 3734 Nec
486 3681 539 3734 hoc
562 3679 805 3733 inconvenienter.
840 3677 951 3732 hictum
1006 3678 1059 3732 ista
1076 3679 1212 3748 quoniam
1236 3693 1351 3747 negare,
1379 3677 1493 3731 Arianae
1521 3676 1650 3748 perfidie
1671 3677 1854 3732 manifestum

108 3776 292 3841 uumqueest,
312 3772 424 3824 Patrem
440 3769 580 3822 solumex
597 3766 696 3820 nullo:
723 3782 754 3819 ex
777 3766 858 3819 Patre
885 3781 952 3818 vero
1007 3772 1048 3820 est
1064 3766 1235 3821 consentire.

111 3860 206 3914 Filium
223 3866 253 3913 et
266 3859 405 3928 Spiritum
421 3862 562 3910 sanctum.
584 3857 614 3909 Et
630 3856 742 3908 Patrem
770 3870 831 3907 esse
853 3855 950 3918 vitani,
1042 3851 1112 3902 item
1128 3847 1276 3901 incudem
1300 3846 1372 3900 lihro
1399 3844 1550 3915 (cuplllz
1579 3865 1593 3895 <r
1617 3847 1755 3911 Orraerisa
1781 3864 1852 3903 me:

114 3947 206 4002 Filium
223 3949 309 4001 etiarn
333 3947 431 4011 vitam,
454 3944 592 4015 Spiritum
618 3958 734 4014 quoque
756 3948 885 3996 sanctum
909 3942 952 3995 vi·
1007 3937 1319 4003 (nimirumhtaximum
1333 3934 1472 3989 Arianum
1488 3935 1683 4004 interpellans,
1698 3935 1744 3988 cui
1759 3937 1855 4006 loque·

114 4041 172 4091 tam
192 4037 246 4092 Sed
267 4036 354 4089 vitam
371 4036 406 4089 de
422 4035 502 4088 nulla
516 4034 574 4087 vita
591 4034 703 4086 Patrem
719 4032 825 4096 solum3
850 4031 950 4084 Filium
1007 4027 1101 4097 hatur)
1117 4026 1141 4080 si
1156 4026 1190 4080 dc
1205 4024 1362 4079 substantia
1377 4024 1466 4077 Patris
1481 4029 1523 4077 est
1539 4024 1635 4088 Filius,
1662 4025 1696 4078 de
1719 4024 1853 4078 substau-

116 4138 170 4180 rero
191 4127 278 4180 sitam
295 4125 331 4179 de
355 4125 437 4177 Patre
461 4124 534 4186 solo,
560 4120 609 4174 sed
637 4120 780 4190 genitam3
814 4119 951 4190 Spiritum
1007 4116 1046 4170 tia
1060 4115 1149 4171 Patris
1164 4120 1208 4170 est
1221 4114 1343 4185 Spiritus
1372 4118 1496 4179 sanctus,
1513 4128 1564 4166 cur
1588 4128 1663 4166 rruus
1690 4112 1776 4167 Filius
1804 4115 1851 4180 sit,

120 4227 216 4286 quoque
236 4218 367 4268 sanctum
383 4211 470 4266 vitam
484 4227 542 4264 non
571 4210 605 4263 de
635 4210 696 4262 solo
723 4210 806 4262 Putre
833 4223 886 4260 nec
917 4208 952 4260 de
1007 4210 1034 4259 et
1047 4205 1119 4258 alius
1135 4221 1192 4259 non
1208 4204 1244 4258 sit
1258 4203 1367 4257 Filius?
1385 4204 1452 4256 Ecce
1467 4202 1637 4273 respondeo,
1664 4201 1722 4257 sire
1746 4203 1851 4273 capias,

121 4302 166 4356 solo
177 4304 259 4370 Filio,
276 4303 324 4356 sed
339 4302 374 4356 ab
385 4306 522 4371 utroque;
547 4299 669 4352 sednon
694 4297 734 4349 sic
749 4297 784 4350 de
809 4297 899 4363 Patre,
920 4300 947 4348 ut
971 4293 1063 4353 Dsire
1079 4309 1135 4347 non
1150 4292 1267 4362 capias:
1290 4293 1327 4345 De
1348 4292 1432 4345 Patre
1457 4296 1500 4345 est
1523 4290 1620 4356 Filius,
1639 4291 1674 4346 de
1698 4292 1782 4346 Patre
1810 4297 1853 4345 est

123 4388 318 4463 indeprocedat
332 4391 363 4445 iu
377 4389 491 4451 Filium,
508 4392 538 4442 et
551 4403 649 4441 rursus
665 4387 699 4440 de
722 4385 792 4439 Filio
817 4384 951 4454 procedat
1006 4382 1129 4452 Spiritus
1148 4387 1275 4444 sanctns;
1301 4379 1351 4433 sed
1380 4379 1428 4432 ille
1455 4379 1578 4449 genitus,
1598 4378 1652 4432 iste
1682 4377 1850 4448 procedens.
1897 4429 1899 4435 ,

125 4477 289 4535 adcreaturae
310 4476 585 4532 sanctificationem:
610 4473 763 4528 nonenim
787 4472 869 4526 isthic
892 4472 950 4526 ulla
1005 4471 1071 4523 ideo
1087 4469 1135 4523 ille
1150 4468 1238 4523 Filius
1252 4472 1294 4521 est
1314 4467 1415 4532 Patris,
1432 4466 1467 4521 de
1492 4482 1548 4537 quo
1573 4471 1617 4520 est
1642 4466 1772 4536 genitus;
1798 4465 1852 4520 iste

126 4574 248 4623 momenta
262 4566 411 4638 temporis,
427 4565 470 4619 vel
486 4565 556 4619 ordo
576 4564 757 4634 cogitandus.
783 4561 873 4617 Simul
898 4560 951 4613 de-

125 4653 191 4726 tiqne
205 4656 333 4728 procedit
348 4655 383 4709 ah
410 4654 558 4720 ambobus,
573 4653 602 4707 id
616 4657 668 4717 est,
690 4651 761 4706 lcum
789 4648 919 4721 procedit
935 4666 951 4702 a

127 4739 343 4817 Patrc,procedit
370 4760 387 4797 a
414 4742 500 4809 Filiu;
528 4747 556 4796 et
580 4757 645 4795 cum
669 4739 799 4811 procedit
826 4755 841 4790 a
869 4736 949 4801 Filio,

126 4835 231 4895 procedit
244 4851 261 4887 a
276 4835 370 4901 Patre,
386 4831 465 4886 nullo
476 4832 519 4885 vel
544 4835 675 4900 tempore
692 4831 737 4883 vel
762 4829 862 4881 ordine
888 4840 950 4879 me·

125 4912 197 4976 tuate
212 4942 220 4976 :
235 4922 289 4976 hoc
305 4926 402 4976 tamen
414 4920 551 4974 iuteresse
577 4925 607 4971 ut
631 4920 740 4972 Patere
765 4917 845 4969 nullo
870 4929 949 4967 acce-

59 5072 61 5076 ,
124 5008 185 5073 perit,
202 5015 233 5065 ut
243 5010 280 5064 de
295 5011 345 5064 illo
360 5009 529 5080 procederet
545 5006 668 5078 Spiritus
683 5009 796 5059 sanctus
813 5020 820 5057 ε
838 5006 948 5056 atvero

125 5086 216 5151 liliosa
241 5099 325 5152 Patre
344 5097 487 5168 percepit,
509 5099 540 5149 ut
563 5094 599 5149 ah
616 5110 649 5149 eo
676 5093 844 5164 procederet
871 5091 948 5145 idem

123 5175 223 5250 Spiritus
234 5190 359 5240 sanctus.

145 5271 206 5329 llam
220 5275 251 5329 in
267 5275 342 5330 libro
356 5273 558 5345 disputationis
580 5272 679 5325 contra
698 5268 827 5341 quinque
851 5267 948 5321 Haere-

142 5418 255 5472 ⁸Vitum
276 5417 415 5486 Spiritum
438 5419 570 5469 sunctum.
594 5414 659 5466 [tuae
676 5410 785 5465 ultimae
808 5424 890 5462 voces
917 5407 948 5461 in

59 5482 61 5496 '
114 5487 255 5558 Augustino
270 5502 332 5541 uon
345 5486 498 5556 leguntur;
514 5490 543 5538 et
555 5483 665 5538 additas
680 5498 740 5536 esse
763 5497 778 5534 a
793 5479 947 5534 llatramno

113 5558 148 5612 rel
160 5558 226 5613 iude
240 5563 364 5623 constat,
380 5557 459 5628 quod
474 5555 607 5633 superius
620 5552 712 5624 capite
739 5554 765 5616 2,
789 5551 839 5606 uhi
862 5565 947 5604 ernu-

1005 4562 1099 4610 entem
1117 4555 1253 4625 Spiritum
1269 4554 1428 4623 utriusque.
1448 4553 1584 4624 quoniam
1600 4553 1634 4607 de
1646 4557 1766 4624 utroque
1780 4569 1851 4624 pro·

1004 4645 1089 4700 cedit.
1113 4665 1124 4692 ι
1144 4643 1268 4713 Negabat
1282 4642 1449 4696 Maximinus
1474 4641 1606 4706 Arianus,
1632 4648 1733 4696 contra
1764 4657 1850 4714 quem

1004 4734 1063 4804 agit
1080 4733 1178 4786 heatus
1192 4730 1378 4801 Augustinus,
1401 4729 1539 4800 Spiritum
1566 4734 1695 4786 sanctum
1720 4730 1755 4785 de
1769 4731 1850 4784 Patre

1004 4822 1169 4893 procedere.
1195 4819 1310 4874 Dicebat
1325 4820 1403 4873 enim
1431 4834 1496 4872 eum
1524 4818 1666 4873 minorem
1691 4819 1772 4885 Filio,
1798 4833 1850 4871 uec

1003 4909 1274 4965 consubstantialem
1289 4908 1377 4971 Patri,
1393 4907 1491 4961 volens
1505 4924 1645 4962 evacuare
1674 4905 1751 4978 qnod
1776 4905 1849 4959 fides

1003 4997 1239 5064 catholicateuet‚
1261 4995 1400 5066 Spiritum
1426 5000 1555 5049 sanctum
1578 4991 1848 5048 consubstantialem

1002 5085 1078 5140 Patri
1103 5083 1239 5154 Filioque.
1262 5084 1295 5137 Et
1322 5082 1387 5136 ideo
1418 5081 1552 5136 dicebat:
1577 5082 1606 5135 Si
1633 5082 1667 5136 de
1691 5077 1850 5134 substantia

1002 5172 1092 5227 Patris
1127 5171 1201 5225 toret
1230 5169 1353 5240 Spiritus
1387 5174 1511 5236 sanctus,
1540 5168 1613 5221 sicut
1630 5166 1665 5221 de
1692 5165 1849 5219 substantia

1002 5260 1094 5315 Patris
1108 5264 1150 5314 est
1166 5259 1261 5327 Filius,
1287 5275 1348 5313 esse
1369 5258 1431 5329 jam
1445 5259 1653 5327 cousequenter
1676 5253 1747 5308 duos
1774 5252 1848 5307 lilios

1002 5403 1067 5458 dem
1078 5400 1332 5474 Augustiuilccum
1340 5398 1469 5466 attexuit,
1477 5398 1530 5451 hoc
1549 5398 1663 5450 aarum
1687 5395 1846 5467 legebatur,

1000 5476 1087 5529 uttam
1097 5473 1241 5544 procedere
1250 5472 1283 5526 de
1293 5473 1348 5536 illo,
1364 5476 1417 5525 etc.
