3930 6098
644 294 899 351 WANDALBERTI
918 293 1127 352 padulensis
1146 293 1300 351 bouacttl

280 433 379 487 Temet
393 446 477 485 nosce
489 429 621 485 ridendo.
968 431 992 483 Α
1181 429 1252 483 Cum
1268 426 1398 498 prolerre
1414 428 1555 499 patrando

281 521 389 590 Nempe
405 518 467 574 hoee
480 519 579 573 omnia
590 518 672 589 jussu
1185 516 1306 571 virtutes
1321 515 1477 584 meditaris,

280 608 352 664 Sunt
366 612 465 662 exorte
479 607 609 671 volentis,
1183 605 1301 658 Fructus
1317 604 1406 658 herba
1421 605 1464 658 rel
1477 605 1560 660 arboe

281 698 389 753 Rerum
404 696 469 768 quis
483 701 561 751 meat
573 695 654 751 ordo.
1182 693 1262 748 ltisto
1278 692 1388 747 semine
1400 692 1533 764 gignens,

279 787 317 841 Te
334 800 465 839 summus
480 784 651 856 sapiensque
1183 781 1265 836 Cultu
1280 781 1395 837 frondet
1407 797 1531 836 amueno.

280 876 471 945 AEternusque
485 877 615 945 repertor
1182 870 1254 926 Solis
1269 886 1334 925 mox
1348 870 1401 924 tibi
1417 869 1515 925 lumen

282 963 360 1018 Limo
376 961 468 1029 linxit,
483 967 511 1016 et
523 966 600 1017 artus
1182 958 1308 1015 Caelestis
1324 957 1446 1024 radiare,

281 1051 428 1104 Formetos
441 1049 597 1106 animando
793 1074 796 1079 ⁴
1183 1046 1379 1118 Splendorque
1392 1045 1495 1116 incipit
1508 1046 1617 1111 almus3

281 1139 386 1205 Erexit,
400 1143 582 1210 superantem
1182 1136 1253 1190 Tum
1270 1135 1398 1206 prolerre
1412 1134 1540 1205 gerendo

282 1228 389 1282 Cuncta
405 1230 436 1282 nt
451 1232 545 1282 mente
559 1227 668 1284 rideret
1182 1222 1513 1278 blenslustratavidebit
1606 1256 1609 1263 -

283 1315 382 1371 Omnis
399 1315 531 1371 machina
544 1316 617 1371 coeli.
1184 1311 1251 1366 Coeli
1267 1311 1354 1380 dignu
1370 1310 1475 1377 levore,

279 1405 316 1458 Te
331 1410 505 1475 propterque
521 1410 632 1459 creatus
1181 1401 1252 1455 Tum
1270 1399 1431 1454 discernere
1445 1400 1519 1454 lecte

279 1492 400 1546 blundus
415 1496 443 1546 te
458 1492 538 1546 docet
553 1493 657 1559 omnis,
1183 1489 1249 1543 Luci
1264 1488 1386 1559 aptanda
1401 1490 1444 1542 vel
1462 1487 1579 1552 umbris,

280 1581 358 1636 Alter
372 1587 462 1652 tuque
476 1581 584 1635 voceris
1181 1577 1253 1631 Tum
1269 1575 1391 1631 fraenare
1406 1576 1542 1647 pudende

279 1669 374 1723 Prisco
388 1668 505 1723 nomine
519 1669 654 1736 mundus,
1180 1666 1240 1721 blox
1255 1680 1383 1732 accensa,
1400 1665 1520 1719 latentes

281 1758 346 1811 Haec
360 1758 405 1812 eui
420 1757 528 1812 lubrica
542 1758 626 1813 cedit.
1182 1753 1281 1809 Cordls
1293 1754 1419 1825 tegmine
1434 1770 1534 1808 sensns

280 1846 317 1899 Te
332 1846 380 1899 tux
395 1845 445 1900 illa
459 1847 597 1916 perennis
1183 1842 1289 1897 Passim
1304 1851 1317 1876 ⁸
1332 1841 1422 1897 mittit
1433 1842 1464 1896 in
1479 1858 1573 1897 auras.

281 1933 420 1988 Primaevo
435 1935 511 1990 edite
522 1936 606 2005 jussu
1181 1931 1214 1985 Hi
1230 1932 1274 1986 vel
1290 1932 1366 1985 celse
1382 1935 1535 2001 capessunt

280 2021 361 2076 Lucis
378 2026 518 2077 monstrat
533 2023 692 2079 alumnum.
845 2041 850 2049 ⁴
1182 2020 1283 2073 Mentis
1296 2019 1423 2074 culmine
1438 2019 1519 2084 recti,

282 2111 388 2165 Lumen
404 2126 471 2165 nam
484 2111 537 2166 tibi
551 2112 655 2166 mentis
1180 2113 1349 2179 arcanoque
1365 2108 1471 2171 volatu,

281 2199 416 2253 Formens
428 2199 533 2254 indidit
549 2206 657 2255 auctor.
1182 2197 1264 2250 Curis
1276 2197 1307 2251 hi
1321 2195 1452 2262 revoluti,

280 2287 348 2351 Quae
364 2303 429 2358 pars
444 2293 471 2341 te
485 2288 562 2343 alma
575 2289 683 2344 bearet.
1182 2285 1360 2356 instantique
1375 2285 1473 2339 labore
1494 2322 1496 2326 -

281 2373 352 2429 ilinc
365 2390 543 2446 quaecunque
560 2391 611 2446 per
625 2376 699 2431 imos
1182 2373 1279 2429 Mundi
1294 2373 1445 2428 commoda
1458 2377 1594 2443 quaerunt

280 2463 361 2517 Errat
379 2464 470 2532 portio
485 2458 595 2529 sensus,
1181 2460 1256 2525 Quin
1271 2464 1299 2514 et
1314 2459 1442 2531 corporis
1457 2458 1521 2529 ipsa

281 2549 367 2605 Caeeis
379 2551 467 2605 lauret
482 2550 513 2605 in
530 2551 639 2606 umbris
655 2569 662 2606 t
1181 2546 1300 2602 Terreni
1315 2547 1409 2618 gravis
1425 2551 1511 2618 etque

281 2639 372 2693 Debet
385 2639 479 2708 portio
493 2646 631 2711 praestune
1183 2639 1306 2708 vergens
1320 2636 1447 2708 pondere
1463 2637 1561 2701 moles,

281 2728 395 2782 Partem
410 2726 510 2782 ellerre
524 2727 572 2782 sed
587 2727 686 2796 imam,
1181 2730 1235 2780 Aut
1251 2725 1374 2780 mundos
1387 2726 1464 2796 perit
1480 2729 1560 2779 actus

279 2814 512 2885 torpentemque
526 2814 630 2869 levare.
1181 2815 1253 2870 Cum
1269 2819 1365 2869 mente
1379 2813 1590 2884 innocuosque,

280 2902 337 2956 Hoc
353 2901 464 2955 firmata
482 2917 533 2973 per
547 2902 638 2958 undas
1182 2901 1252 2956 Vitae
1264 2907 1292 2956 et
1307 2917 1425 2956 munere
1440 2900 1560 2972 dign0s3

280 2989 348 3044 Coeli
366 2990 479 3060 sphaera
495 2991 608 3058 docere,
1181 2992 1347 3061 Impurosve
1362 2989 1496 3055 creando,

282 3077 373 3141 Unde,
389 3083 418 3132 et
430 3094 528 3150 sparse
544 3079 664 3134 videtur.
1182 3080 1282 3135 Foedos
1296 3084 1383 3150 alque
1398 3082 1541 3144 eruentus,

281 3166 338 3219 Hoc
351 3166 534 3237 torpentibus
545 3167 620 3221 arvis
1183 3169 1296 3224 Celsum
1312 3167 1399 3222 toedat
1415 3167 1567 3222 honorem.

278 3253 374 3307 Tellus
389 3253 448 3308 vien
462 3259 580 3324 repente
1182 3257 1252 3310 Vero
1268 3256 1376 3309 lumine
1393 3254 1496 3309 mentis

282 3341 358 3395 Foeta
371 3345 400 3395 et
414 3345 545 3412 germine
560 3343 703 3414 prompsit
933 3352 936 3358 '
1181 3345 1259 3398 Tunc
1272 3343 1388 3398 demum
1402 3343 1451 3397 ille
1465 3342 1581 3411 vigebit,

281 3429 409 3499 Namque
424 3429 485 3483 haec
500 3429 608 3500 optime
623 3430 681 3485 vite
695 3437 747 3500 est,
1182 3431 1351 3502 Coetestique
1367 3431 1455 3485 homo
1470 3445 1567 3498 sensu,

280 3516 385 3579 Virtus,
401 3516 550 3588 formaque
564 3523 661 3573 nostra
674 3524 727 3586 est,
1181 3522 1272 3575 Motus
1287 3519 1337 3591 qui
1354 3524 1435 3591 reget
1447 3534 1558 3585 omues,

280 3604 382 3673 Pigros
396 3621 462 3675 quae
477 3605 562 3675 erigit
577 3611 666 3671 artus,
1183 3608 1382 3678 obscenosque
1398 3606 1570 3678 premendo,

281 3691 349 3755 Quae
363 3694 508 3764 torpentia
523 3695 603 3749 norit
1182 3699 1279 3752 Castus
1293 3701 1390 3751 exeret
1403 3701 1491 3750 actus.

280 3779 371 3835 Cordo
387 3783 554 3848 accendere,
571 3783 675 3855 cuique
1183 3785 1291 3840 AEterni
1306 3785 1383 3838 hune
1398 3783 1523 3856 peradisi

281 3869 348 3922 Pars
362 3869 439 3924 cedit
452 3870 562 3925 vitiosa.
1185 3873 1248 3928 Flos
1262 3873 1428 3944 fructusque
1443 3871 1587 3944 perennis,

216 3988 219 3993 ·
279 3957 632 4028 Tumagnasmudicasre
1184 3961 1254 4016 Vitae
1269 3962 1390 4034 fonsque
1404 3960 1521 4016 torebit.

140 4105 153 4130 ⁸
167 4098 217 4151 Hic
230 4097 361 4151 nonnihil
376 4098 462 4153 deest.

453 4374 690 4521 VITA
744 4374 1094 4524 SANCTI
1148 4374 1506 4524 GOARIS

693 4629 892 4693 AUCTORE
914 4629 1262 4693 WANDALBERTO,

136 4783 222 4848 (Apud
236 4783 346 4840 blabill..
363 4784 420 4834 Act.
434 4785 479 4835 SS.
494 4786 551 4836 ord.
564 4787 590 4837 S.
603 4786 709 4849 Bened,
723 4790 788 4837 tom.
804 4788 836 4846 ll,
853 4801 883 4837 ex
898 4786 985 4847 Surio,
1003 4787 1035 4836 ed
1051 4800 1103 4836 me.
1121 4787 1179 4836 cod.
1195 4786 1222 4836 S.
1235 4785 1347 4849 Remigii
1364 4784 1519 4834 Rhemenste
1534 4786 1611 4834 aucto
1625 4786 1652 4835 et
1665 4771 1803 4834 emendutol

121 4985 157 5048 In
172 4985 290 5048 Christi
305 4986 432 5047 nomine
448 4986 605 5066 Prologus
622 4987 881 5048 Waunannearr
897 4987 1023 5048 diaconi
1037 4986 1069 5048 in
1083 4987 1191 5049 Vitam
1213 4990 1244 5046 et
1257 4990 1347 5046 actus
1363 4990 1459 5063 atque
1475 4984 1628 5046 miracula
1643 4983 1681 5044 B.
1699 4982 1815 5046 Germa

194 5066 300 5127 editus
316 5067 356 5127 ad
371 5066 527 5128 illustrem
539 5067 644 5128 virum
659 5067 940 5142 Mancuvannnru,
958 5067 1107 5128 abbatem
1121 5065 1308 5128 monasterii
1324 5065 1474 5138 Prumiae,
1491 5064 1602 5142 incipit
1615 5063 1756 5125 feliciter.

141 5200 166 5251 l.
181 5197 315 5254 ltirecula
328 5197 493 5253 divinorum
507 5215 627 5270 operum
642 5198 770 5254 humano
784 5199 884 5271 generi
894 5199 951 5255 fide
970 5199 992 5254 D
1007 5197 1108 5253 Christi
1124 5198 1253 5269 potentia
1268 5198 1363 5259 elficit,
1379 5201 1429 5252 aut
1446 5213 1500 5267 per
1517 5200 1629 5251 sanctos
1649 5195 1725 5251 viros
1744 5186 1833 5249 manu

104 5300 217 5357 semper
232 5286 346 5357 integra
362 5303 423 5340 esse
441 5286 623 5357 suspicienda
637 5292 666 5342 et
685 5288 787 5343 deuota
808 5287 949 5359 glorifica·
1005 5287 1033 5341 in
1056 5287 1220 5357 exemplum
1240 5285 1405 5357 propositos
1423 5290 1569 5357 operetur,
1585 5288 1741 5356 propterea
1753 5287 1835 5338 nosue

104 5373 183 5427 tione
211 5374 365 5442 narranda,
395 5375 540 5446 Scriptura
567 5380 665 5430 sancta
692 5381 893 5431 commonente
921 5381 951 5432 et
1004 5379 1135 5444 tempure
1160 5375 1257 5430 minus
1283 5374 1429 5430 interdum
1453 5378 1522 5428 nota
1545 5377 1572 5428 et
1598 5372 1677 5427 clara
1699 5372 1837 5429 habentne

105 5461 205 5530 angelo
224 5461 278 5515 hoc
296 5463 390 5532 ipsum
410 5463 504 5518 Tobiae
523 5469 619 5518 sancto
639 5465 824 5536 precipiente
847 5463 950 5520 didici·
1003 5463 1080 5534 quod
1102 5468 1152 5517 aut
1165 5463 1279 5518 caducis
1294 5462 1379 5518 rebus
1395 5461 1498 5517 intenti
1516 5476 1619 5532 parum
1636 5460 1699 5514 hese
1714 5465 1742 5515 el
1754 5459 1840 5515 leviter

104 5562 178 5602 mus.
194 5549 321 5603 Plurima
335 5554 432 5607 tamen
447 5568 547 5607 eorum
562 5569 626 5625 quae
639 5558 688 5608 aut
702 5553 950 5625 persemetipsum
1004 5558 1184 5620 contuemur,
1201 5557 1249 5607 aut
1271 5568 1305 5607 ea
1323 5551 1410 5607 etiam
1435 5566 1499 5623 quse
1518 5549 1549 5605 in
1569 5549 1790 5606 admirationem
1807 5541 1844 5602 sui
