3930 6098
606 320 708 378 LIBER
728 321 776 376 ule
795 321 921 379 TRIBUS
939 324 1127 382 aristeus.
1589 400 1592 405 .
1673 328 1742 386 1022

83 454 259 527 desederet,
276 474 328 530 pro
354 457 489 513 omnibus
511 479 525 507 a
540 474 575 513 ex
600 458 749 530 impietate
771 476 839 515 con·
859 461 1119 528 hlnsurumdixit,
1136 465 1302 538 quietique
1323 466 1355 520 in
1369 481 1422 520 sno
1442 480 1558 537 genere,
1575 486 1590 514 a
1614 463 1742 520 etmulti

84 589 91 615 ‚
109 571 119 595 ι
134 548 205 602 etin
219 562 285 602 eum
299 546 495 615 credentibus,
512 547 661 620 sicutipse
676 548 736 620 ejus
752 550 839 605 verba
894 555 922 606 et
936 567 1037 606 omnes
1052 558 1119 608 sunt
1139 553 1185 624 (11
1200 555 1259 611 cor.
1276 570 1302 622 v,
1324 554 1378 625 ld),
1396 575 1407 604 ι
1428 560 1503 609 recte
1527 553 1739 626 intelliguntur.

83 636 135 692 iltis
149 636 305 701 declarant,
326 636 523 707 accipiendum
544 636 589 691 sit.
894 640 971 696 Sicut
987 645 1014 696 et
1028 641 1099 696 illud
1115 642 1191 712 quod
1207 660 1219 695 a
1236 658 1336 697 omnes
1348 642 1378 697 in
1395 643 1505 699 Christo
1520 641 1742 697 vivificabuntur

326 759 440 814 CAPUT
460 760 510 814 XX·
895 729 924 801 (1
935 732 995 788 Cor.
1011 746 1058 796 xv,
1074 731 1129 801 22),
1149 753 1162 780 »
1180 736 1209 785 et
1221 731 1298 801 quod
1319 753 1332 781 a
1347 747 1397 802 per
1420 730 1637 786 uninshominis
1658 730 1742 802 justi·

893 818 962 872 tiam
976 818 1005 872 in
1022 834 1122 872 omnes
1136 819 1269 873 homines
1281 819 1310 873 in
1323 819 1558 889 justificationem
1571 820 1635 874 vitre
1656 821 1740 891 (Rom.

894 907 1082 978 v‚18‚te)‚»
1108 912 1137 961 et
1160 923 1219 962 non
1243 906 1361 962 confuse
1385 912 1413 962 et
1437 908 1569 975 absurde,
1594 907 1681 961 stiam
1704 906 1740 962 de

83 988 241 1057 :lideliter,
257 993 285 1043 et
296 989 415 1043 omnino
429 988 626 1044 indubitanter
635 993 692 1043 tam
702 989 737 1045 de
749 990 842 1062 Scrip·
894 995 1001 1067 impiis,
1018 1001 1046 1050 et
1059 995 1235 1062 infidelibus,
1251 995 1300 1050 sed
1319 995 1353 1050 de
1369 995 1425 1049 illis
1439 997 1558 1049 omnino
1576 1018 1589 1045 «ι
1612 994 1739 1050 multis»

88 1079 203 1146 sanctis,
226 1095 313 1150 quarn
340 1079 375 1133 de
407 1079 557 1134 beatorum
589 1080 705 1133 Patrum
729 1080 842 1151 seriptis
895 1085 1003 1139 dictum
1018 1084 1240 1155 intelligendum
1255 1089 1307 1148 est,
1332 1083 1367 1139 de
1386 1083 1741 1154 quibusmanilestedici·

83 1168 125 1233 1³,
156 1172 184 1222 vi
212 1167 417 1221 consideranda
447 1167 649 1238 proposuimus
677 1167 707 1221 in
736 1168 841 1239 quibus
895 1176 961 1226 tur:
979 1172 1051 1228 «Sic
1075 1176 1103 1226 et
1130 1188 1180 1243 per
1201 1171 1394 1226 obedientiam
1418 1171 1505 1224 unius
1527 1170 1653 1224 hominis
1669 1170 1740 1241 justi

83 1263 139 1312 iter
149 1257 224 1311 idem
250 1257 400 1312 reverendi
414 1258 512 1311 Patres
527 1258 641 1325 «locent,
658 1261 686 1311 et
701 1273 735 1311 ex
750 1256 841 1328 ipsius
895 1260 1106 1315 constituentur
1119 1260 1212 1315 multi.
1230 1280 1244 1309 »
1261 1261 1295 1314 Et
1311 1260 1345 1314 de
1361 1259 1466 1330 quibus
1488 1258 1557 1312 alibi
1571 1259 1647 1312 idem
1666 1260 1741 1328 Apo-

84 1346 116 1410 ni,
130 1351 158 1400 et
173 1346 372 1417 Redemptoris
391 1347 483 1401 nostri
499 1346 682 1402 sermonibus
705 1347 840 1417 probant,
895 1349 985 1403 stolus
1005 1348 1073 1403 dicit
1088 1349 1182 1403 verbis
1197 1347 1312 1403 Domini
1333 1346 1547 1402 euidentissime
1562 1361 1740 1400 consonans:

86 1433 228 1505 pretiosus
242 1435 304 1504 ejus
320 1455 330 1481 ‹
350 1433 472 1504 Sanguis
483 1450 536 1505 pro
546 1433 646 1488 multis
656 1433 764 1489 effusus
777 1434 815 1489 sit
826 1456 840 1484 »
897 1458 911 1487 «
928 1437 973 1492 Sic
990 1441 1018 1491 et
1033 1436 1162 1491 christus
1178 1436 1266 1490 semel
1288 1435 1399 1490 oblatus
1413 1440 1456 1489 est
1470 1435 1507 1489 ad
1520 1435 1678 1488 multarum
1694 1448 1743 1487 ex·

84 1521 242 1577 missionem
261 1527 482 1592 peccatorum·
510 1527 538 1576 et
563 1521 675 1576 dederit
699 1523 761 1593 ipse
776 1521 840 1577 ani·
896 1524 1055 1579 haurienda
1079 1529 1194 1595 peccata
1215 1523 1289 1591 (Heb.
1306 1539 1341 1584 ix,
1360 1522 1416 1594 28).
1434 1545 1448 1572 »
1468 1523 1502 1577 Et
1527 1522 1602 1593 apud
1627 1521 1744 1575 beatum

96 1626 177 1665 snam
202 1609 429 1682 redemptionem
453 1625 505 1680 pre
535 1608 634 1664 multis
659 1610 764 1680 (uacet.
794 1626 839 1676 xx,
897 1612 1045 1669 Danielem
1061 1613 1230 1684 prophetem
1255 1611 1381 1682 legitur:
1400 1633 1414 1660 a
1431 1612 1463 1665 Et
1478 1610 1560 1664 multi
1575 1610 1609 1664 de
1622 1609 1677 1672 his,
1693 1608 1744 1680 qui

97 1699 130 1754 lte
143 1715 201 1753 non
214 1714 281 1753 eum
295 1698 400 1752 dixisse
420 1714 470 1767 pro
490 1697 622 1765 omnibus,
640 1696 689 1751 sed
708 1714 757 1767 pro
772 1700 842 1753 mal·
862 1744 882 1798 B
897 1702 1085 1757 dorminntin
1100 1701 1321 1772 terraepnlvere,
1332 1700 1511 1771 evigilabunt
1521 1701 1599 1768 (Dan.
1610 1714 1647 1764 xi,
1662 1698 1742 1767 19).»

84 1803 96 1843 a
108 1787 274 1858 intelligunt
288 1791 317 1840 ct
332 1790 480 1856 exponunt
493 1786 570 1857 quod
585 1801 637 1857 pro
651 1786 696 1840 his
712 1785 761 1857 qui
777 1802 841 1841 ere·
899 1789 1017 1862 thuod
1030 1794 1072 1844 est
1083 1788 1242 1844 mirabilius
1253 1788 1298 1843 isti
1306 1788 1362 1859 ipsi
1372 1788 1402 1842 in
1414 1805 1465 1842 suo
1477 1803 1581 1858 genere
1592 1801 1692 1840 omnes
1704 1789 1742 1853 et,

84 1875 229 1943 soluerint,
246 1874 377 1930 distincte
396 1881 424 1929 et
439 1875 622 1946 designanter
642 1874 841 1945 accipiendum
895 1880 926 1934 in
940 1895 992 1934 suo
1007 1876 1543 1951 genere«multi»adc0mparationem
1551 1872 1743 1928 multitudinis

84 1969 93 2020 t
106 1964 184 2037 quod
195 1980 294 2018 ornnes
308 1980 360 2034 pro
371 1963 476 2034 quibus
488 1967 619 2017 mortuus
633 1968 684 2032 est,
700 1979 765 2017 oves
776 1980 841 2018 suas
897 1968 1086 2040 reproborum
1094 1963 1555 2036 dicunturaliominopauci,cum
1566 1962 1606 2017 ait
1619 1978 1625 2016 :
1639 1982 1653 2010 a
1663 1960 1743 2015 Multi

91 2053 167 2125 quod
180 2052 279 2122 utique
294 2052 400 2123 impios
414 2052 444 2105 in
464 2068 515 2105 sna
527 2051 673 2122 impietate
689 2056 842 2123 pereuntes
895 2065 992 2112 erilem
1008 2061 1075 2110 sunt
1088 2055 1191 2122 vocati,
1203 2055 1285 2126 pauci
1300 2070 1366 2109 vero
1383 2053 1464 2107 electi
1475 2052 1586 2124 (dietih.
1598 2067 1644 2118 xx,
1658 2052 1713 2120 ld).
1727 2068 1741 2102 o

84 2142 182 2197 ituros
196 2141 361 2195 nullatenus
376 2140 460 2207 lecit;
477 2139 593 2212 [quibus
608 2142 691 2211 (sap.
707 2143 736 2196 in
750 2143 841 2210 icon,
932 2145 1014 2211 Quod
1028 2145 1052 2200 si
1065 2144 1252 2200 inveniuntur
1266 2143 1354 2214 aliqui
1374 2143 1501 2209 Patrem,
1524 2140 1573 2212 qui
1588 2140 1673 2194 eliam
1690 2154 1742 2211 pro

93 2231 139 2301 48)
157 2229 408 2284 etiam-manifeste
426 2229 513 2283 dicit:
529 2251 541 2280 a
557 2229 612 2284 Sed
636 2246 685 2284 vos
704 2245 764 2284 nen
777 2246 842 2285 cre·
896 2234 993 2306 impiis
1007 2234 1036 2289 in
1051 2249 1102 2288 sua
1113 2233 1261 2303 impietate
1278 2230 1473 2303 permansuris
1485 2229 1639 2285 Dominum
1651 2227 1743 2282 cruci·

84 2317 267 2390 puianenex
288 2317 697 2386 ovibnsmeislioan.x,26).
716 2320 842 2390 »Etpro
896 2322 1148 2379 fixumdicantzsi
1179 2322 1232 2376 hoc
1257 2320 1362 2376 divina
1395 2319 1549 2389 Scripturas
1576 2315 1744 2372 certissimis

85 2406 100 2461 ri
114 2407 155 2461 ita
167 2405 288 2460 credunt
304 2405 459 2461 Dominum
474 2411 607 2460 nostrum
625 2421 724 2460 rernm
740 2408 839 2474 Deum,
897 2417 925 2467 et
939 2411 1103 2466 clarissimis
1118 2409 1298 2466 documentis
1318 2407 1458 2479 probant:
1483 2410 1569 2461 erunt
1592 2421 1659 2475 ergo
1681 2404 1742 2471 illa,

84 2500 150 2566 gent
169 2510 235 2550 enm
256 2510 309 2566 pro
335 2494 426 2549 salute
449 2499 547 2548 nostra
569 2510 668 2548 verum
693 2495 842 2551 hominem
896 2517 960 2573 quae
975 2516 1010 2555 ex
1023 2499 1116 2554 verbis
1137 2497 1251 2553 Domini
1274 2498 1308 2552 de
1333 2497 1384 2551 hac
1408 2512 1438 2549 re
1454 2491 1744 2549 commemoravimus

85 2600 111 2652 n,
132 2584 231 2639 dicunt
253 2599 310 2637 non
325 2600 386 2637 esse
401 2588 547 2639 mertuum
566 2583 661 2654 ipsum
687 2585 841 2639 Doniinum
896 2589 979 2643 aliter
996 2586 1192 2658 intelligenda.
1211 2586 1292 2652 Quod
1308 2591 1351 2640 est
1363 2584 1481 2639 omnino
1497 2583 1614 2646 mirum,
1631 2580 1675 2637 rel
1691 2596 1743 2651 po-

85 2688 160 2741 :nm;
179 2673 245 2744 quia
262 2672 532 2744 utiquesecundum
548 2671 696 2727 hominem
712 2677 842 2728 mortuus
895 2678 953 2733 tius
979 2676 1147 2732 incredibile
1171 2691 1255 2746 posse
1278 2674 1351 2730 lieri.
1372 2673 1401 2729 Si
1427 2679 1524 2727 autern
1551 2672 1657 2742 absque
1678 2668 1744 2725 ullis

85 2760 189 2815 aristus.
207 2760 311 2814 Dicunt
326 2760 413 2815 etiam
432 2761 510 2832 quod
535 2765 603 2816 tunc
627 2777 679 2832 pro
693 2778 751 2816 une
766 2779 841 2834 quo·
897 2764 1059 2836 Scriptura,
1078 2768 1110 2818 ut
1123 2763 1231 2818 dictum
1247 2766 1298 2829 est,
1315 2777 1372 2816 non
1387 2760 1544 2831 ambiguis,
1562 2762 1669 2830 quaet
1690 2756 1745 2811 ali-

85 2848 180 2905 :haisti
203 2849 305 2904 occisio
329 2849 518 2921 intelligenda
539 2850 587 2917 sit,
608 2865 673 2904 eum
697 2850 788 2905 credit
811 2850 841 2904 in
896 2858 940 2907 ter
953 2852 1076 2923 intelligi
1091 2851 1211 2923 possint,
1235 2851 1283 2904 sed
1309 2850 1402 2913 certis,
1427 2849 1546 2902 omnino
1573 2844 1744 2901 testimoniis

85 2954 129 3006 rm,
148 2938 177 2993 id
193 2942 234 2994 est
248 2954 301 3008 lJer
320 2937 381 3009 ejus
397 2942 518 2993 mortem
536 2953 587 2992 sua
611 2943 725 3009 peccata
744 2939 842 2994 dimit·
896 2943 949 2996 hoc
963 2941 1067 2997 dixisse
1086 2940 1281 3008 inveniuntur,
1305 2939 1372 3011 quia
1396 2953 1454 2992 non
1478 2935 1572 2990 videat
1598 2934 1744 3005 potiorem

85 3031 105 3082 et
119 3026 198 3098 quod
212 3026 304 3097 gratia
322 3026 539 3093 incarnationis,
557 3032 585 3082 et
607 3026 694 3081 totins
710 3027 841 3099 redemp·
862 3031 973 3097 cillam
999 3045 1060 3084 esse
1084 3029 1294 3093 alletoritatem,
1319 3042 1383 3099 quae
1413 3031 1442 3081 et
1464 3030 1523 3079 lam
1549 3022 1676 3078 evidenti
1702 3037 1744 3076 ra·

97 3114 225 3186 ejusdem
246 3114 360 3170 Domini
381 3116 449 3171 lesu
470 3115 584 3182 Christi,
608 3115 646 3170 ita
670 3116 843 3187 generaliter
897 3118 974 3172 tione
990 3121 1018 3172 et
1032 3122 1091 3172 tam
1105 3115 1256 3186 multiplici
1270 3114 1481 3185 seripturarum
1498 3111 1679 3167 attestatione
1694 3109 1743 3164 dr-

85 3220 143 3270 sus,
160 3203 209 3275 qui
236 3219 303 3258 eum
326 3208 460 3258 naturam
485 3209 613 3258 nostram
637 3204 842 3276 suscipientem
897 3211 1000 3262 matur.
1016 3205 1044 3262 si
1057 3211 1153 3260 autem
1173 3205 1275 3276 placet,
1300 3203 1373 3258 sicut
1392 3208 1420 3256 et
1443 3201 1526 3257 nobis
1541 3198 1744 3269 niultumpla-

85 3292 165 3359 erint,
184 3299 212 3346 et
227 3308 260 3347 eo
280 3292 385 3363 spiritu
404 3291 511 3346 luerint
534 3293 704 3362 regenerati,
728 3297 843 3365 quaest
896 3301 951 3362 cet,
968 3299 999 3349 ut
1018 3295 1104 3349 etiam
1120 3294 1241 3348 istorum
1258 3291 1428 3345 «sententia
1444 3307 1477 3344 ex
1493 3289 1600 3361 pietate
1615 3287 1744 3352 veniens,

85 3381 238 3452 regenitus,
255 3380 384 3452 prestita
399 3381 453 3435 sit:
468 3386 500 3435 ut
515 3388 611 3435 tamen
626 3380 740 3452 impios,
757 3388 785 3437 et
800 3382 843 3437 in·
896 3388 1124 3455 propterpacem
1142 3386 1171 3436 et
1191 3379 1384 3435 venerabilem
1410 3379 1544 3450 pietatem
1562 3375 1744 3432 beatissimo-

85 3473 205 3523 stantoe
229 3469 432 3523 misericordiae
456 3485 515 3523 suae
535 3469 683 3541 reliquerit
706 3475 840 3525 exsortes.
896 3488 962 3526 runi
976 3472 1092 3527 Patruus
1110 3486 1167 3524 nen
1184 3475 1333 3525 renuatur.
1353 3490 1367 3518 n
1382 3468 1464 3524 Nulla
1478 3482 1547 3538 ergo
1560 3465 1745 3521 contentione

87 3556 140 3612 bus
160 3561 256 3612 autern
277 3557 333 3612 ista
348 3574 407 3612 non
422 3556 576 3625 sulliciunt,
597 3557 645 3613 sed
662 3559 754 3630 magis
775 3579 786 3609 ι
803 3560 843 3614 ita
897 3575 949 3631 pro
964 3558 1028 3614 aliis
1044 3559 1180 3614 adversus
1192 3559 1261 3613 alins
1277 3557 1424 3628 litigetur:
1443 3572 1501 3611 non
1521 3571 1580 3609 una
1603 3552 1746 3608 sententia

86 3646 169 3701 aliter
183 3662 235 3717 pro
250 3646 412 3700 omnibus»
429 3646 573 3702 Christum
599 3647 751 3702 Dominum
777 3664 842 3718 pns-
897 3664 950 3719 pro
970 3649 1060 3702 altera
1083 3648 1245 3702 damnetur.
1271 3647 1304 3700 Et
1326 3647 1394 3717 quia
1417 3661 1482 3699 vere
1499 3643 1562 3698 lieri
1587 3647 1692 3714 potest,
1712 3646 1746 3697 ut

86 3739 101 3789 t
114 3738 261 3789 mortuum
277 3734 451 3806 intelligunt.
467 3738 499 3788 ut
522 3735 651 3790 eamdem
668 3736 840 3805 passionem,
897 3736 1091 3809 ignorantiam
1113 3741 1141 3790 et
1167 3735 1342 3806 imperitiam
1362 3740 1491 3788 nostram
1515 3733 1545 3787 in
1570 3732 1623 3785 hac
1648 3747 1678 3785 re
1694 3729 1744 3784 ali-

86 3827 162 3876 ·rtem
177 3839 258 3877 suam
274 3823 361 3877 etiam
384 3822 482 3893 impiis
506 3839 655 3895 nunquam
681 3824 840 3893 credituris,
899 3826 967 3898 quid
988 3828 1114 3894 lateat,«
1137 3824 1208 3880 nihil
1233 3829 1341 3878 temere
1366 3822 1537 3890 definiatur3
1563 3823 1593 3873 ut
1615 3816 1746 3889 quelibet

86 3911 168 3966 anino
188 3911 218 3966 in
239 3929 291 3967 sua
322 3911 472 3983 impietate
499 3912 636 3983 perituris
657 3912 841 3985 impenderit,
898 3913 1060 3986 acquiescat
1075 3913 1170 3979 modo,
1181 3927 1239 3966 non
1255 3911 1291 3965 sit
1305 3910 1483 3978 hereticum,
1494 3906 1550 3962 nisi
1564 3904 1745 3961 contentione

86 3999 139 4055 ⁸ab
154 4000 195 4055 eis
212 4001 315 4056 merite
335 4006 439 4072 potest,
463 4017 528 4055 cum
550 4001 688 4057 Dominus
703 4018 732 4057 se
753 4022 767 4055 a
791 4018 843 4074 prn
898 4003 1063 4059 hereticum
1081 4001 1141 4057 fiat.
1163 4020 1177 4053 r

86 4106 121 4143 s»
134 4090 260 4144 animem
282 4105 365 4144 suam
385 4090 531 4159 daturum,
555 4095 582 4144 et
598 4111 612 4138 «
639 4107 690 4163 pro
714 4092 842 4146 multis»
1217 4088 1331 4144 CAPUT
1349 4086 1412 4141 XXI,

86 4178 167 4233 mm
183 4195 267 4233 ⁵⁰⁰¹¹¹
282 4177 487 4233 ‘ffundffldum
502 4177 531 4231 5¹¹
554 4179 754 4235 f⁰mi³⁵i⁰¹¹0m
777 4177 845 4253 pec-⁸
898 4201 936 4254 De
958 4198 1041 4252 tibere
1063 4197 1187 4254 arbitrio.
1212 4197 1294 4253 Nemo
1317 4193 1445 4249 sepeliet
1470 4192 1562 4260 pratia
1578 4190 1661 4245 libero
1682 4187 1746 4242 berre

85 4267 249 4334 imdixerit,
266 4270 295 4321 el
309 4283 365 4320 nen
385 4282 438 4337 pro
454 4267 605 4321 omnibus:
625 4268 673 4322 ubi
688 4267 712 4323 si
728 4284 844 4340 respon·
934 4271 977 4323 uti
999 4273 1087 4339 potest
1115 4268 1242 4324 arbitrio.
1276 4297 1310 4306 -
1339 4268 1376 4321 lte
1399 4264 1555 4319 necessitate
1583 4260 1747 4330 Redempto-

86 4372 100 4423 ι,
116 4356 184 4428 qnia
196 4372 248 4410 nec
259 4355 336 4410 aliud
348 4354 388 4409 eis
400 4354 633 4426 respondendnm
649 4362 747 4422 restat,
764 4356 842 4428 quod
862 4343 884 4397 D
934 4344 984 4394 ¹⁸5⁸·

86 4443 181 4500 lixerit
196 4464 210 4495 a
223 4460 275 4515 pro
291 4443 413 4498 multis,
432 4443 500 4514 quia
516 4459 569 4514 pro
582 4443 726 4511 solisillis,
743 4445 793 4516 qui
807 4445 842 4500 ad
933 4444 1057 4499 Additur
1080 4444 1173 4498 adhuc
1196 4444 1226 4498 in
1250 4442 1371 4515 praelata
1394 4440 1515 4512 epistola
1538 4438 1639 4494 dixisse
1663 4437 1746 4492 illum

98 4532 221 4599 venturi,
238 4538 265 4587 et
275 4531 374 4586 lideles
389 4531 479 4586 futuri
494 4537 585 4602 erant,
602 4536 630 4586 et
642 4532 692 4587 illa
701 4539 843 4604 suscepta,
900 4531 1095 4589 miserabilem
1117 4532 1301 4597 monachum,
1321 4552 1335 4580 a
1356 4530 1433 4601 quod
1459 4533 1612 4601 postquam
1634 4526 1747 4596 primus

86 4620 180 4675 :tiosos
195 4621 312 4692 sanguis
325 4621 405 4675 lusus
420 4637 481 4674 esse
495 4620 698 4692 intelligendus
712 4622 758 4676 sit.
771 4622 843 4694 Ergo
898 4622 985 4676 homo
1000 4620 1092 4675 libero
1106 4619 1226 4675 arbitrio
1245 4618 1357 4685 cecidit,
1374 4633 1459 4672 neme
1476 4623 1605 4671 nestrum
1622 4615 1656 4671 ad
1673 4616 1746 4670 bene
1770 4649 1776 4660 0

86 4714 184 4764 matur
207 4711 324 4764 Patrem
347 4709 396 4763 illa
429 4709 579 4776 sententia,
610 4725 668 4782 qua
692 4726 745 4782 pro
769 4711 843 4766 mul·
899 4709 1055 4783 agendum,
1076 4708 1303 4764 sedtantumad
1327 4706 1557 4779 maleagendum
1579 4706 1671 4761 libero
1691 4721 1744 4776 po-

86 4803 154 4852 rtum
166 4813 219 4868 pro
239 4797 295 4851 illis
318 4797 424 4852 scilieet
445 4798 495 4869 qui
510 4797 626 4853 credere
640 4799 784 4855 voluerint
799 4802 844 4855 in·
898 4804 954 4856 test
969 4798 1012 4854 uti
1024 4798 1144 4854 arbitrio
1157 4805 1179 4850 ⁸.
1196 4818 1210 4848 »
1227 4797 1307 4861 Quod
1318 4803 1362 4852 est
1376 4797 1641 4868 utiquenonsolnm
1655 4794 1746 4849 mira-

86 4885 192 4940 erunt‘l
203 4886 236 4940 Et
251 4885 316 4941 ideo
332 4886 508 4957 ubicumque
523 4886 553 4941 in
568 4887 670 4944 litteris
681 4890 845 4961 apostolicis
899 4889 966 4955 bile,
983 4892 1013 4943 et
1028 4886 1201 4952 inauditnm,
1213 4887 1262 4942 sed
1274 4891 1415 4958 qnantum
1426 4885 1509 4940 nobis
1524 4884 1644 4950 videtur,
1659 4883 1746 4938 etiam

89 4989 113 5037 r,
127 4974 206 5045 quod
223 4994 237 5022 ι
260 4973 337 5028 idem
362 4974 501 5029 Dominus
525 4975 637 5032 dederit
658 4979 846 5049 semetipsum
899 4976 1068 5033 incredibile
1084 4976 1215 5031 ethome
1234 4975 1310 5030 inter
1331 4975 1439 5041 fideles,
1455 4977 1514 5027 eta
1537 4971 1670 5026 fidelibus
1691 4987 1746 5026 nu-

87 5062 227 5134 nptionem
243 5079 296 5134 pro
311 5063 601 5136 omnibus,etgratia
616 5068 666 5122 Del
682 5084 734 5137 pro
749 5068 844 5122 omni·
899 5068 983 5121 tritus
1008 5070 1037 5121 et
1061 5064 1200 5128 eruditus,
1232 5068 1260 5119 et
1287 5064 1318 5119 in
1345 5061 1602 5119 ecclesiasticorum
1627 5061 1745 5114 Petrum

87 5152 218 5206 notaverit
231 5157 367 5217 mertem,
385 5157 412 5208 et
427 5169 479 5226 pro
503 5153 637 5209 omnibns
658 5160 789 5211 mortuus
809 5156 846 5211 sit
899 5155 1021 5226 scriptis,
1034 5170 1093 5209 nen
1109 5169 1210 5226 parum
1227 5153 1397 5209 exercitatus
1411 5152 1464 5206 hoc
1487 5150 1591 5212 dicere,
1612 5149 1655 5203 vel
1679 5163 1744 5202 sen-

87 5258 107 5297 l·
121 5258 151 5308 ¹¹2
167 5245 182 5297 6
196 5261 204 5309 3
216 5241 289 5298 Heb·
303 5258 332 5311 u,
343 5245 382 5313 iil,
397 5264 411 5294 u
420 5243 461 5298 illi
472 5243 554 5298 multi
563 5259 616 5313 pro
626 5243 729 5314 quihus
747 5245 845 5301 lierni·
899 5245 952 5300 tire
975 5245 1118 5316 poluerit:
1135 5266 1149 5294 α
1174 5243 1252 5317 quod
1277 5246 1341 5315 post
1362 5241 1448 5313 primi
1471 5238 1595 5294 hominis
1620 5239 1743 5308 lapsum,

87 5332 240 5389 tanimam
271 5350 351 5388 suam
378 5348 408 5387 se
429 5333 604 5402 positurum,
627 5337 654 5386 et
675 5335 845 5406 sanguinem
900 5350 986 5389 nemo
1003 5333 1087 5389 etiam
1104 5334 1231 5389 fidelium
1248 5333 1282 5387 sd
1298 5333 1370 5387 bene
1390 5329 1534 5401 agendum
1550 5327 1639 5382 libero
1655 5324 1745 5398 possit

528 5456 627 5512 NOTAE
648 5455 811 5513 uuvsttu
833 5456 1004 5515 uecreuls
1023 5456 1214 5515 souuoulcl.

87 5591 127 5631 oec
141 5575 285 5632 sententia
292 5590 327 5630 ex
341 5576 685 5634 calumniaGotteschelco
698 5576 844 5650 imposita,
860 5583 892 5633 ut
902 5594 935 5634 ex
946 5579 1009 5652 ipso
1020 5579 1172 5635 llincmero
1181 5577 1355 5651 probatoria
1366 5575 1574 5633 dissertationis
1582 5591 1646 5646 cap.
1656 5576 1702 5630 22.

143 869 182 922 De
197 867 301 923 Christi
311 871 397 921 morte
409 881 459 935 pro
473 866 539 920 sotis
552 865 688 935 fidelibus.
