3930 6098
58 195 115 252 333
560 194 696 256 contus
714 197 918 258 GRAECORUM
937 196 1114 256 oreosun.
1130 228 1161 239 -
1176 199 1241 255 tte.
1262 199 1305 257 lv.
1762 209 1814 267 ddi

58 349 112 389 eos
138 331 287 405 apostolis,
316 338 487 404 acceperunt
513 333 652 406 Spiritum
676 340 817 391 sanctum.
841 335 911 401 Quae
929 341 950 391 Α
966 334 1122 391 cidentates
1149 336 1285 409 episcopi,
1311 337 1453 410 majorum
1475 348 1627 414 sequentes
1650 343 1812 404 institutio-

59 422 155 477 iorma
170 428 299 477 servatur
320 423 463 495 hodieque
482 423 512 478 in
533 424 715 489 Ecclesia,·ut
730 425 912 497 baptizentur
966 441 1041 490 nem,
1063 442 1211 497 sumpsere
1235 429 1470 485 consuetudinem
1498 439 1530 486 ιιι
1557 433 1665 489 frontes
1685 435 1813 507 baptiza-

59 511 178 582 quidem
201 511 301 566 fideles
317 528 370 583 per
390 512 583 584 presbyteros,
600 513 693 583 gratie
707 530 775 567 vero
788 515 911 586 Spiritus
965 518 1061 569 torum
1078 515 1232 570 chrismate
1248 515 1367 572 liniendi
1383 534 1440 573 non
1456 522 1629 594 presbyteris
1643 527 1812 596 concedant,

59 599 151 654 munti
166 617 219 671 per
237 599 453 670 impositionem
473 617 613 656 mannum
634 602 777 657 tribuatur
796 603 831 657 ab
850 603 910 674 epi·
964 605 1013 658 sed
1038 603 1221 675 privilegium
1244 605 1298 659 sihi
1320 613 1487 662 reservent:
1511 626 1568 664 uon
1593 617 1691 666 eutem
1717 613 1811 683 ipsum

12 714 42 738 a
58 686 171 757 scopis:
189 687 267 757 quod
291 692 358 742 tune
380 689 423 750 tit,
440 688 557 759 qnando
573 690 681 744 trontes
699 689 909 762 baptizatorum
964 692 1087 747 chrisma
1100 694 1185 765 (quod
1199 694 1489 768 mentiunturGrmei)
1505 697 1540 752 de
1551 699 1630 754 fonte
1644 701 1811 770 conficiunt,

57 774 213 829 chrismate
227 780 323 830 sancto
339 776 482 832 liniuntur
495 776 530 832 ab
546 778 696 849 episcopis.
964 780 1013 836 sed
1033 797 1066 835 cx
1091 798 1174 835 succo
1200 782 1329 849 balsami,
1354 783 1399 836 rel
1419 783 1502 837 olivae
1527 785 1657 856 liquore:
1679 790 1756 862 qnod
1780 793 1813 846 tit

96 865 169 918 ltem
195 864 226 918 in
257 864 365 920 eisdem
395 865 490 920 Actis:
517 866 632 921 Factum
662 871 702 922 est
731 872 820 922 autern
850 884 909 923 oum
963 885 1021 923 non
1046 869 1138 925 solum
1162 886 1179 924 a
1210 871 1324 938 Graecis,
1350 887 1450 926 verum
1478 873 1514 929 ab
1540 875 1677 932 universis
1707 879 1810 935 Christi

58 953 158 1022 Apollo
183 958 250 1007 esset
278 953 413 1022 Corinthi,
443 959 468 1008 et
500 955 612 1021 Paulus,
642 959 800 1026 peragratis
829 971 907 1026 supe·
965 958 1105 1012 Ecclesiis.

57 1041 179 1096 rioribus
193 1043 331 1111 partibus,
346 1045 449 1097 ueniret
467 1043 613 1113 Ephesum,
634 1047 659 1098 et
680 1046 814 1099 ircueniret
828 1059 908 1115 quos·
1284 1049 1399 1104 CAPUT
1419 1050 1490 1105 Vlll.

57 1128 124 1184 dam
138 1129 300 1200 discipulos,
325 1130 400 1185 dicit
421 1131 459 1186 ad
480 1146 542 1186 eus:
568 1132 599 1187 Si
623 1132 762 1202 Spiritum
785 1135 909 1187 sanctum
962 1155 1080 1208 pomam,
1107 1156 1232 1223 popu-pm·
1262 1158 1452 1224 pagrpargpam
1475 1158 1526 1213 cp·
1559 1161 1693 1228 mser„
1727 1175 1810 1215 cm,

58 1221 201 1287 accepistis
231 1219 388 1274 credentes?
412 1221 451 1274 m
473 1221 517 1274 illi
539 1221 671 1276 dicerunt
692 1221 731 1275 act
755 1237 829 1277 eum:
856 1222 908 1277 Sed
998 1224 1097 1278 bantur
1121 1227 1296 1293 imperatores
1320 1228 1419 1283 Graeci.
1438 1229 1559 1283 Ecclesia
1576 1231 1696 1285 Romana
1721 1247 1810 1287 amnes

55 1323 142 1377 neque
167 1309 193 1362 si
218 1307 340 1377 Spiritus
364 1313 473 1363 sanctus
498 1313 547 1376 est,
571 1309 738 1365 audivimus.
766 1310 814 1364 lllc
844 1325 907 1364 nero
993 1295 1065 1349 “15⁰⁸
1079 1296 1214 1364 dignitate
1227 1298 1368 1366 Ptaectllt'l·

56 1398 119 1449 ait:
140 1397 172 1450 ln
196 1412 248 1466 quo
271 1413 334 1466 erpa
357 1397 493 1467 baptizati
514 1401 599 1453 estis?
627 1400 679 1465 Qui
702 1399 850 1453 dicerunt:
875 1400 906 1452 ln
996 1400 1050 1455 Sed
1076 1401 1267 1457 criminantur
1294 1403 1371 1458 istud
1406 1403 1487 1471 falso,
1517 1405 1590 1459 sieut
1618 1411 1647 1460 et
1676 1405 1711 1461 de
1740 1409 1809 1478 agni

54 1483 178 1538 Joarrnis
206 1484 378 1554 baptismate.
409 1489 488 1541 Discit
519 1493 609 1540 autem
641 1486 761 1541 Paulus:
791 1489 906 1541 loannes
961 1489 1194 1558 consecratione,
1220 1508 1333 1547 necnon
1357 1493 1434 1564 qnod
1462 1498 1599 1564 arguunt,
1627 1493 1725 1548 levitas
1748 1497 1809 1567 epi-

57 1570 210 1641 baptisucit
234 1574 368 1642 baptismo
395 1577 560 1644 punitentia
586 1576 728 1646 populum,
761 1574 852 1630 dicens
876 1578 906 1628 in
961 1592 1061 1646 scopos
1080 1578 1153 1643 lieri,
1179 1579 1353 1650 presbyterii
1376 1581 1466 1650 gradu
1491 1597 1549 1635 nou
1575 1581 1655 1652 prius
1677 1591 1810 1653 aceept03

56 1675 115 1714 eum
130 1663 182 1729 qui
194 1667 323 1716 tenturus
338 1668 405 1717 esset
419 1666 480 1732 past
494 1664 585 1732 ipsum
598 1668 629 1717 ut
642 1663 789 1730 crederent,
806 1664 853 1718 boc
867 1671 905 1717 est
927 1640 946 1693 B
962 1681 1021 1719 uon
1035 1671 1201 1736 reputantes
1217 1666 1294 1737 quod
1317 1667 1347 1720 in
1371 1667 1481 1720 eaeteris
1496 1668 1552 1721 sibi
1574 1668 1691 1725 dement
1712 1676 1811 1724 aucto-

57 1749 199 1803 inlesum.
216 1751 392 1818 llisaudtlis,
408 1751 543 1821 baptisati
559 1756 665 1807 suntin
679 1756 785 1807 nomine
801 1755 908 1808 Domini
961 1753 1078 1808 ritatem
1104 1754 1182 1821 tidei,
1207 1754 1440 1825 quandoquidem
1468 1755 1497 1808 in
1527 1755 1588 1809 istis
1614 1762 1672 1810 tam
1695 1757 1810 1812 eviden-

56 1838 127 1891 lesu.
148 1839 187 1892 Et
206 1854 267 1892 eum
295 1841 467 1909 imposuisset
497 1842 555 1896 illis
579 1857 675 1896 marrus
697 1843 808 1908 Paulus,
834 1845 907 1897 uenit
960 1846 1004 1895 ter
1028 1842 1227 1896 mentiuntur:
1254 1859 1312 1897 nou
1340 1849 1469 1896 verentes
1496 1845 1572 1913 quod
1594 1844 1717 1915 Spiritus
1740 1863 1808 1899 san·

57 1940 137 1994 super
151 1941 196 1980 eos
220 1927 341 2015 Spiritus
363 1935 490 1996 sanctus,
505 1935 531 1985 et
551 1931 730 1999 loquebantur
748 1931 861 1998 linquis,
881 1936 907 1984 et
960 1937 1022 1984 ctns
1034 1930 1178 2001 loquitur:
1208 1930 1307 1985 Virum
1327 1933 1492 1998 sanguinum
1512 1936 1538 1985 et
1558 1932 1678 1987 dolosum
1701 1934 1808 1989 abomi-

57 2013 257 2083 prcpbetabant
272 2015 347 2086 (Act.
363 2033 421 2082 xix,
446 2021 456 2072 t
479 2022 504 2072 et
527 2019 606 2089 seq).
623 2018 716 2073 Ethic
740 2018 819 2073 rides
839 2019 907 2090 quia
960 2020 1073 2074 nabiter
1098 2022 1227 2074 mminus
1254 2019 1336 2088 (Psal.
1364 2035 1391 2073 v.
1417 2018 1454 2090 7).
1477 2021 1519 2086 Et,
1539 2021 1636 2076 Perdes
1650 2036 1739 2076 amnes
1761 2027 1809 2091 qui

59 2104 161 2157 Paulus
180 2120 240 2158 non
260 2104 449 2175 baptizaverit
463 2122 521 2174 eos,
543 2107 591 2161 sed
610 2107 727 2178 jusserit
749 2107 901 2178 baptizari.
961 2111 1107 2180 loquuntur
1120 2109 1289 2164 mendacium
1304 2109 1408 2180 (ibid).
1426 2111 1459 2163 Et
1480 2110 1509 2163 in
1524 2110 1693 2165 Salomone:
1711 2112 1808 2166 Falsus

60 2191 212 2261 baptizatis
244 2198 341 2247 autern
373 2209 476 2249 munus
508 2195 612 2250 Paulus
634 2195 788 2265 imposuit,
815 2197 908 2252 etita
961 2201 1036 2252 testis
1060 2214 1113 2252 non
1126 2200 1179 2252 erit
1194 2199 1343 2266 impunitus
1368 2200 1458 2266 (Pron.
1478 2213 1536 2264 arx,
1564 2199 1598 2267 5).
1616 2198 1697 2262 Quod
1711 2204 1809 2253 autem

59 2277 172 2335 demum
191 2281 269 2336 venit
290 2298 378 2353 snper
392 2299 440 2337 eos
465 2284 587 2355 Spiritus
609 2289 736 2338 sauctus.
766 2285 908 2339 Docemur
960 2285 1135 2356 redarguunt
1155 2286 1269 2340 levitam
1290 2285 1458 2357 episcopum
1480 2286 1652 2353 consecrari,
1677 2302 1729 2341 cur
1751 2303 1808 2341 non

60 2367 144 2438 igitur
159 2369 296 2443 baptismi
311 2371 433 2443 gratiam
454 2388 505 2444 per
526 2371 711 2446 presbyteros
732 2389 815 2444 posse
835 2389 906 2427 eon·
960 2379 1060 2429 eontra
1075 2389 1104 2428 se
1119 2373 1227 2428 dictum
1242 2373 1402 2442 advertunt,
1420 2374 1470 2444 qui
1488 2375 1523 2429 de
1536 2374 1615 2428 laicis
1630 2374 1725 2429 subito
1741 2380 1807 2429 ton·

61 2455 155 2526 tribui,
178 2458 287 2513 danum
307 2475 373 2515 vero
396 2459 519 2531 Spiritus
538 2462 639 2527 sancti,
667 2461 744 2533 qnod
769 2463 908 2517 tribuitur
961 2462 999 2517 sis
1022 2462 1132 2517 faciunt
1146 2462 1306 2533 episcopos,
1330 2468 1431 2517 contra
1454 2463 1568 2534 regulas
1590 2462 1805 2531 ecclesiasticas,

61 2561 107 2615 per
123 2560 264 2601 manuum
280 2547 506 2620 impositionem,
528 2550 643 2620 quenda
658 2549 767 2604 frontes
780 2550 905 2622 baptiza·
961 2558 990 2606 et
1004 2552 1165 2622 imperietia
1185 2551 1318 2607 decreta?
1337 2551 1485 2623 Siquidem
1503 2551 1639 2623 probibet
1656 2552 1809 2623 Apostolus

62 2639 150 2689 torum
173 2634 329 2691 chrismate
343 2641 441 2690 sancto
456 2636 609 2704 liniuntur,
624 2653 683 2692 non
705 2638 760 2692 nisi
775 2656 828 2710 per
842 2639 905 2711 epi·
961 2642 983 2712 (l
999 2643 1067 2695 Tim.
1091 2657 1131 2705 ur,
1156 2639 1182 2710 6)
1202 2641 1381 2711 neophytum
1406 2641 1571 2710 episcopum
1588 2639 1662 2694 fieri.
1679 2639 1806 2694 lustinus

61 2738 154 2794 scopos
169 2740 255 2795 posse
268 2725 438 2797 promereri.
960 2744 1075 2800 quoqne
1098 2728 1307 2799 imperatorin
1332 2727 1529 2782 ecclesiasticis
1555 2727 1809 2782 constitutionibus

90 2813 123 2867 Et
145 2828 247 2868 revera
262 2814 338 2869 inter
352 2814 510 2870 sacerdotes
524 2819 553 2869 et
575 2816 726 2887 episcopos
744 2816 907 2872 differentia
961 2818 1076 2888 (novella
1093 2817 1121 2886 6,
1148 2832 1209 2887 cep.
1229 2821 1252 2879 t,
1271 2815 1323 2869 sub
1347 2815 1433 2887 init),
1453 2815 1493 2870 ita
1511 2815 1658 2870 decernit:
1677 2836 1688 2865 ι
1713 2816 1809 2887 Neque

63 2918 113 2957 nan
136 2918 227 2974 parva
248 2902 387 2958 consistit.
413 2903 580 2959 Sacerdotes
600 2918 739 2976 nemque,
764 2905 837 2961 sicut
859 2923 905 2961 re·
925 2920 994 2993 Cex
1004 2904 1075 2958 taieo
1091 2905 1187 2959 statim
1198 2904 1234 2958 ad
1248 2903 1443 2974 episcopatum
1453 2903 1607 2958 escendere
1620 2905 1809 2975 licelrneque

62 2990 125 3063 tiqui
145 2990 253 3062 gradus
269 2992 462 3060 ecclesiastici,
487 3010 538 3064 per
552 2993 753 3066 episcoporum
776 2996 906 3050 ministe-
960 2994 1108 3048 clericatus
1131 2993 1271 3047 honorem
1294 2991 1379 3045 simut
1395 2991 1527 3046 habuisse
1551 2991 1666 3047 suiticit.
1689 2993 1809 3063 Oportet

62 3079 131 3135 rium
154 3085 374 3148 consecrantum
400 3087 430 3135 at
453 3083 580 3153 episcopi
599 3099 656 3137 non
671 3099 689 3136 ι
712 3084 906 3139 sacerdotibus
960 3087 1056 3137 autem
1081 3097 1148 3135 eum
1164 3080 1215 3151 qui
1234 3080 1384 3151 episcopus
1399 3078 1431 3134 tit
1446 3096 1539 3150 neque
1556 3097 1673 3135 uxorem
1691 3080 1808 3146 habere,

61 3167 274 3224 benedicuntur.
301 3169 358 3240 lpsi
383 3186 498 3241 quoque
518 3178 648 3226 sanctum
664 3171 788 3226 chrisma
802 3172 905 3226 sancti·
959 3186 1054 3243 neque
1069 3169 1269 3233 concubinam,
1280 3184 1375 3238 neque
1391 3168 1507 3238 liberos,
1520 3183 1613 3239 neque
1629 3173 1748 3239 nepotes
1759 3183 1808 3222 sen

61 3254 310 3321 tentantium
327 3263 513 3312 consecrant:
531 3259 683 3330 omnisque
699 3261 805 3330 gradus
820 3261 905 3315 eccle·
960 3261 1117 3330 legitimos,
1141 3273 1189 3311 seu
1210 3257 1322 3327 legibus
1341 3256 1512 3327 incognitos.
1530 3257 1564 3310 Et
1584 3257 1609 3310 si
1623 3256 1688 3328 quis
1710 3262 1808 3311 contra

61 3344 185 3400 siasticns
203 3345 322 3401 illorum
339 3345 528 3418 dispositione
542 3348 700 3419 peragitur.
717 3349 797 3413 Quod
812 3350 906 3404 eonsi-
959 3350 1020 3404 haec
1035 3347 1144 3413 iecerit,
1164 3351 1192 3400 et
1208 3346 1232 3401 is
1252 3345 1302 3416 qni
1319 3346 1409 3398 tactus
1428 3349 1481 3410 est,
1498 3351 1526 3399 et
1541 3345 1565 3399 is
1580 3345 1712 3416 quicum
1731 3346 1806 3413 tecit,

61 3433 186 3490 decantes
223 3434 405 3490 ecclesiastici
442 3435 506 3505 viri,
539 3441 702 3491 statuerunt
734 3443 767 3491 ut
798 3439 905 3493 frontes
959 3435 1140 3505 episcopatus
1162 3434 1323 3505 expelletur
1344 3434 1463 3488 honore.
1490 3434 1546 3488 Nec
1574 3434 1658 3488 liceat
1678 3435 1808 3505 pecuniae

61 3521 267 3596 baptizatorum
290 3539 350 3578 non
374 3539 391 3578 ι
420 3523 605 3595 presbyteris,
630 3524 677 3579 sed
708 3525 743 3579 ab
766 3525 906 3597 episcopis
958 3523 1076 3578 datione
1089 3523 1256 3595 episcopum
1271 3522 1343 3578 lieri.
1359 3524 1425 3577 Esse
1439 3528 1535 3577 antem
1550 3528 1666 3594 oportet
1679 3540 1746 3578 eum
1759 3523 1809 3594 qui

62 3612 209 3668 chrismate
233 3617 331 3667 sancto
354 3611 518 3667 linirentur.
544 3613 624 3668 Sicut
638 3612 673 3667 de
694 3619 791 3667 sancto
815 3613 903 3668 Silre·
959 3611 1110 3683 episeopus
1122 3612 1154 3666 tit
1169 3612 1213 3666 vel
1229 3612 1414 3677 monachum,
1429 3613 1471 3665 ret
1488 3611 1623 3666 clericum
1638 3628 1645 3666 ε
1660 3612 1701 3667 ita
1712 3617 1809 3667 tamen

62 3705 111 3754 nro
138 3701 172 3756 in
203 3699 296 3756 Gestis
321 3700 484 3772 apostolicis
508 3701 612 3772 tegitur
640 3701 711 3769 (tio.
738 3703 906 3767 Pontificalis
958 3705 1063 3753 utnon
1080 3700 1232 3754 minussex
1248 3699 1619 3771 mensibusappereateum
1630 3701 1660 3755 in
1675 3700 1809 3755 clericatu

33 3788 35 3794 ’
64 3790 167 3845 minam
187 3791 292 3859 papae),
322 3789 371 3843 ubi
401 3789 442 3843 sic
467 3789 605 3861 scripturn
630 3789 792 3843 invenitur:
817 3810 829 3838 ι
856 3789 906 3844 ttic
958 3786 1155 3855 fuisse‚uetc.
1173 3787 1305 3841 Videmus
1316 3802 1373 3840 nou
1386 3786 1696 3854 sotumecclesiasticis,
1709 3804 1809 3842 rerum

64 3877 207 3934 constituit
231 3882 263 3932 ut
281 3875 405 3931 chrisma
419 3877 455 3931 ab
472 3876 606 3948 episcopo
628 3877 783 3944 ellieiatnr;
804 3885 832 3931 et
848 3878 905 3948 pri·
959 3876 1045 3930 ctiam
1073 3876 1272 3946 imperialibus
1296 3875 1407 3933 obviari
1431 3875 1693 3940 constitutionibus,
1720 3881 1753 3930 ut
1776 3892 1809 3930 ex

64 3965 194 4037 vilegium
209 3966 247 4021 sit
258 3966 408 4037 episeopis,
425 3971 456 4020 ut
469 3967 628 4036 baptizatos
641 3965 793 4020 chrismate
809 3971 905 4020 sancto
961 3964 1031 4019 laico
1045 3963 1142 4018 statim
1156 3964 1191 4019 ad
1203 3964 1384 4035 episcopatus
1400 3964 1538 4018 bonorem
1553 3963 1657 4034 uliquis
1677 3980 1808 4019 assuma-

65 4055 237 4126 consignenl,
270 4059 391 4126 propter
413 4054 577 4110 haereticam
605 4053 863 4110 insimulationem.
890 4076 904 4104 s
960 4057 1016 4121 tur,
1037 4069 1102 4108 cum
1117 4053 1221 4108 debeat
1239 4052 1320 4123 prius
1334 4053 1365 4106 in
1384 4052 1505 4106 Ecclesia
1520 4051 1646 4122 probari,
1663 4056 1691 4106 el
1704 4069 1806 4106 secun·

66 4141 126 4198 ilinc
154 4142 244 4198 etiarn
268 4142 452 4198 Innocentius
476 4159 551 4214 papa
577 4143 606 4196 in
630 4142 689 4197 suis
714 4143 906 4198 Decretalibus
960 4142 1029 4198 dum
1058 4141 1248 4196 ecclesiastica
1274 4142 1429 4196 constituta
1456 4140 1566 4207 doceri,
1590 4147 1733 4211 quatenus
1765 4142 1810 4195 uia

66 4229 110 4286 hoc
133 4231 222 4286 modo
247 4229 376 4286 decernit
397 4233 489 4302 (epist.
518 4233 540 4296 t,
566 4247 627 4302 cap.
652 4232 691 4302 3).
713 4252 727 4282 e
752 4232 791 4285 De
812 4232 905 4286 consi·
926 4231 1042 4302 [tregia
1052 4248 1102 4303 per
1118 4230 1260 4301 graduum
1273 4231 1479 4285 successionem
1490 4231 1695 4296 conscendens,
1706 4230 1811 4300 dignus

66 4319 347 4388 grandisinisntihus
362 4319 545 4375 menifestum
556 4325 608 4388 est,
625 4335 681 4374 non
697 4320 732 4376 ab
747 4320 803 4375 elio
819 4336 906 4392 quam
960 4320 1123 4375 inveniatur
1137 4319 1244 4373 summi
1260 4319 1394 4372 culminis
1417 4319 1527 4391 apicem
1545 4318 1685 4373 obtinere.
1705 4320 1811 4374 Verum

67 4407 94 4462 n
109 4409 246 4481 episcopo
270 4408 334 4465 fieri
357 4408 453 4464 licere.
476 4409 547 4464 Nem
570 4409 742 4479 presbytcri,
765 4408 830 4464 licet
851 4411 908 4465 sint
961 4410 1126 4463 Graecorum
1152 4409 1352 4479 imperatores,
1378 4413 1436 4462 tam
1462 4408 1560 4462 uterina
1580 4423 1667 4478 quam
1684 4408 1811 4464 humana

67 4500 228 4566 secerdotes,
243 4497 429 4570 pontificatus
442 4502 541 4552 mmen
562 4496 673 4569 apicem
687 4513 746 4552 non
761 4497 905 4552 habent.»
958 4498 1026 4569 jura
1056 4497 1311 4568 transgredientes,
1336 4497 1446 4551 fuciunt
1471 4496 1525 4551 sibi
1552 4496 1586 4550 de
1615 4496 1694 4551 laicis
1718 4498 1810 4552 subito

68 4583 115 4641 lloe
137 4592 236 4642 autem
259 4586 445 4659 pontificibus
468 4587 536 4642 solis
560 4586 719 4652 deberint
740 4588 783 4641 vel
809 4585 906 4640 consi·
961 4587 1050 4642 tonsis
1065 4586 1224 4657 episcopos,
1250 4590 1279 4639 et
1297 4601 1346 4640 eos
1365 4585 1415 4655 qui
1431 4585 1558 4641 nondum
1573 4586 1688 4641 minimi
1705 4587 1811 4658 gradus

68 4678 154 4743 guent,
168 4674 554 4746 nelpsracletumSpiritum
568 4673 833 4739 sanctumtradent,
850 4689 908 4727 uon
961 4676 1102 4730 honorem
1118 4673 1199 4744 digni
1222 4673 1370 4744 percipere
1395 4673 1520 4739 fuerant,
1544 4674 1651 4729 summi
1675 4674 1810 4729 culminis

68 4761 145 4818 totum
170 4763 351 4818 consuetudo
375 4763 567 4819 ecclesiastica
590 4765 781 4831 demonstrat,
808 4778 908 4816 verum
960 4763 1067 4817 verlice
1091 4763 1260 4817 sustollunt:
1290 4769 1318 4816 et
1340 4761 1408 4816 talin
1438 4767 1569 4833 gerentes
1591 4780 1649 4818 non
1678 4769 1811 4818 verentur

69 4847 108 4904 ills
119 4851 204 4907 lectio
216 4853 341 4907 Actuum
357 4852 569 4923 apostolorum,
590 4868 655 4923 quae
675 4850 776 4906 asserit
791 4851 907 4906 Petrum
962 4851 1066 4907 Christi
1084 4851 1234 4905 Ecclesiam
1251 4851 1432 4917 calumniari,
1448 4852 1580 4921 talsapro
1596 4852 1671 4908 veris
1686 4853 1810 4923 toquen-

68 4943 91 4993 et
108 4941 250 4996 loannem
276 4957 336 4996 esse
358 4941 494 5009 directos,
517 4941 568 5014 qui
586 4941 647 5012 jam
674 4939 826 5011 baptizatis
850 4945 908 4993 tra·
962 4946 1014 5003 tes,
1034 4955 1088 5010 pro
1106 4938 1196 4992 nihilo
1211 4940 1345 4994 ducentes
1361 4940 1437 5010 quod
1454 4941 1584 4995 Salvator
1602 4940 1642 4996 ait
1667 4940 1697 4994 in
1719 4940 1809 4994 Evan-

68 5024 126 5084 drnt
143 5028 286 5101 Spiritum
301 5034 442 5085 sanctum.
464 5031 536 5085 Nam
560 5027 738 5100 presbyteris
756 5043 807 5081 seu
831 5032 909 5081 extra
962 5029 1052 5100 gello:
1072 5027 1125 5093 Qui
1138 5028 1370 5082 scandalizaverit
1384 5043 1468 5082 unum
1488 5027 1520 5082 cle
1540 5029 1653 5097 pusillis
1676 5029 1739 5080 istis
1763 5028 1812 5095 qui

67 5116 236 5189 episcopum,
260 5134 312 5173 seu
327 5123 470 5189 praesente
493 5117 640 5189 episcopo,
660 5132 725 5170 cum
748 5115 906 5186 baptizent,
962 5120 991 5171 in
1004 5132 1045 5170 me
1060 5114 1182 5181 credunt,
1199 5116 1310 5185 expedit
1323 5119 1348 5170 ei
1362 5121 1392 5170 ut
1402 5115 1587 5185 suspendatur
1602 5115 1672 5168 mola
1686 5115 1812 5166 asinaria

65 5205 212 5262 chrismate
240 5206 401 5277 baptizatos
436 5221 545 5278 ungere
574 5205 652 5270 licet,
687 5205 734 5259 ssd
768 5203 845 5275 quod
872 5204 908 5258 ab
963 5206 1028 5260 calta
1042 5204 1110 5272 ejus,
1126 5207 1152 5257 et
1175 5202 1391 5270 demereaturin
1404 5202 1576 5273 profundum
1594 5201 1807 5266 marisfflattlr.

65 5295 191 5367 episcopo
219 5294 309 5351 luerit
334 5299 546 5361 consecratum
579 5309 638 5347 non
664 5297 760 5347 tamen
782 5292 908 5347 frontem
963 5307 1041 5356 xvru,
1066 5289 1103 5360 6).
1122 5291 1156 5345 Ut
1178 5291 1378 5361 poenamortis
1399 5293 1430 5346 in
1451 5289 1648 5354 eosriudicel,
1667 5293 1697 5344 et
1717 5289 1810 5344 ssucti·

63 5385 160 5440 Mem
187 5385 251 5439 oleo
280 5383 405 5456 signare,
431 5383 510 5455 qnod
529 5381 596 5439 solis
622 5381 743 5436 debetur
768 5379 909 5450 episeopis
963 5380 1015 5433 bns
1040 5379 1210 5450 perditionis
1233 5380 1450 5448 absorbeantur,
1475 5394 1547 5450 quos
1567 5377 1691 5432 charitas
1714 5379 1824 5434 timori

62 5486 123 5528 cum
144 5473 268 5528 uadunt
291 5472 431 5544 Spiritum
447 5471 633 5543 paracletum.
659 5469 729 5523 ilinc
744 5484 844 5523 omnes
859 5467 909 5521 Oc·
962 5472 1060 5522 saneto
1077 5483 1134 5522 uon
1150 5468 1217 5523 tecit
1231 5485 1291 5523 esse
1307 5469 1457 5538 subjectos.
