3930 6098
104 286 160 364 rsa

103 507 132 558 in
164 502 265 557 ricinis
299 500 369 554 locis
399 504 626 566 commorantur,
671 505 699 553 et
732 501 953 570 proclamaverit

104 592 245 663 agendum
262 590 317 644 sihi
334 589 480 661 negotium
495 588 525 644 in
541 588 610 643 urbe
627 589 717 643 Roma
733 606 739 642 :
757 589 827 642 alter
842 589 951 658 episco-

102 696 157 750 pus
171 679 200 733 iu
212 679 273 748 ejus
288 678 424 732 cathedra
438 666 504 748 post
519 677 741 747 appellationem
761 677 822 746 ejus
847 678 896 748 qni
910 667 952 730 vui·

103 769 186 821 detur
214 782 275 820 esse
302 767 449 837 depositus
472 766 590 820 omuino
624 781 680 819 non
707 765 865 833 ordinetur,
895 765 952 820 uisi

103 872 188 911 causa
207 856 295 911 luerit
314 856 343 910 in
366 855 476 925 judicio
505 855 631 925 episcopi
658 855 781 909 Romani
809 853 950 911 determi-

104 950 181 999 nata.
198 965 212 993 a

440 1074 503 1128 Cau.
518 1072 615 1128 CXCV.

140 1218 211 1270 ltem
226 1215 327 1269 beatus
340 1230 414 1285 papa
434 1215 567 1270 silvester
590 1215 620 1268 iu
641 1214 816 1269 allocutione
846 1215 953 1270 Niceni

105 1305 219 1360 concilii
236 1304 303 1357 lecit
317 1304 423 1374 gradus
446 1304 476 1355 in
492 1303 602 1374 gremio
624 1303 723 1373 synodi
740 1303 781 1374 (iu
803 1304 953 1359 canonibus

105 1395 238 1454 siluestri,
253 1408 312 1460 cop.
329 1391 373 1461 dl:
393 1411 407 1440 (ι
420 1391 454 1445 Ut
465 1407 522 1445 uon
537 1391 687 1461 presbyter
698 1390 833 1445 adversus
848 1392 954 1462 episco-

107 1497 185 1551 pum,
211 1497 266 1534 non
283 1481 418 1533 diaconus
437 1480 571 1533 adversus
582 1480 791 1548 presbyterum,
808 1496 867 1533 nou
882 1480 950 1533 sub-

106 1569 243 1623 diaconus
253 1567 388 1620 adversus
402 1568 566 1631 diaconum,
584 1583 641 1621 non
655 1568 804 1636 acolythus
818 1568 952 1622 adversus

53 1695 58 1704 .
105 1657 324 1719 subdiaconum,
350 1671 408 1708 nou
439 1655 579 1707 exorcista
607 1652 741 1707 adversus
773 1657 951 1726 acolythum,

107 1759 165 1796 nou
192 1744 278 1796 lector
305 1741 440 1795 adversus
461 1741 641 1809 exorcistam,
670 1757 727 1795 nou
755 1742 887 1797 ostiarius
908 1744 956 1798 ad·

107 1846 203 1884 vorsus
218 1831 353 1884 lectorem
376 1830 424 1883 det
444 1830 657 1884 accusationem
677 1831 804 1901 aliquam
821 1847 827 1884 :
845 1836 874 1885 et
896 1848 954 1885 non

106 1919 290 1972 damnabitur
317 1918 469 1988 episeopus
498 1919 611 1987 presul,
639 1919 694 1971 uisi
718 1920 748 1972 in
773 1921 955 1990 septuaginta

106 2009 163 2062 duo
186 2007 366 2072 testimonia3
398 2023 489 2076 neque
505 2007 608 2077 praesul
621 2023 780 2061 suurmnsa
806 2024 954 2079 quoquam

104 2096 288 2167 judicabitur,
321 2096 458 2165 quouiam
483 2095 705 2164 scriptumest:
726 2098 786 2152 Nou
806 2101 846 2150 est
870 2097 954 2150 disci·

103 2187 187 2254 palas
202 2200 284 2253 super
298 2187 471 2251 magistrum.
497 2182 647 2253 Presbyter
667 2192 764 2239 autem
787 2202 847 2239 nou
872 2186 953 2240 dam·

107 2274 222 2328 nabltur
237 2273 290 2326 nisi
306 2274 336 2325 in
351 2272 541 2343 quadraginta
556 2279 681 2343 quatuor
696 2275 869 2328 testimonia.
891 2275 956 2329 Dia-

106 2379 195 2417 conus
211 2369 307 2417 autem
319 2362 472 2416 cardinalis
486 2363 659 2416 constitutus
676 2363 754 2417 urhis
772 2364 880 2430 Rome,
897 2363 954 2418 nisi

92 2452 135 2505 rin
150 2452 269 2521 triginta
282 2466 329 2504 sex
344 2450 510 2504 testimonia
527 2467 585 2504 nou
606 2451 854 2506 condemnabitur.
878 2453 954 2507 Sub-

106 2540 252 2600 diacnuus,
282 2538 441 2608 acolythus,
472 2540 622 2603 exorcista,
660 2539 758 2605 lector,
784 2540 851 2607 nisi,
881 2541 955 2594 sicut

106 2629 244 2699 scriptum
259 2633 311 2692 est,
325 2627 356 2678 iu
371 2629 481 2694 septem
503 2626 674 2687 testimonia,
699 2628 775 2682 lilios
796 2633 824 2682 et
851 2643 954 2681 oxatres

105 2716 252 2784 habentes,
274 2721 303 2769 et
326 2715 444 2768 omniuo
457 2713 602 2769 Christum
618 2716 819 2786 predicantes.
838 2717 881 2771 Sic
906 2716 955 2770 de·

106 2811 153 2859 tur
169 2805 286 2876 mystica
299 2806 410 2856 veritas.
428 2825 438 2850 »

141 2893 260 2948 Sanctus
286 2891 410 2946 Gelasins
435 2907 508 2961 papa
536 2892 668 2947 Acacium
690 2893 953 2964 Constantinopoli-

715 279 827 336 AENEAE
846 279 1062 339 raalstnusls
1081 281 1239 379 aelsuoel

8 470 11 475 ,
105 432 158 486 pus
171 413 319 486 depositus
333 411 420 467 luerit
433 425 534 465 eorum
550 410 749 482 episcoporum
770 410 881 481 judicio
901 410 1067 482 quilllruc
1099 418 1236 484 tanquam
1262 412 1425 468 inauditum
1457 412 1606 484 quidpiam
1634 429 1719 468 nosse
1743 412 1850 468 deside-

1802 285 1850 339 752

1007 517 1085 568 raus,
1098 506 1127 555 et
1142 501 1252 571 reliqua
1264 516 1355 570 usque
1366 501 1399 555 ad
1413 500 1512 555 finem.
1525 521 1539 550 a
1555 501 1664 556 Rursus
1675 516 1753 572 papa
1775 502 1849 556 Gela·

1006 588 1063 641 sius
1092 589 1127 643 de
1155 587 1257 642 eadem
1283 604 1314 641 re
1331 588 1459 642 reddidit
1483 588 1624 643 rationem
1651 588 1688 641 ad
1708 588 1849 659 episcopos

1007 675 1139 742 Orientis,
1152 692 1259 747 eosque
1272 676 1428 730 admodum
1440 676 1634 747 reprehendit,
1646 691 1738 746 quare
1753 676 1850 731 tatibus

1008 764 1280 834 presumptionibus
1294 780 1353 818 nou
1375 765 1609 834 repugnaverint,
1642 765 1735 835 Hujus
1759 765 1849 836 itaque

1007 851 1126 907 rationis
1148 850 1265 905 initium
1289 850 1345 904 tale
1364 855 1407 905 est
1422 850 1553 920 (ejusdem
1567 855 1645 921 epist.
1665 854 1708 906 th.
1726 853 1788 907 Noa
1809 867 1849 906 oc-

1007 944 1094 995 currit
1112 940 1166 995 baec
1188 943 1266 1009 epist.
1283 943 1357 994 iuter
1377 939 1455 1009 edit.)
1472 956 1510 993 :a
1532 940 1606 1005 Quid
1630 954 1702 1010 ergo
1724 938 1774 993 isti
1788 954 1847 1010 pro-

1007 1029 1106 1084 dentes
1121 1027 1175 1082 viri
1189 1034 1219 1082 et
1231 1028 1341 1098 argutis
1362 1028 1507 1082 mentibus
1529 1026 1617 1083 totius
1640 1027 1791 1099 religionis
1810 1028 1847 1082 iu·

1007 1121 1089 1172 terna
1103 1117 1249 1181 rimantes,
1267 1116 1298 1170 in
1312 1115 1436 1171 Orientis
1459 1116 1588 1187 partibus
1606 1116 1766 1182 constituti,
1790 1122 1844 1179 etc..

1007 1212 1153 1282 usquead
1176 1210 1262 1266 truem
1287 1209 1435 1264 sermonis.
1458 1228 1471 1260 u
1492 1209 1583 1279 lgitur
1604 1210 1772 1282 quicunque
1795 1209 1846 1264 hec

1008 1300 1105 1354 omnia
1115 1315 1168 1370 per
1181 1299 1311 1354 ordinem
1326 1298 1470 1370 relegerit.
1486 1299 1641 1369 apostolica
1653 1297 1737 1352 sedes
1750 1303 1845 1368 quanta

1008 1386 1148 1457 dignitate
1162 1386 1271 1440 cunctis
1287 1402 1337 1458 per
1351 1385 1450 1440 orbem
1472 1386 1601 1442 Ecclesiis
1623 1387 1801 1457 prepolleat,
1822 1390 1845 1439 et

1009 1480 1164 1547 postestate
1179 1475 1215 1528 sit
1236 1474 1419 1539 eminentior,
1446 1475 1596 1546 perspicue
1615 1476 1650 1530 ad
1673 1475 1791 1545 plenum
1809 1490 1843 1528 cc

1008 1578 1145 1634 gnoscere
1154 1561 1269 1632 poterit.

1333 1669 1397 1723 Gen.
1420 1667 1529 1723 CXCVI.

1044 1787 1126 1852 ltcm,
1151 1785 1388 1841 Commonitorium
1408 1784 1497 1837 sancti
1525 1783 1628 1838 Gelasii
1653 1800 1705 1854 per
1721 1784 1838 1840 Faustum

1009 1873 1176 1941 magistrum
1192 1872 1342 1944 legationis
1359 1872 1454 1928 allicio
1469 1873 1636 1943 iungentum
1653 1871 1837 1927 Constantino·

1008 1961 1068 2032 poli
1081 1962 1221 2015 directum
1238 1960 1320 2032 (epist
1334 1962 1370 2027 4),
1388 1960 1464 2032 quod
1480 1960 1519 2014 sic
1533 1960 1636 2032 incipit
1653 1977 1660 2015 :
1678 1982 1692 2009 «
1710 1960 1766 2028 Ego
1784 1976 1836 2030 quo·

1008 2066 1064 2121 que
1082 2055 1176 2104 mente
1192 2050 1306 2120 percepi
1327 2048 1439 2104 Grecos
1453 2049 1482 2102 in
1495 2065 1547 2102 sua
1563 2047 1758 2102 obstinatione
1771 2063 1834 2101 mau-

1008 2154 1099 2204 suros‚
1116 2154 1152 2191 ne
1168 2137 1214 2191 cui
1230 2137 1307 2191 velari
1328 2136 1506 2207 insperatum
1534 2135 1623 2189 rideri
1647 2139 1752 2206 potest,
1773 2131 1832 2206 quod

1008 2228 1095 2281 estin
1111 2232 1176 2282 aute
1192 2226 1441 2298 praecognitum»
1460 2229 1524 2290 etc,
1538 2239 1624 2290 usquc
1638 2224 1678 2278 cd
1694 2227 1781 2294 ficem.

1327 2340 1391 2395 Cae.
1413 2339 1535 2396 cxevll.

1045 2460 1077 2512 ln
1090 2458 1144 2511 hoc
1159 2456 1377 2510 commonitorio
1390 2455 1466 2510 inter
1481 2460 1582 2509 cetera
1592 2455 1632 2507 sic
1648 2455 1716 2508 dicit
1731 2451 1832 2518 :rorrad

1009 2547 1033 2599 si
1049 2547 1170 2601 dicunt:
1196 2548 1354 2615 Imperator
1383 2543 1436 2597 hoc
1458 2543 1534 2607 lecit,
1556 2544 1610 2596 hoc
1628 2543 1723 2612 ipsum
1750 2541 1832 2612 quibus

1008 2633 1176 2698 carioribus,
1195 2634 1300 2704 quibus
1319 2632 1425 2701 regulis
1445 2636 1487 2685 est
1501 2630 1698 2702 preceptum?
1713 2630 1767 2685 Cur
1784 2628 1832 2682 huic

1007 2726 1066 2774 tam
1083 2736 1169 2790 praro
1194 2721 1268 2773 lacto
1295 2722 1439 2773 consensit
1461 2720 1591 2784 Aeacius,
1615 2735 1681 2773 cum
1704 2717 1832 2772 auctoritas

1008 2808 1104 2862 divina
1119 2808 1194 2861 dicat
1211 2825 1217 2862 :
1234 2810 1293 2863 ll'ou
1307 2809 1395 2861 sotum
1409 2811 1457 2872 qut
1485 2810 1593 2875 sociant
1606 2822 1695 2876 praua
1717 2820 1781 2866 reos,
1797 2802 1833 2857 sed

1009 2899 1097 2960 etqui
1115 2899 1288 2948 corrsmtiuut
1314 2895 1503 2961 fetentibus?
1523 2896 1614 2960 (Rom.
1641 2893 1673 2964 r.)
1687 2894 1832 2958 dulnosu-

105 2986 180 3036 tane
200 2981 274 3035 sedis
288 2981 452 3051 episcopum
469 2982 637 3034 auctoritate
667 2983 811 3037 damnavit
839 2990 955 3054 aposto·
974 2993 995 3048 c
1011 2984 1143 3046 nauibus,
1160 2983 1265 3054 quibus
1278 2983 1384 3051 regulis
1401 2983 1560 3037 llalcudiou
1579 2983 1711 3037 exclusus
1734 2988 1782 3048 est,
1799 2977 1830 3030 ul

35 3135 37 3138 y
106 3069 169 3133 lica,
197 3070 233 3123 ob
260 3069 415 3122 maximam
442 3068 574 3122 videlicet
597 3069 860 3140 presumptionem,
886 3070 954 3140 quia

105 3159 244 3211 loannem
262 3157 449 3227 qualemlibet
464 3157 622 3224 homiuem,
647 3158 819 3211 catholicum
844 3166 952 3224 tamen,

105 3264 122 3301 a
158 3246 305 3299 catholicis
342 3245 483 3307 ordinem,
524 3246 560 3299 de
596 3247 787 3300 Alexandrina
828 3246 952 3315 civitate,

106 3350 170 3407 que
191 3339 255 3404 post
275 3334 434 3388 ltouranam
456 3333 581 3387 secunda
599 3334 722 3388 habetur
745 3335 835 3401 sedes,
858 3336 953 3389 exclu-

106 3430 192 3482 serat,
221 3424 392 3492 Patremque
425 3423 457 3474 iu
481 3423 584 3475 heresi
605 3423 665 3491 jam
695 3424 838 3477 detectum
868 3431 954 3496 atque

106 3513 273 3566 damnatum
289 3511 398 3580 absque
413 3510 487 3564 sedis
503 3512 667 3580 apostolice
683 3511 890 3567 consultatione
912 3530 955 3568 re·

106 3605 229 3669 ceperat,
248 3603 277 3651 et
301 3599 369 3668 quia
393 3598 490 3668 aliqua
516 3599 624 3669 syuodo
639 3599 736 3654 habita
751 3601 803 3654 boc
820 3601 954 3657 audacter

105 3686 277 3757 arripuerat,
303 3692 335 3741 ut
355 3687 564 3742 Kalendiouem
585 3689 772 3743 Antiocheae
787 3690 863 3744 sedis
896 3691 955 3762 epi·

106 3792 224 3847 scopum
249 3782 348 3830 contra
370 3777 512 3830 rationem
536 3778 703 3847 deponeret,
734 3785 763 3832 et
787 3776 954 3834 hereticum

105 3866 220 3919 Petrum
237 3880 323 3936 quem
341 3864 402 3935 ipse
422 3864 531 3920 dudum
556 3867 751 3933 damnaverat,
774 3867 881 3938 absque
906 3885 955 3922 no-

106 3951 168 4005 titia
183 3951 430 4021 sedisapostolicae
444 3967 543 4006 rursus
559 3952 723 4019 admiserat,
741 3953 873 4005 Basilisco
896 3953 955 4007 im-

106 4044 236 4110 peratore
254 4038 388 4092 herelico
405 4041 434 4092 iu
459 4039 512 4093 hac
540 4039 700 4094 laciuorosa
727 4041 954 4110 presumptione

106 4125 312 4180 consentiente.
337 4126 465 4196 Proque
491 4128 695 4196 presumptive
710 4133 852 4197 potestate
877 4129 954 4183 idem

105 4229 181 4283 papa
202 4214 329 4267 {talasius
352 4214 385 4267 od
414 4214 594 4267 anastasium
618 4215 820 4285 imperatorem
837 4215 953 4270 mirabi-

1009 3071 1092 3140 primi
1109 3070 1225 3123 urbium
1238 3068 1415 3123 diversarum
1441 3071 1575 3123 catholici
1596 3067 1774 3123 sacerdotes?
1786 3067 1829 3130 Oua

1009 3157 1161 3211 traditione
1178 3157 1319 3228 carajorum
1345 3156 1529 3226 apostolicam
1546 3158 1645 3211 sedeur
1672 3157 1701 3210 iu
1714 3155 1829 3227 judicium

1009 3245 1128 3301 vocarit?
1143 3252 1185 3299 ltu
1201 3246 1330 3298 securule
1346 3246 1421 3299 sedis
1437 3234 1577 3299 antistites
1593 3253 1622 3299 et
1645 3245 1746 3310 tertie,
1767 3248 1828 3297 cete·

1009 3336 1090 3406 rique
1103 3335 1176 3388 bene
1192 3334 1363 3388 sibicouscii
1381 3334 1542 3388 sacerdotes
1556 3333 1662 3404 depelli
1682 3335 1828 3392 debuerunt,

1008 3424 1095 3492 etqui
1112 3423 1219 3476 exstitit
1229 3420 1374 3491 religionis
1390 3421 1533 3488 iuimicus,
1546 3420 1654 3490 depelli
1668 3436 1725 3475 non
1738 3410 1829 3473 debuit?

1011 3511 1204 3579 Videantergo
1222 3509 1245 3562 si
1257 3508 1328 3562 alios
1343 3508 1429 3564 habet
1443 3524 1568 3563 renones
1590 3508 1697 3579 quibus
1723 3524 1783 3561 suos
1796 3503 1828 3556 in·

1007 3599 1100 3669 eptias
1125 3601 1329 3668 exsequantur,
1360 3597 1501 3652 Ceterum
1532 3597 1579 3651 isli
1611 3597 1663 3668 qui
1687 3596 1765 3657 sacri,
1793 3587 1828 3661 qui

1007 3685 1198 3751 ecclesiastici,
1230 3684 1280 3756 qai
1307 3685 1427 3755 legitimi
1455 3685 1646 3752 celebrantur,
1679 3701 1737 3739 nou
1759 3681 1828 3737 solnu

1007 3776 1103 3828 sedem
1118 3775 1302 3844 apostolicam
1318 3774 1353 3827 ad
1366 3773 1507 3844 judicium
1523 3789 1624 3828 vocare
1637 3789 1698 3828 nou
1713 3774 1825 3844 possunt:

1008 3869 1035 3917 et
1052 3862 1379 3932 Constantinopolitanae
1402 3863 1552 3934 episcopus
1574 3862 1707 3928 civitatis,
1724 3854 1827 3933 quenti·

1008 3967 1065 4022 que
1082 3968 1133 4021 per
1145 3965 1269 4005 canones
1284 3952 1359 4004 iuter·
1374 3951 1455 4005 sedes
1474 3950 1585 4005 nultum
1607 3966 1714 4005 nornen
1736 3942 1826 4015 accepit

1008 4041 1037 4094 in
1066 4040 1298 4094 communionem
1324 4039 1453 4094 recidens
1468 4039 1658 4110 perfidorum,
1683 4054 1740 4093 nou
1755 4030 1828 4090 debuit

1008 4128 1191 4182 submoverit
1204 4130 1248 4182 An
1268 4127 1319 4198 qui
1337 4126 1449 4182 homiui
1462 4128 1600 4182 mentitus
1613 4127 1720 4182 dicitur
1732 4126 1828 4194 impera·

1010 4217 1075 4279 tori,
1092 4217 1180 4287 etqui
1195 4217 1400 4286 imperatorem
1417 4217 1520 4270 lesisse
1535 4217 1733 4287 perhibentur,
1748 4204 1826 4282 depelli

106 4302 163 4354 lem
182 4300 284 4354 direxit
308 4301 469 4370 epistolam,
486 4307 516 4354 ut
532 4301 651 4373 indigne
666 4310 803 4373 usurpata
826 4307 950 4374 potestas
974 4287 1180 4370 ”debuerunt
1197 4311 1226 4359 et
1241 4306 1271 4359 in
1282 4307 1371 4360 Deum
1387 4306 1438 4376 qui
1454 4321 1584 4359 summus
1599 4311 1627 4360 et
1641 4321 1723 4360 verus
1741 4298 1826 4357 estin

106 4388 321 4456 reprimeretur,
337 4392 366 4442 et
384 4399 488 4444 sancte
504 4390 640 4445 Romane
661 4391 792 4445 Ecclesiae
807 4392 952 4462 singulare
1008 4398 1133 4464 perator,
1155 4394 1288 4448 Acacium
1304 4394 1530 4465 delinquentem,
1557 4395 1753 4464 sinceramque
1765 4397 1824 4442 conl·

105 4476 288 4545 privilegium
301 4478 387 4530 totius
402 4477 578 4549 principatus
599 4479 707 4534 illibate
737 4489 954 4536 conservaretur
1009 4482 1176 4537 munionem
1192 4481 1283 4536 divini
1300 4482 1647 4538 sacramentistudentem
1661 4483 1823 4536 miscuerunt

105 4563 163 4630 (Aa
176 4563 308 4619 Anactes.
323 4569 389 4635 imp.
402 4571 481 4636 epist.
494 4569 521 4634 8,
536 4567 623 4634 init).
641 4569 705 4623 ilec
721 4575 819 4623 autem
835 4570 954 4640 epistola
1008 4568 1133 4642 perfidis,
1159 4573 1317 4625 secundum
1340 4571 1482 4642 synodum
1506 4588 1564 4642 qna
1579 4571 1642 4626 hec
1662 4576 1704 4627 est
1719 4563 1824 4625 diunt·

105 4653 144 4706 ita
161 4652 280 4722 incipit:
300 4675 309 4704 ι
330 4654 440 4709 l‘amnli
462 4661 562 4710 vestre
583 4657 707 4727 pietatis,
733 4657 785 4710 lilii
802 4658 867 4723 mei,
886 4656 954 4711 Fau·
1008 4659 1128 4731 pertidia
1149 4675 1207 4714 uon
1229 4660 1379 4731 oportebat
1401 4660 1533 4715 excludit
1551 4659 1618 4726 Sed,
1640 4660 1728 4715 velint
1745 4650 1821 4710 nolint

106 4750 165 4796 slus
179 4740 313 4812 magister
339 4748 368 4798 et
382 4743 517 4810 Irenens,
543 4750 628 4816 atque
643 4760 744 4798 eorum
766 4744 885 4798 comites
905 4760 955 4816 pu·
1008 4748 1214 4820 ipsiusjudicio
1229 4750 1503 4820 antiquacenouum
1518 4750 1673 4805 constituta
1683 4747 1821 4804 firmantur:

104 4829 177 4884 blica
206 4831 347 4901 legatione
371 4832 534 4903 iungentes,
558 4837 593 4885 ad
623 4832 727 4886 Urbem
755 4832 871 4897 reversi,
899 4834 954 4887 cle·
1008 4838 1056 4893 sed
1072 4838 1198 4908 religiosi
1212 4837 1267 4891 viri
1290 4843 1376 4908 atque
1402 4838 1520 4909 perlecti
1550 4839 1708 4894 secundnm
1729 4835 1822 4890 carnot⁶⁵

105 4920 242 4973 mantiam
272 4924 394 4974 vestram
423 4921 559 4990 quesisse
587 4920 738 4987 dixerunt3
766 4936 817 4974 cur
844 4920 879 4974 ad
905 4936 955 4974 vos
1008 4942 1169 4981 concessam
1190 4926 1251 4980 sedi
1266 4926 1429 4997 apostolice
1454 4931 1623 4996 potestatem
1644 4927 1771 4982 nimirum
1790 4926 1822 4966 ⁰⁰·

107 5023 179 5061 mee
202 5009 385 5062 salutationis
408 5009 514 5079 scripta
546 5025 604 5064 uon
631 5009 770 5076 miserim,
800 5015 830 5062 et
851 5012 954 5063 cetera
1009 5020 1116 5068 nentur
1141 5013 1263 5084 eripere,
1300 5019 1328 5068 ct
1350 5014 1466 5069 sibimet
1504 5030 1569 5069 eam
1603 5020 1705 5070 contra
1730 5011 1823 5066 carletes

105 5111 195 5165 usque
225 5096 259 5150 ad
282 5097 410 5151 lluem.»
436 5098 508 5152 ltem
535 5098 662 5152 Gelasius
681 5097 809 5152 reddidit
830 5096 955 5150 rationes
1010 5118 1148 5173 usurpare
1162 5101 1349 5158 contendunt.
1362 5125 1377 5153 a

104 5184 221 5255 egregie
248 5186 406 5256 descriptas
430 5184 563 5253 (ejusdem
585 5189 664 5253 epist.
694 5188 735 5248 13,
753 5185 791 5239 cd
816 5189 955 5254 episcopos

104 5272 272 5340 Dardaniae),
296 5273 429 5328 Acacium
452 5273 554 5327 asede
578 5273 735 5343 apostolica
757 5278 957 5344 competenter
1323 5244 1386 5301 ω·
1408 5244 1544 5300 excvm·

105 5360 193 5415 luisse
218 5362 399 5430 damnatum,
423 5378 489 5432 que
509 5361 636 5415 rationes
666 5362 723 5416 tale
742 5361 850 5417 habent
870 5376 955 5415 exor·
1045 5359 1116 5413 item
1128 5359 1159 5413 iu
1171 5359 1293 5430 epistola
1308 5360 1534 5415 adAnastasium
1546 5360 1748 5433 imperatorem
1761 5353 1828 5429 (epid

105 5447 184 5502 dium
202 5465 210 5502 ε
227 5451 338 5506 «Valde
362 5450 460 5506 mirati
489 5465 600 5515 sumus,
630 5449 706 5520 quod
735 5448 955 5505 vestradilectio
1009 5448 1049 5517 8),
1065 5448 1260 5503 intercetera
1281 5448 1320 5502 sic
1347 5448 1434 5503 dicit:
1461 5471 1473 5499 ι
1496 5450 1670 5521 Apostoliee
1695 5463 1760 5503 acro
1777 5437 1831 5500 scit⁵

105 5536 188 5607 quasi
203 5546 347 5594 uoramet
360 5538 448 5595 veluti
469 5538 616 5595 dilticilem
631 5538 831 5610 questionem,
857 5543 886 5592 et
907 5537 953 5592 ed·
1010 5537 1175 5604 auctoritas,
1200 5538 1275 5610 quod
1301 5539 1410 5593 cunctis
1435 5539 1547 5594 seculis
1569 5534 1835 5594 christianizare·
