<?xml version="1.0" encoding="UTF-8"?>
<!DOCTYPE html PUBLIC "-//W3C//DTD XHTML 1.0 Transitional//EN"
    "http://www.w3.org/TR/xhtml1/DTD/xhtml1-transitional.dtd">
<html xmlns="http://www.w3.org/1999/xhtml" xml:lang="en" lang="en">
 <head>
  <title>
</title>
<meta http-equiv="Content-Type" content="text/html;charset=utf-8" />
  <meta name='ocr-system' content='tesseract 3.04.00' />
  <meta name='ocr-capabilities' content='ocr_page ocr_carea ocr_par ocr_line ocrx_word'/>
</head>
<body>
  <div class='ocr_page' id='page_1' title='image "./patrologiaecurs04unkngoog_0187.png"; bbox 0 0 3930 6098; ppageno 0'>
   <div class='ocr_carea' id='block_1_1' title="bbox 147 195 1328 270">
    <p class='ocr_par' dir='ltr' id='par_1_1' title="bbox 147 195 1328 270">
     <span class='ocr_line' id='line_1_1' title="bbox 147 195 1328 270; baseline -0.013 0"><span class='ocrx_word' id='word_1_1' title='bbox 147 217 197 270; x_wconf 67' lang='lat'><strong>823</strong></span> <span class='ocrx_word' id='word_1_2' title='bbox 716 199 897 257; x_wconf 77' lang='lat' dir='ltr'><strong>narrarint</strong></span> <span class='ocrx_word' id='word_1_3' title='bbox 917 195 1148 256; x_wconf 76' lang='lat' dir='ltr'><strong>cotuatensis</strong></span> <span class='ocrx_word' id='word_1_4' title='bbox 1174 196 1328 255; x_wconf 80' lang='lat' dir='ltr'><strong>nortem</strong></span> 
     </span>
    </p>
   </div>
   <div class='ocr_carea' id='block_1_2' title="bbox 144 331 1909 4393">
    <p class='ocr_par' dir='ltr' id='par_1_2' title="bbox 147 331 1899 762">
     <span class='ocr_line' id='line_1_2' title="bbox 147 331 1896 417; baseline -0.006 -18"><span class='ocrx_word' id='word_1_5' title='bbox 147 344 313 417; x_wconf 77' lang='lat' dir='ltr'>probentur.</span> <span class='ocrx_word' id='word_1_6' title='bbox 342 336 489 411; x_wconf 90' lang='lat' dir='ltr'><strong>Siquidem</strong></span> <span class='ocrx_word' id='word_1_7' title='bbox 518 349 624 406; x_wconf 88' lang='lat' dir='ltr'><strong>negare</strong></span> <span class='ocrx_word' id='word_1_8' title='bbox 654 350 712 389; x_wconf 92' lang='lat' dir='ltr'><strong>non</strong></span> <span class='ocrx_word' id='word_1_9' title='bbox 743 337 863 405; x_wconf 80' lang='lat' dir='ltr'><strong>possunt</strong></span> <span class='ocrx_word' id='word_1_10' title='bbox 893 338 992 387; x_wconf 85' lang='lat' dir='ltr'><strong>contra</strong></span> <span class='ocrx_word' id='word_1_11' title='bbox 1011 331 1183 403; x_wconf 84' lang='lat' dir='ltr'><strong>hligurant,</strong></span> <span class='ocrx_word' id='word_1_12' title='bbox 1218 345 1269 402; x_wconf 91' lang='lat' dir='ltr'><strong>per</strong></span> <span class='ocrx_word' id='word_1_13' title='bbox 1300 348 1387 404; x_wconf 91' lang='lat' dir='ltr'><strong>quam</strong></span> <span class='ocrx_word' id='word_1_14' title='bbox 1417 333 1592 388; x_wconf 89' lang='lat' dir='ltr'><strong>sacerdotale</strong></span> <span class='ocrx_word' id='word_1_15' title='bbox 1625 333 1711 389; x_wconf 88' lang='lat' dir='ltr'><strong>decus</strong></span> <span class='ocrx_word' id='word_1_16' title='bbox 1736 334 1896 390; x_wconf 87' lang='lat' dir='ltr'><strong>insinuant.</strong></span> 
     </span>
     <span class='ocr_line' id='line_1_3' title="bbox 149 421 1897 496; baseline -0.006 -8"><span class='ocrx_word' id='word_1_17' title='bbox 149 433 319 489; x_wconf 80' lang='lat' dir='ltr'><strong>sententiam</strong></span> <span class='ocrx_word' id='word_1_18' title='bbox 351 427 432 484; x_wconf 91' lang='lat' dir='ltr'><strong>Pauli</strong></span> <span class='ocrx_word' id='word_1_19' title='bbox 469 443 499 480; x_wconf 88' lang='lat' dir='ltr'><strong>sc</strong></span> <span class='ocrx_word' id='word_1_20' title='bbox 537 426 629 480; x_wconf 87' lang='lat' dir='ltr'><strong>iacere</strong></span> <span class='ocrx_word' id='word_1_21' title='bbox 662 424 799 478; x_wconf 89' lang='lat' dir='ltr'><strong>dicentis:</strong></span> <span class='ocrx_word' id='word_1_22' title='bbox 831 424 923 479; x_wconf 86' lang='lat' dir='ltr'><strong>Omnis</strong></span> <span class='ocrx_word' id='word_1_23' title='bbox 951 424 997 475; x_wconf 86' lang='lat' dir='ltr'><strong>oir</strong></span> <span class='ocrx_word' id='word_1_24' title='bbox 1051 423 1139 476; x_wconf 84' lang='lat' dir='ltr'><strong>Porro</strong></span> <span class='ocrx_word' id='word_1_25' title='bbox 1155 421 1265 493; x_wconf 88' lang='lat' dir='ltr'><strong>reliqua</strong></span> <span class='ocrx_word' id='word_1_26' title='bbox 1280 438 1346 494; x_wconf 88' lang='lat' dir='ltr'><strong>pars</strong></span> <span class='ocrx_word' id='word_1_27' title='bbox 1361 421 1531 493; x_wconf 90' lang='lat' dir='ltr'><strong>capillorum</strong></span> <span class='ocrx_word' id='word_1_28' title='bbox 1545 427 1632 493; x_wconf 93' lang='lat' dir='ltr'><strong>caput</strong></span> <span class='ocrx_word' id='word_1_29' title='bbox 1645 424 1784 492; x_wconf 84' lang='lat' dir='ltr'><strong>ambiens,</strong></span> <span class='ocrx_word' id='word_1_30' title='bbox 1802 441 1897 496; x_wconf 89' lang='lat' dir='ltr'><strong>neque</strong></span> 
     </span>
     <span class='ocr_line' id='line_1_4' title="bbox 147 510 1899 588; baseline -0.006 -11"><span class='ocrx_word' id='word_1_31' title='bbox 147 538 228 577; x_wconf 85' lang='lat' dir='ltr'><strong>orans</strong></span> <span class='ocrx_word' id='word_1_32' title='bbox 261 522 302 574; x_wconf 89' lang='lat' dir='ltr'><strong>oet</strong></span> <span class='ocrx_word' id='word_1_33' title='bbox 324 518 490 588; x_wconf 79' lang='lat' dir='ltr'><strong>prophetans</strong></span> <span class='ocrx_word' id='word_1_34' title='bbox 515 515 602 573; x_wconf 86' lang='lat' dir='ltr'><strong>uelato</strong></span> <span class='ocrx_word' id='word_1_35' title='bbox 626 516 725 584; x_wconf 83' lang='lat' dir='ltr'><strong>capite,</strong></span> <span class='ocrx_word' id='word_1_36' title='bbox 753 513 882 582; x_wconf 76' lang='lat' dir='ltr'><strong>deturpat</strong></span> <span class='ocrx_word' id='word_1_37' title='bbox 913 515 995 580; x_wconf 85' lang='lat' dir='ltr'><strong>capul</strong></span> <span class='ocrx_word' id='word_1_38' title='bbox 1049 510 1298 566; x_wconf 85' lang='lat' dir='ltr'><strong>tamenverticem</strong></span> <span class='ocrx_word' id='word_1_39' title='bbox 1321 512 1500 582; x_wconf 86' lang='lat' dir='ltr'><strong>contingens,</strong></span> <span class='ocrx_word' id='word_1_40' title='bbox 1526 512 1649 581; x_wconf 90' lang='lat' dir='ltr'><strong>speciem</strong></span> <span class='ocrx_word' id='word_1_41' title='bbox 1666 529 1778 567; x_wconf 74' lang='lat' dir='ltr'><strong>corone</strong></span> <span class='ocrx_word' id='word_1_42' title='bbox 1795 530 1899 584; x_wconf 83' lang='lat' dir='ltr'><strong>reproe·</strong></span> 
     </span>
     <span class='ocr_line' id='line_1_5' title="bbox 147 599 1898 680; baseline 0.001 -25"><span class='ocrx_word' id='word_1_43' title='bbox 147 606 388 680; x_wconf 69' lang='lat' dir='ltr'><strong>suum(1htd,‚t),</strong></span> <span class='ocrx_word' id='word_1_44' title='bbox 1050 604 1153 668; x_wconf 88' lang='lat' dir='ltr'><strong>sculat,</strong></span> <span class='ocrx_word' id='word_1_45' title='bbox 1172 616 1228 672; x_wconf 91' lang='lat' dir='ltr'><strong>qua</strong></span> <span class='ocrx_word' id='word_1_46' title='bbox 1244 600 1348 672; x_wconf 89' lang='lat' dir='ltr'><strong>regalis</strong></span> <span class='ocrx_word' id='word_1_47' title='bbox 1371 599 1497 671; x_wconf 87' lang='lat' dir='ltr'><strong>dignitas</strong></span> <span class='ocrx_word' id='word_1_48' title='bbox 1518 606 1687 655; x_wconf 85' lang='lat' dir='ltr'><strong>ostentatur.</strong></span> <span class='ocrx_word' id='word_1_49' title='bbox 1715 601 1760 655; x_wconf 93' lang='lat' dir='ltr'><strong>Sic</strong></span> <span class='ocrx_word' id='word_1_50' title='bbox 1775 606 1898 673; x_wconf 87' lang='lat' dir='ltr'><strong>utraque</strong></span> 
     </span>
     <span class='ocr_line' id='line_1_6' title="bbox 184 687 1722 762; baseline -0.005 -10"><span class='ocrx_word' id='word_1_51' title='bbox 184 700 245 753; x_wconf 87' lang='lat' dir='ltr'><strong>Non</strong></span> <span class='ocrx_word' id='word_1_52' title='bbox 269 697 324 750; x_wconf 90' lang='lat' dir='ltr'><strong>ista</strong></span> <span class='ocrx_word' id='word_1_53' title='bbox 349 693 472 749; x_wconf 84' lang='lat' dir='ltr'><strong>dicimus</strong></span> <span class='ocrx_word' id='word_1_54' title='bbox 495 707 552 762; x_wconf 94' lang='lat' dir='ltr'><strong>quo</strong></span> <span class='ocrx_word' id='word_1_55' title='bbox 574 691 671 745; x_wconf 82' lang='lat' dir='ltr'><strong>forsan</strong></span> <span class='ocrx_word' id='word_1_56' title='bbox 698 691 786 744; x_wconf 89' lang='lat' dir='ltr'><strong>talem</strong></span> <span class='ocrx_word' id='word_1_57' title='bbox 813 687 996 743; x_wconf 92' lang='lat' dir='ltr'><strong>consuetudi·</strong></span> <span class='ocrx_word' id='word_1_58' title='bbox 1048 690 1102 744; x_wconf 91' lang='lat' dir='ltr'><strong>hac</strong></span> <span class='ocrx_word' id='word_1_59' title='bbox 1117 689 1321 760; x_wconf 84' lang='lat' dir='ltr'><strong>speciercgale</strong></span> <span class='ocrx_word' id='word_1_60' title='bbox 1336 689 1526 744; x_wconf 84' lang='lat' dir='ltr'><strong>sacerdotium</strong></span> <span class='ocrx_word' id='word_1_61' title='bbox 1541 689 1722 760; x_wconf 88' lang='lat' dir='ltr'><strong>designatur.</strong></span> 
     </span>
    </p>

    <p class='ocr_par' dir='ltr' id='par_1_3' title="bbox 144 777 1904 2623">
     <span class='ocr_line' id='line_1_7' title="bbox 149 777 1899 855; baseline -0.004 -15"><span class='ocrx_word' id='word_1_62' title='bbox 149 802 214 841; x_wconf 88' lang='lat' dir='ltr'><strong>nem</strong></span> <span class='ocrx_word' id='word_1_63' title='bbox 239 783 449 855; x_wconf 88' lang='lat' dir='ltr'><strong>reprehendere</strong></span> <span class='ocrx_word' id='word_1_64' title='bbox 472 781 625 834; x_wconf 89' lang='lat' dir='ltr'><strong>malimus:</strong></span> <span class='ocrx_word' id='word_1_65' title='bbox 660 778 766 833; x_wconf 86' lang='lat' dir='ltr'><strong>scimus</strong></span> <span class='ocrx_word' id='word_1_66' title='bbox 795 778 917 831; x_wconf 90' lang='lat' dir='ltr'><strong>enimet</strong></span> <span class='ocrx_word' id='word_1_67' title='bbox 943 777 994 829; x_wconf 84' lang='lat' dir='ltr'><strong>lrr-</strong></span> <span class='ocrx_word' id='word_1_68' title='bbox 1085 778 1213 834; x_wconf 86' lang='lat' dir='ltr'><strong>Christus</strong></span> <span class='ocrx_word' id='word_1_69' title='bbox 1235 779 1321 833; x_wconf 89' lang='lat' dir='ltr'><strong>etiam</strong></span> <span class='ocrx_word' id='word_1_70' title='bbox 1343 794 1391 833; x_wconf 83' lang='lat' dir='ltr'><strong>rex</strong></span> <span class='ocrx_word' id='word_1_71' title='bbox 1418 783 1447 832; x_wconf 88' lang='lat' dir='ltr'><strong>ct</strong></span> <span class='ocrx_word' id='word_1_72' title='bbox 1473 778 1604 833; x_wconf 80' lang='lat' dir='ltr'><strong>sacerdos</strong></span> <span class='ocrx_word' id='word_1_73' title='bbox 1628 779 1808 850; x_wconf 81' lang='lat' dir='ltr'><strong>exprimitur,</strong></span> <span class='ocrx_word' id='word_1_74' title='bbox 1832 796 1899 850; x_wconf 89' lang='lat' dir='ltr'><strong>pro·</strong></span> 
     </span>
     <span class='ocr_line' id='line_1_8' title="bbox 144 865 1898 946; baseline -0.003 -18"><span class='ocrx_word' id='word_1_75' title='bbox 144 874 273 946; x_wconf 88' lang='lat' dir='ltr'><strong>jusmodi</strong></span> <span class='ocrx_word' id='word_1_76' title='bbox 289 873 418 927; x_wconf 88' lang='lat' dir='ltr'><strong>habitum</strong></span> <span class='ocrx_word' id='word_1_77' title='bbox 443 868 614 924; x_wconf 86' lang='lat' dir='ltr'><strong>humilitatis</strong></span> <span class='ocrx_word' id='word_1_78' title='bbox 633 883 694 921; x_wconf 87' lang='lat' dir='ltr'><strong>esse</strong></span> <span class='ocrx_word' id='word_1_79' title='bbox 719 865 877 932; x_wconf 72' lang='lat' dir='ltr'><strong>indicium:</strong></span> <span class='ocrx_word' id='word_1_80' title='bbox 894 866 941 919; x_wconf 87' lang='lat' dir='ltr'><strong>scd</strong></span> <span class='ocrx_word' id='word_1_81' title='bbox 966 870 996 919; x_wconf 93' lang='lat' dir='ltr'><strong>ut</strong></span> <span class='ocrx_word' id='word_1_82' title='bbox 1048 868 1136 937; x_wconf 89' lang='lat' dir='ltr'><strong>pheta</strong></span> <span class='ocrx_word' id='word_1_83' title='bbox 1162 866 1344 923; x_wconf 83' lang='lat' dir='ltr'><strong>testificante:</strong></span> <span class='ocrx_word' id='word_1_84' title='bbox 1371 869 1505 923; x_wconf 80' lang='lat' dir='ltr'><strong>Dominus</strong></span> <span class='ocrx_word' id='word_1_85' title='bbox 1526 868 1624 936; x_wconf 72' lang='lat' dir='ltr'><strong>teptser</strong></span> <span class='ocrx_word' id='word_1_86' title='bbox 1642 874 1743 938; x_wconf 85' lang='lat' dir='ltr'><strong>noster,</strong></span> <span class='ocrx_word' id='word_1_87' title='bbox 1767 872 1898 924; x_wconf 75' lang='lat' dir='ltr'><strong>Dominus</strong></span> 
     </span>
     <span class='ocr_line' id='line_1_9' title="bbox 148 953 1900 1028; baseline -0.003 -10"><span class='ocrx_word' id='word_1_88' title='bbox 148 978 319 1018; x_wconf 88' lang='lat' dir='ltr'><strong>moneamus</strong></span> <span class='ocrx_word' id='word_1_89' title='bbox 339 961 502 1016; x_wconf 83' lang='lat' dir='ltr'><strong>Gracorum</strong></span> <span class='ocrx_word' id='word_1_90' title='bbox 531 957 750 1028; x_wconf 88' lang='lat' dir='ltr'><strong>imperatorese</strong></span> <span class='ocrx_word' id='word_1_91' title='bbox 775 955 868 1008; x_wconf 86' lang='lat' dir='ltr'><strong>ricino</strong></span> <span class='ocrx_word' id='word_1_92' title='bbox 891 953 995 1008; x_wconf 88' lang='lat' dir='ltr'><strong>habere</strong></span> <span class='ocrx_word' id='word_1_93' title='bbox 1049 958 1107 1012; x_wconf 77' lang='lat' dir='ltr'><strong>lter</strong></span> <span class='ocrx_word' id='word_1_94' title='bbox 1130 962 1221 1011; x_wconf 86' lang='lat' dir='ltr'><strong>noster</strong></span> <span class='ocrx_word' id='word_1_95' title='bbox 1250 957 1314 1012; x_wconf 90' lang='lat' dir='ltr'><strong>llsa.</strong></span> <span class='ocrx_word' id='word_1_96' title='bbox 1332 959 1447 1026; x_wconf 57' lang='lat' dir='ltr'><strong>naht).</strong></span> <span class='ocrx_word' id='word_1_97' title='bbox 1477 957 1566 1011; x_wconf 84' lang='lat' dir='ltr'><strong>item:</strong></span> <span class='ocrx_word' id='word_1_98' title='bbox 1591 959 1674 1022; x_wconf 71' lang='lat' dir='ltr'><strong>nepes</strong></span> <span class='ocrx_word' id='word_1_99' title='bbox 1695 973 1738 1012; x_wconf 89' lang='lat' dir='ltr'><strong>eos</strong></span> <span class='ocrx_word' id='word_1_100' title='bbox 1760 957 1791 1013; x_wconf 81' lang='lat' dir='ltr'><strong>in</strong></span> <span class='ocrx_word' id='word_1_101' title='bbox 1815 961 1900 1026; x_wconf 58' lang='lat' dir='ltr'><strong>stirpe</strong></span> 
     </span>
     <span class='ocr_line' id='line_1_10' title="bbox 148 1043 1900 1124; baseline -0.002 -19"><span class='ocrx_word' id='word_1_102' title='bbox 148 1052 225 1124; x_wconf 93' lang='lat' dir='ltr'><strong>quod</strong></span> <span class='ocrx_word' id='word_1_103' title='bbox 246 1050 357 1121; x_wconf 83' lang='lat' dir='ltr'><strong>possint</strong></span> <span class='ocrx_word' id='word_1_104' title='bbox 380 1048 422 1102; x_wconf 81' lang='lat' dir='ltr'><strong>vel</strong></span> <span class='ocrx_word' id='word_1_105' title='bbox 460 1046 640 1116; x_wconf 81' lang='lat' dir='ltr'><strong>redarguere,</strong></span> <span class='ocrx_word' id='word_1_106' title='bbox 670 1045 715 1098; x_wconf 84' lang='lat' dir='ltr'><strong>rel</strong></span> <span class='ocrx_word' id='word_1_107' title='bbox 748 1043 922 1110; x_wconf 89' lang='lat' dir='ltr'><strong>emendare;</strong></span> <span class='ocrx_word' id='word_1_108' title='bbox 944 1058 997 1096; x_wconf 90' lang='lat' dir='ltr'><strong>nec</strong></span> <span class='ocrx_word' id='word_1_109' title='bbox 1049 1046 1140 1110; x_wconf 74' lang='lat' dir='ltr'><strong>ferrea</strong></span> <span class='ocrx_word' id='word_1_110' title='bbox 1153 1045 1240 1115; x_wconf 85' lang='lat' dir='ltr'><strong>(Pscl.</strong></span> <span class='ocrx_word' id='word_1_111' title='bbox 1263 1062 1293 1111; x_wconf 92' lang='grc' dir='ltr'><strong>ιι,</strong></span> <span class='ocrx_word' id='word_1_112' title='bbox 1317 1047 1356 1117; x_wconf 86' lang='lat'><strong>9).</strong></span> <span class='ocrx_word' id='word_1_113' title='bbox 1373 1044 1454 1110; x_wconf 81' lang='lat' dir='ltr'><strong>Quod</strong></span> <span class='ocrx_word' id='word_1_114' title='bbox 1470 1051 1566 1099; x_wconf 91' lang='lat' dir='ltr'><strong>autem</strong></span> <span class='ocrx_word' id='word_1_115' title='bbox 1592 1046 1723 1100; x_wconf 89' lang='lat' dir='ltr'><strong>sacerdos</strong></span> <span class='ocrx_word' id='word_1_116' title='bbox 1742 1046 1788 1111; x_wconf 89' lang='lat' dir='ltr'><strong>sit,</strong></span> <span class='ocrx_word' id='word_1_117' title='bbox 1813 1048 1900 1102; x_wconf 87' lang='lat' dir='ltr'><strong>Pater</strong></span> 
     </span>
     <span class='ocr_line' id='line_1_11' title="bbox 148 1131 1899 1210; baseline -0.002 -15"><span class='ocrx_word' id='word_1_118' title='bbox 148 1139 233 1210; x_wconf 89' lang='lat' dir='ltr'><strong>longe</strong></span> <span class='ocrx_word' id='word_1_119' title='bbox 249 1137 358 1209; x_wconf 88' lang='lat' dir='ltr'><strong>positos</strong></span> <span class='ocrx_word' id='word_1_120' title='bbox 372 1137 417 1189; x_wconf 84' lang='lat' dir='ltr'><strong>val</strong></span> <span class='ocrx_word' id='word_1_121' title='bbox 433 1135 576 1189; x_wconf 83' lang='lat' dir='ltr'><strong>Romanos</strong></span> <span class='ocrx_word' id='word_1_122' title='bbox 588 1135 631 1187; x_wconf 87' lang='lat' dir='ltr'><strong>rel</strong></span> <span class='ocrx_word' id='word_1_123' title='bbox 648 1133 764 1187; x_wconf 85' lang='lat' dir='ltr'><strong>Latinos</strong></span> <span class='ocrx_word' id='word_1_124' title='bbox 779 1131 880 1185; x_wconf 83' lang='lat' dir='ltr'><strong>leviter</strong></span> <span class='ocrx_word' id='word_1_125' title='bbox 903 1147 997 1201; x_wconf 90' lang='lat' dir='ltr'><strong>repre·</strong></span> <span class='ocrx_word' id='word_1_126' title='bbox 1051 1135 1121 1189; x_wconf 85' lang='lat' dir='ltr'><strong>Filio</strong></span> <span class='ocrx_word' id='word_1_127' title='bbox 1136 1134 1315 1202; x_wconf 82' lang='lat' dir='ltr'><strong>testificatur,</strong></span> <span class='ocrx_word' id='word_1_128' title='bbox 1338 1134 1454 1190; x_wconf 88' lang='lat' dir='ltr'><strong>dicens:</strong></span> <span class='ocrx_word' id='word_1_129' title='bbox 1477 1137 1516 1189; x_wconf 83' lang='lat' dir='ltr'><strong>Tu</strong></span> <span class='ocrx_word' id='word_1_130' title='bbox 1530 1150 1557 1189; x_wconf 86' lang='lat' dir='ltr'><strong>es</strong></span> <span class='ocrx_word' id='word_1_131' title='bbox 1575 1135 1699 1190; x_wconf 78' lang='lat' dir='ltr'><strong>sacerdos</strong></span> <span class='ocrx_word' id='word_1_132' title='bbox 1721 1138 1750 1190; x_wconf 86' lang='lat' dir='ltr'><strong>in</strong></span> <span class='ocrx_word' id='word_1_133' title='bbox 1768 1141 1899 1191; x_wconf 81' lang='lat' dir='ltr'><strong>aternum</strong></span> 
     </span>
     <span class='ocr_line' id='line_1_12' title="bbox 148 1222 1900 1297; baseline -0.001 -17"><span class='ocrx_word' id='word_1_134' title='bbox 148 1223 401 1297; x_wconf 79' lang='lat' dir='ltr'><strong>bendant3quisi</strong></span> <span class='ocrx_word' id='word_1_135' title='bbox 428 1225 529 1278; x_wconf 90' lang='lat' dir='ltr'><strong>radant</strong></span> <span class='ocrx_word' id='word_1_136' title='bbox 551 1222 808 1289; x_wconf 84' lang='lat' dir='ltr'><strong>ba1·bam‚coman1</strong></span> <span class='ocrx_word' id='word_1_137' title='bbox 828 1225 923 1274; x_wconf 78' lang='lat' dir='ltr'><strong>tamen</strong></span> <span class='ocrx_word' id='word_1_138' title='bbox 943 1231 997 1273; x_wconf 75' lang='lat' dir='ltr'><strong>nen</strong></span> <span class='ocrx_word' id='word_1_139' title='bbox 1049 1223 1195 1279; x_wconf 85' lang='lat' dir='ltr'><strong>seeundum</strong></span> <span class='ocrx_word' id='word_1_140' title='bbox 1218 1225 1339 1278; x_wconf 78' lang='lat' dir='ltr'><strong>ordinem</strong></span> <span class='ocrx_word' id='word_1_141' title='bbox 1371 1224 1562 1278; x_wconf 75' lang='lat' dir='ltr'><strong>Melchisedech</strong></span> <span class='ocrx_word' id='word_1_142' title='bbox 1586 1225 1675 1293; x_wconf 84' lang='lat' dir='ltr'><strong>(Psat.</strong></span> <span class='ocrx_word' id='word_1_143' title='bbox 1708 1240 1763 1293; x_wconf 84' lang='grc' dir='ltr'>ιιι,</span> <span class='ocrx_word' id='word_1_144' title='bbox 1787 1224 1822 1294; x_wconf 82' lang='lat'><strong>4).</strong></span> <span class='ocrx_word' id='word_1_145' title='bbox 1845 1225 1900 1296; x_wconf 88' lang='lat' dir='ltr'><strong>lgi-</strong></span> 
     </span>
     <span class='ocr_line' id='line_1_13' title="bbox 148 1309 1898 1385; baseline -0.006 -16"><span class='ocrx_word' id='word_1_146' title='bbox 148 1315 290 1381; x_wconf 91' lang='lat' dir='ltr'><strong>nutriunt‚</strong></span> <span class='ocrx_word' id='word_1_147' title='bbox 325 1330 378 1368; x_wconf 91' lang='lat' dir='ltr'><strong>nec</strong></span> <span class='ocrx_word' id='word_1_148' title='bbox 400 1318 486 1382; x_wconf 87' lang='lat' dir='ltr'><strong>caput</strong></span> <span class='ocrx_word' id='word_1_149' title='bbox 509 1311 554 1364; x_wconf 81' lang='lat' dir='ltr'><strong>rel</strong></span> <span class='ocrx_word' id='word_1_150' title='bbox 577 1310 794 1380; x_wconf 86' lang='lat' dir='ltr'><strong>prophetantes,</strong></span> <span class='ocrx_word' id='word_1_151' title='bbox 818 1309 862 1363; x_wconf 88' lang='lat' dir='ltr'><strong>vel</strong></span> <span class='ocrx_word' id='word_1_152' title='bbox 884 1313 997 1362; x_wconf 87' lang='lat' dir='ltr'><strong>orantes</strong></span> <span class='ocrx_word' id='word_1_153' title='bbox 1050 1318 1097 1367; x_wconf 76' lang='lat' dir='ltr'><strong>tur</strong></span> <span class='ocrx_word' id='word_1_154' title='bbox 1129 1313 1188 1367; x_wconf 70' lang='lat' dir='ltr'><strong>sive</strong></span> <span class='ocrx_word' id='word_1_155' title='bbox 1213 1311 1317 1368; x_wconf 75' lang='lat' dir='ltr'><strong>Christi</strong></span> <span class='ocrx_word' id='word_1_156' title='bbox 1340 1313 1533 1367; x_wconf 74' lang='lat' dir='ltr'><strong>sacerdotium</strong></span> <span class='ocrx_word' id='word_1_157' title='bbox 1559 1318 1644 1384; x_wconf 68' lang='lat' dir='ltr'><strong>atque</strong></span> <span class='ocrx_word' id='word_1_158' title='bbox 1669 1315 1764 1385; x_wconf 65' lang='lat' dir='ltr'><strong>regate</strong></span> <span class='ocrx_word' id='word_1_159' title='bbox 1792 1314 1898 1370; x_wconf 71' lang='lat' dir='ltr'><strong>solium</strong></span> 
     </span>
     <span class='ocr_line' id='line_1_14' title="bbox 148 1395 1900 1472; baseline -0.003 -17"><span class='ocrx_word' id='word_1_160' title='bbox 148 1397 881 1457; x_wconf 83' lang='lat' dir='ltr'><strong>velant:licelhubeantinsanctarumauctoritale</strong></span> <span class='ocrx_word' id='word_1_161' title='bbox 899 1395 997 1465; x_wconf 88' lang='lat' dir='ltr'><strong>Scrip-</strong></span> <span class='ocrx_word' id='word_1_162' title='bbox 1050 1401 1147 1456; x_wconf 77' lang='lat' dir='ltr'><strong>clerici</strong></span> <span class='ocrx_word' id='word_1_163' title='bbox 1178 1401 1342 1456; x_wconf 74' lang='lat' dir='ltr'><strong>Latinorum</strong></span> <span class='ocrx_word' id='word_1_164' title='bbox 1374 1399 1537 1472; x_wconf 76' lang='lat' dir='ltr'><strong>significare</strong></span> <span class='ocrx_word' id='word_1_165' title='bbox 1560 1401 1698 1468; x_wconf 74' lang='lat' dir='ltr'><strong>volentes,</strong></span> <span class='ocrx_word' id='word_1_166' title='bbox 1729 1401 1900 1472; x_wconf 79' lang='lat' dir='ltr'><strong>hujusmodi</strong></span> 
     </span>
     <span class='ocr_line' id='line_1_15' title="bbox 149 1484 1901 1561; baseline -0.001 -16"><span class='ocrx_word' id='word_1_167' title='bbox 149 1496 279 1545; x_wconf 74' lang='lat' dir='ltr'><strong>turarutn</strong></span> <span class='ocrx_word' id='word_1_168' title='bbox 302 1491 378 1544; x_wconf 90' lang='lat' dir='ltr'><strong>unde</strong></span> <span class='ocrx_word' id='word_1_169' title='bbox 399 1505 480 1542; x_wconf 86' lang='lat' dir='ltr'><strong>suam</strong></span> <span class='ocrx_word' id='word_1_170' title='bbox 500 1487 736 1542; x_wconf 90' lang='lat' dir='ltr'><strong>consuetudinem</strong></span> <span class='ocrx_word' id='word_1_171' title='bbox 761 1486 869 1555; x_wconf 88' lang='lat' dir='ltr'><strong>optime</strong></span> <span class='ocrx_word' id='word_1_172' title='bbox 895 1484 992 1539; x_wconf 86' lang='lat' dir='ltr'><strong>delen·</strong></span> <span class='ocrx_word' id='word_1_173' title='bbox 1051 1493 1165 1546; x_wconf 72' lang='lat' dir='ltr'><strong>schema</strong></span> <span class='ocrx_word' id='word_1_174' title='bbox 1180 1490 1272 1561; x_wconf 83' lang='lat' dir='ltr'><strong>capite</strong></span> <span class='ocrx_word' id='word_1_175' title='bbox 1295 1493 1427 1560; x_wconf 87' lang='lat' dir='ltr'><strong>gestant:</strong></span> <span class='ocrx_word' id='word_1_176' title='bbox 1450 1489 1509 1543; x_wconf 87' lang='lat' dir='ltr'><strong>sive</strong></span> <span class='ocrx_word' id='word_1_177' title='bbox 1524 1489 1601 1559; x_wconf 88' lang='lat' dir='ltr'><strong>quod</strong></span> <span class='ocrx_word' id='word_1_178' title='bbox 1622 1488 1716 1542; x_wconf 89' lang='lat' dir='ltr'><strong>omnis</strong></span> <span class='ocrx_word' id='word_1_179' title='bbox 1737 1485 1901 1542; x_wconf 76' lang='lat' dir='ltr'><strong>Christiana</strong></span> 
     </span>
     <span class='ocr_line' id='line_1_16' title="bbox 150 1573 1898 1648; baseline -0.005 -14"><span class='ocrx_word' id='word_1_180' title='bbox 150 1580 228 1635; x_wconf 89' lang='lat' dir='ltr'><strong>dant.</strong></span> <span class='ocrx_word' id='word_1_181' title='bbox 245 1581 275 1634; x_wconf 84' lang='lat' dir='ltr'><strong>Et</strong></span> <span class='ocrx_word' id='word_1_182' title='bbox 290 1579 319 1633; x_wconf 92' lang='lat' dir='ltr'><strong>in</strong></span> <span class='ocrx_word' id='word_1_183' title='bbox 335 1578 426 1632; x_wconf 87' lang='lat' dir='ltr'><strong>Veteri</strong></span> <span class='ocrx_word' id='word_1_184' title='bbox 443 1577 559 1647; x_wconf 87' lang='lat' dir='ltr'><strong>quidem</strong></span> <span class='ocrx_word' id='word_1_185' title='bbox 575 1578 756 1630; x_wconf 81' lang='lat' dir='ltr'><strong>Testamenta</strong></span> <span class='ocrx_word' id='word_1_186' title='bbox 773 1574 904 1629; x_wconf 79' lang='lat' dir='ltr'><strong>Nazarais</strong></span> <span class='ocrx_word' id='word_1_187' title='bbox 927 1588 995 1627; x_wconf 82' lang='lat' dir='ltr'><strong>con·</strong></span> <span class='ocrx_word' id='word_1_188' title='bbox 1050 1579 1128 1633; x_wconf 87' lang='lat' dir='ltr'><strong>natio</strong></span> <span class='ocrx_word' id='word_1_189' title='bbox 1143 1579 1222 1646; x_wconf 86' lang='lat' dir='ltr'><strong>regia</strong></span> <span class='ocrx_word' id='word_1_190' title='bbox 1236 1578 1415 1648; x_wconf 86' lang='lat' dir='ltr'><strong>siuurlatque</strong></span> <span class='ocrx_word' id='word_1_191' title='bbox 1430 1577 1598 1631; x_wconf 87' lang='lat' dir='ltr'><strong>sacerdotali</strong></span> <span class='ocrx_word' id='word_1_192' title='bbox 1611 1576 1750 1648; x_wconf 85' lang='lat' dir='ltr'><strong>dignitate</strong></span> <span class='ocrx_word' id='word_1_193' title='bbox 1761 1573 1898 1646; x_wconf 71' lang='lat' dir='ltr'><strong>praesemi-</strong></span> 
     </span>
     <span class='ocr_line' id='line_1_17' title="bbox 150 1633 1897 1737; baseline -0.005 -14"><span class='ocrx_word' id='word_1_194' title='bbox 150 1670 272 1724; x_wconf 86' lang='lat' dir='ltr'><strong>suetudo</strong></span> <span class='ocrx_word' id='word_1_195' title='bbox 298 1666 441 1732; x_wconf 87' lang='lat' dir='ltr'><strong>manebat,</strong></span> <span class='ocrx_word' id='word_1_196' title='bbox 469 1671 500 1719; x_wconf 93' lang='lat' dir='ltr'><strong>ut</strong></span> <span class='ocrx_word' id='word_1_197' title='bbox 528 1663 750 1719; x_wconf 87' lang='lat' dir='ltr'><strong>consecrationis</strong></span> <span class='ocrx_word' id='word_1_198' title='bbox 773 1668 886 1733; x_wconf 90' lang='lat' dir='ltr'><strong>tempus</strong></span> <span class='ocrx_word' id='word_1_199' title='bbox 911 1662 997 1716; x_wconf 92' lang='lat' dir='ltr'><strong>adim·</strong></span> <span class='ocrx_word' id='word_1_200' title='bbox 1015 1633 1035 1690; x_wconf 69' lang='lat' dir='ltr'>c</span> <span class='ocrx_word' id='word_1_201' title='bbox 1051 1672 1127 1734; x_wconf 80' lang='lat' dir='ltr'><strong>neat,</strong></span> <span class='ocrx_word' id='word_1_202' title='bbox 1151 1667 1201 1721; x_wconf 79' lang='lat' dir='ltr'><strong>tati</strong></span> <span class='ocrx_word' id='word_1_203' title='bbox 1216 1666 1309 1737; x_wconf 81' lang='lat' dir='ltr'><strong>specie</strong></span> <span class='ocrx_word' id='word_1_204' title='bbox 1334 1665 1495 1733; x_wconf 73' lang='lat' dir='ltr'><strong>designant.</strong></span> <span class='ocrx_word' id='word_1_205' title='bbox 1520 1667 1550 1720; x_wconf 90' lang='lat' dir='ltr'><strong>ln</strong></span> <span class='ocrx_word' id='word_1_206' title='bbox 1576 1665 1655 1719; x_wconf 79' lang='lat' dir='ltr'><strong>lactei</strong></span> <span class='ocrx_word' id='word_1_207' title='bbox 1681 1680 1747 1718; x_wconf 80' lang='lat' dir='ltr'><strong>vero</strong></span> <span class='ocrx_word' id='word_1_208' title='bbox 1767 1663 1897 1717; x_wconf 87' lang='lat' dir='ltr'><strong>denuda-</strong></span> 
     </span>
     <span class='ocr_line' id='line_1_18' title="bbox 149 1751 1901 1829; baseline -0.005 -18"><span class='ocrx_word' id='word_1_209' title='bbox 149 1758 260 1829; x_wconf 82' lang='lat' dir='ltr'><strong>plantes</strong></span> <span class='ocrx_word' id='word_1_210' title='bbox 274 1760 361 1826; x_wconf 89' lang='lat' dir='ltr'><strong>caput</strong></span> <span class='ocrx_word' id='word_1_211' title='bbox 376 1760 404 1809; x_wconf 91' lang='lat' dir='ltr'><strong>et</strong></span> <span class='ocrx_word' id='word_1_212' title='bbox 417 1753 535 1809; x_wconf 90' lang='lat' dir='ltr'><strong>barbam</strong></span> <span class='ocrx_word' id='word_1_213' title='bbox 553 1753 696 1818; x_wconf 89' lang='lat' dir='ltr'><strong>raderent,</strong></span> <span class='ocrx_word' id='word_1_214' title='bbox 712 1760 740 1805; x_wconf 91' lang='lat' dir='ltr'><strong>et</strong></span> <span class='ocrx_word' id='word_1_215' title='bbox 759 1751 788 1805; x_wconf 89' lang='lat' dir='ltr'><strong>in</strong></span> <span class='ocrx_word' id='word_1_216' title='bbox 802 1753 898 1820; x_wconf 84' lang='lat' dir='ltr'><strong>ignem</strong></span> <span class='ocrx_word' id='word_1_217' title='bbox 912 1751 998 1805; x_wconf 90' lang='lat' dir='ltr'><strong>sacri·</strong></span> <span class='ocrx_word' id='word_1_218' title='bbox 1051 1755 1129 1810; x_wconf 89' lang='lat' dir='ltr'><strong>tione</strong></span> <span class='ocrx_word' id='word_1_219' title='bbox 1150 1753 1244 1807; x_wconf 89' lang='lat' dir='ltr'><strong>cordis</strong></span> <span class='ocrx_word' id='word_1_220' title='bbox 1270 1754 1425 1807; x_wconf 89' lang='lat' dir='ltr'><strong>ostendunt</strong></span> <span class='ocrx_word' id='word_1_221' title='bbox 1458 1755 1621 1824; x_wconf 89' lang='lat' dir='ltr'><strong>puritatem,</strong></span> <span class='ocrx_word' id='word_1_222' title='bbox 1651 1752 1722 1807; x_wconf 93' lang='lat' dir='ltr'><strong>illud</strong></span> <span class='ocrx_word' id='word_1_223' title='bbox 1743 1752 1901 1806; x_wconf 89' lang='lat' dir='ltr'><strong>innuentes</strong></span> 
     </span>
     <span class='ocr_line' id='line_1_19' title="bbox 148 1841 1900 1916; baseline -0.005 -15"><span class='ocrx_word' id='word_1_224' title='bbox 148 1846 205 1902; x_wconf 86' lang='lat' dir='ltr'><strong>licii</strong></span> <span class='ocrx_word' id='word_1_225' title='bbox 221 1850 384 1916; x_wconf 81' lang='lat' dir='ltr'><strong>ponerent:</strong></span> <span class='ocrx_word' id='word_1_226' title='bbox 407 1843 462 1897; x_wconf 93' lang='lat' dir='ltr'><strong>hoc</strong></span> <span class='ocrx_word' id='word_1_227' title='bbox 489 1841 693 1913; x_wconf 85' lang='lat' dir='ltr'><strong>significantes,</strong></span> <span class='ocrx_word' id='word_1_228' title='bbox 718 1841 795 1912; x_wconf 92' lang='lat' dir='ltr'><strong>quod</strong></span> <span class='ocrx_word' id='word_1_229' title='bbox 820 1856 877 1895; x_wconf 90' lang='lat' dir='ltr'><strong>non</strong></span> <span class='ocrx_word' id='word_1_230' title='bbox 904 1841 997 1894; x_wconf 91' lang='lat' dir='ltr'><strong>solum</strong></span> <span class='ocrx_word' id='word_1_231' title='bbox 1053 1843 1251 1914; x_wconf 87' lang='lat' dir='ltr'><strong>apostolicum,</strong></span> <span class='ocrx_word' id='word_1_232' title='bbox 1269 1841 1318 1896; x_wconf 94' lang='lat' dir='ltr'><strong>ubi</strong></span> <span class='ocrx_word' id='word_1_233' title='bbox 1338 1843 1395 1896; x_wconf 90' lang='lat' dir='ltr'><strong>ait:</strong></span> <span class='ocrx_word' id='word_1_234' title='bbox 1423 1844 1478 1897; x_wconf 89' lang='lat' dir='ltr'><strong>Nos</strong></span> <span class='ocrx_word' id='word_1_235' title='bbox 1499 1847 1588 1896; x_wconf 84' lang='lat' dir='ltr'><strong>aulem</strong></span> <span class='ocrx_word' id='word_1_236' title='bbox 1608 1842 1728 1897; x_wconf 87' lang='lat' dir='ltr'><strong>reuelato</strong></span> <span class='ocrx_word' id='word_1_237' title='bbox 1749 1843 1822 1907; x_wconf 79' lang='lat' dir='ltr'><strong>lacte</strong></span> <span class='ocrx_word' id='word_1_238' title='bbox 1840 1841 1900 1908; x_wconf 81' lang='lat' dir='ltr'><strong>plo-</strong></span> 
     </span>
     <span class='ocr_line' id='line_1_20' title="bbox 150 1929 1902 2003; baseline -0.003 -14"><span class='ocrx_word' id='word_1_239' title='bbox 150 1940 238 2003; x_wconf 87' lang='lat' dir='ltr'><strong>actus‚</strong></span> <span class='ocrx_word' id='word_1_240' title='bbox 262 1949 362 1988; x_wconf 80' lang='lat' dir='ltr'><strong>verum</strong></span> <span class='ocrx_word' id='word_1_241' title='bbox 386 1932 471 1986; x_wconf 90' lang='lat' dir='ltr'><strong>etiam</strong></span> <span class='ocrx_word' id='word_1_242' title='bbox 496 1946 597 1984; x_wconf 81' lang='lat' dir='ltr'><strong>onrnes</strong></span> <span class='ocrx_word' id='word_1_243' title='bbox 623 1929 764 2000; x_wconf 86' lang='lat' dir='ltr'><strong>cogitatus</strong></span> <span class='ocrx_word' id='word_1_244' title='bbox 785 1945 853 1983; x_wconf 91' lang='lat' dir='ltr'><strong>suos</strong></span> <span class='ocrx_word' id='word_1_245' title='bbox 878 1929 997 1983; x_wconf 86' lang='lat' dir='ltr'><strong>Domino</strong></span> <span class='ocrx_word' id='word_1_246' title='bbox 1051 1937 1123 1988; x_wconf 81' lang='lat' dir='ltr'><strong>riam</strong></span> <span class='ocrx_word' id='word_1_247' title='bbox 1135 1933 1248 1986; x_wconf 85' lang='lat' dir='ltr'><strong>Domini</strong></span> <span class='ocrx_word' id='word_1_248' title='bbox 1266 1932 1443 2000; x_wconf 85' lang='lat' dir='ltr'><strong>speculantes,</strong></span> <span class='ocrx_word' id='word_1_249' title='bbox 1461 1933 1490 1985; x_wconf 84' lang='lat' dir='ltr'><strong>in</strong></span> <span class='ocrx_word' id='word_1_250' title='bbox 1505 1931 1624 1984; x_wconf 87' lang='lat' dir='ltr'><strong>camdem</strong></span> <span class='ocrx_word' id='word_1_251' title='bbox 1649 1932 1793 2000; x_wconf 79' lang='lat' dir='ltr'><strong>irnapincm</strong></span> <span class='ocrx_word' id='word_1_252' title='bbox 1809 1934 1902 1984; x_wconf 86' lang='lat' dir='ltr'><strong>trans-</strong></span> 
     </span>
     <span class='ocr_line' id='line_1_21' title="bbox 149 2015 1903 2091; baseline -0.003 -15"><span class='ocrx_word' id='word_1_253' title='bbox 149 2025 360 2076; x_wconf 87' lang='lat' dir='ltr'><strong>eousecrarent.</strong></span> <span class='ocrx_word' id='word_1_254' title='bbox 379 2021 450 2074; x_wconf 89' lang='lat' dir='ltr'><strong>ltiuc</strong></span> <span class='ocrx_word' id='word_1_255' title='bbox 474 2018 613 2074; x_wconf 85' lang='lat' dir='ltr'><strong>Ezechieli</strong></span> <span class='ocrx_word' id='word_1_256' title='bbox 639 2019 786 2088; x_wconf 81' lang='lat' dir='ltr'><strong>prophetae</strong></span> <span class='ocrx_word' id='word_1_257' title='bbox 809 2031 903 2071; x_wconf 89' lang='lat' dir='ltr'><strong>sermo</strong></span> <span class='ocrx_word' id='word_1_258' title='bbox 922 2015 996 2069; x_wconf 85' lang='lat' dir='ltr'><strong>diri-</strong></span> <span class='ocrx_word' id='word_1_259' title='bbox 1050 2019 1203 2086; x_wconf 75' lang='lat' dir='ltr'><strong>formamur</strong></span> <span class='ocrx_word' id='word_1_260' title='bbox 1234 2019 1275 2086; x_wconf 84' lang='lat' dir='ltr'><strong>(ll</strong></span> <span class='ocrx_word' id='word_1_261' title='bbox 1294 2019 1348 2074; x_wconf 89' lang='lat' dir='ltr'><strong>Cor</strong></span> <span class='ocrx_word' id='word_1_262' title='bbox 1372 2036 1413 2084; x_wconf 90' lang='grc' dir='ltr'>ιιι,</span> <span class='ocrx_word' id='word_1_263' title='bbox 1439 2020 1491 2088; x_wconf 80' lang='lat' dir='ltr'><strong>te).</strong></span> <span class='ocrx_word' id='word_1_264' title='bbox 1518 2020 1613 2073; x_wconf 82' lang='lat' dir='ltr'><strong>Facies</strong></span> <span class='ocrx_word' id='word_1_265' title='bbox 1632 2018 1709 2073; x_wconf 89' lang='lat' dir='ltr'><strong>enim</strong></span> <span class='ocrx_word' id='word_1_266' title='bbox 1734 2019 1835 2091; x_wconf 88' lang='lat' dir='ltr'><strong>capitis</strong></span> <span class='ocrx_word' id='word_1_267' title='bbox 1858 2019 1903 2072; x_wconf 86' lang='lat' dir='ltr'><strong>la-</strong></span> 
     </span>
     <span class='ocr_line' id='line_1_22' title="bbox 148 2106 1900 2182; baseline -0.003 -17"><span class='ocrx_word' id='word_1_268' title='bbox 148 2127 204 2166; x_wconf 90' lang='lat' dir='ltr'><strong>nus</strong></span> <span class='ocrx_word' id='word_1_269' title='bbox 220 2111 368 2182; x_wconf 90' lang='lat' dir='ltr'><strong>loquitur:</strong></span> <span class='ocrx_word' id='word_1_270' title='bbox 385 2111 420 2163; x_wconf 82' lang='lat' dir='ltr'><strong>Et</strong></span> <span class='ocrx_word' id='word_1_271' title='bbox 435 2114 473 2172; x_wconf 83' lang='lat' dir='ltr'><strong>tu,</strong></span> <span class='ocrx_word' id='word_1_272' title='bbox 498 2110 538 2177; x_wconf 72' lang='lat' dir='ltr'><strong>fili</strong></span> <span class='ocrx_word' id='word_1_273' title='bbox 563 2109 687 2168; x_wconf 82' lang='lat' dir='ltr'><strong>hominis,</strong></span> <span class='ocrx_word' id='word_1_274' title='bbox 711 2121 785 2160; x_wconf 87' lang='lat' dir='ltr'><strong>sume</strong></span> <span class='ocrx_word' id='word_1_275' title='bbox 809 2108 859 2161; x_wconf 86' lang='lat' dir='ltr'><strong>tibi</strong></span> <span class='ocrx_word' id='word_1_276' title='bbox 874 2106 998 2174; x_wconf 77' lang='lat' dir='ltr'><strong>ptochium</strong></span> <span class='ocrx_word' id='word_1_277' title='bbox 1051 2108 1125 2161; x_wconf 90' lang='lat' dir='ltr'><strong>ciem</strong></span> <span class='ocrx_word' id='word_1_278' title='bbox 1138 2107 1230 2161; x_wconf 91' lang='lat' dir='ltr'><strong>cordis</strong></span> <span class='ocrx_word' id='word_1_279' title='bbox 1248 2107 1396 2161; x_wconf 89' lang='lat' dir='ltr'><strong>insinuat:</strong></span> <span class='ocrx_word' id='word_1_280' title='bbox 1413 2108 1487 2161; x_wconf 89' lang='lat' dir='ltr'><strong>sicut</strong></span> <span class='ocrx_word' id='word_1_281' title='bbox 1507 2107 1585 2162; x_wconf 88' lang='lat' dir='ltr'><strong>enim</strong></span> <span class='ocrx_word' id='word_1_282' title='bbox 1603 2113 1689 2179; x_wconf 90' lang='lat' dir='ltr'><strong>capnt</strong></span> <span class='ocrx_word' id='word_1_283' title='bbox 1703 2124 1751 2161; x_wconf 87' lang='grc' dir='ltr'><strong>ιιι</strong></span> <span class='ocrx_word' id='word_1_284' title='bbox 1769 2112 1811 2161; x_wconf 85' lang='lat' dir='ltr'><strong>cst</strong></span> <span class='ocrx_word' id='word_1_285' title='bbox 1835 2123 1900 2161; x_wconf 92' lang='lat' dir='ltr'><strong>cor-</strong></span> 
     </span>
     <span class='ocr_line' id='line_1_23' title="bbox 151 2195 1902 2268; baseline -0.003 -14"><span class='ocrx_word' id='word_1_286' title='bbox 151 2204 270 2266; x_wconf 84' lang='lat' dir='ltr'><strong>acutnm,</strong></span> <span class='ocrx_word' id='word_1_287' title='bbox 293 2198 433 2252; x_wconf 78' lang='lat' dir='ltr'><strong>radentem</strong></span> <span class='ocrx_word' id='word_1_288' title='bbox 452 2198 547 2267; x_wconf 87' lang='lat' dir='ltr'><strong>pitos;</strong></span> <span class='ocrx_word' id='word_1_289' title='bbox 580 2210 718 2250; x_wconf 81' lang='lat' dir='ltr'><strong>assumens</strong></span> <span class='ocrx_word' id='word_1_290' title='bbox 748 2211 818 2262; x_wconf 88' lang='lat' dir='ltr'><strong>eum,</strong></span> <span class='ocrx_word' id='word_1_291' title='bbox 849 2195 929 2250; x_wconf 85' lang='lat' dir='ltr'><strong>duces</strong></span> <span class='ocrx_word' id='word_1_292' title='bbox 949 2211 999 2264; x_wconf 86' lang='lat' dir='ltr'><strong>per</strong></span> <span class='ocrx_word' id='word_1_293' title='bbox 1052 2196 1106 2263; x_wconf 85' lang='lat' dir='ltr'><strong>dis,</strong></span> <span class='ocrx_word' id='word_1_294' title='bbox 1121 2195 1160 2250; x_wconf 90' lang='lat' dir='ltr'><strong>sic</strong></span> <span class='ocrx_word' id='word_1_295' title='bbox 1174 2212 1255 2251; x_wconf 89' lang='lat' dir='ltr'><strong>mens</strong></span> <span class='ocrx_word' id='word_1_296' title='bbox 1279 2196 1333 2250; x_wconf 93' lang='lat' dir='ltr'><strong>boc</strong></span> <span class='ocrx_word' id='word_1_297' title='bbox 1356 2196 1428 2262; x_wconf 90' lang='lat' dir='ltr'><strong>loco,</strong></span> <span class='ocrx_word' id='word_1_298' title='bbox 1446 2213 1510 2268; x_wconf 90' lang='lat' dir='ltr'><strong>quae</strong></span> <span class='ocrx_word' id='word_1_299' title='bbox 1532 2212 1582 2250; x_wconf 91' lang='lat' dir='ltr'><strong>cor</strong></span> <span class='ocrx_word' id='word_1_300' title='bbox 1605 2197 1777 2268; x_wconf 85' lang='lat' dir='ltr'><strong>appellatur,</strong></span> <span class='ocrx_word' id='word_1_301' title='bbox 1793 2196 1902 2250; x_wconf 82' lang='lat' dir='ltr'><strong>animae</strong></span> 
     </span>
     <span class='ocr_line' id='line_1_24' title="bbox 150 2284 1901 2358; baseline -0.002 -16"><span class='ocrx_word' id='word_1_302' title='bbox 150 2299 232 2358; x_wconf 85' lang='lat' dir='ltr'><strong>caput</strong></span> <span class='ocrx_word' id='word_1_303' title='bbox 255 2292 330 2341; x_wconf 87' lang='lat' dir='ltr'><strong>tuum</strong></span> <span class='ocrx_word' id='word_1_304' title='bbox 354 2291 379 2340; x_wconf 86' lang='lat' dir='ltr'><strong>et</strong></span> <span class='ocrx_word' id='word_1_305' title='bbox 408 2287 520 2340; x_wconf 88' lang='lat' dir='ltr'><strong>barbam</strong></span> <span class='ocrx_word' id='word_1_306' title='bbox 548 2290 623 2339; x_wconf 86' lang='lat' dir='ltr'><strong>tuam</strong></span> <span class='ocrx_word' id='word_1_307' title='bbox 646 2286 753 2354; x_wconf 81' lang='lat' dir='ltr'><strong>(Erech.</strong></span> <span class='ocrx_word' id='word_1_308' title='bbox 776 2301 804 2353; x_wconf 81' lang='lat' dir='ltr'><strong>v,</strong></span> <span class='ocrx_word' id='word_1_309' title='bbox 835 2285 868 2353; x_wconf 87' lang='lat' dir='ltr'><strong>t).</strong></span> <span class='ocrx_word' id='word_1_310' title='bbox 896 2285 998 2338; x_wconf 85' lang='lat' dir='ltr'><strong>Fuerat</strong></span> <span class='ocrx_word' id='word_1_311' title='bbox 1051 2286 1166 2340; x_wconf 88' lang='lat' dir='ltr'><strong>culmen</strong></span> <span class='ocrx_word' id='word_1_312' title='bbox 1187 2284 1298 2339; x_wconf 83' lang='lat' dir='ltr'><strong>existit:</strong></span> <span class='ocrx_word' id='word_1_313' title='bbox 1325 2285 1409 2340; x_wconf 90' lang='lat' dir='ltr'><strong>debet</strong></span> <span class='ocrx_word' id='word_1_314' title='bbox 1433 2286 1510 2340; x_wconf 91' lang='lat' dir='ltr'><strong>enim</strong></span> <span class='ocrx_word' id='word_1_315' title='bbox 1535 2286 1621 2340; x_wconf 87' lang='lat' dir='ltr'><strong>iacies</strong></span> <span class='ocrx_word' id='word_1_316' title='bbox 1639 2285 1901 2356; x_wconf 88' lang='lat' dir='ltr'><strong>cordiscogitatio·</strong></span> 
     </span>
     <span class='ocr_line' id='line_1_25' title="bbox 150 2373 1902 2445; baseline -0.003 -14"><span class='ocrx_word' id='word_1_317' title='bbox 150 2377 228 2431; x_wconf 87' lang='lat' dir='ltr'><strong>enim</strong></span> <span class='ocrx_word' id='word_1_318' title='bbox 239 2375 371 2430; x_wconf 89' lang='lat' dir='ltr'><strong>sacerdos</strong></span> <span class='ocrx_word' id='word_1_319' title='bbox 386 2391 444 2429; x_wconf 92' lang='lat' dir='ltr'><strong>non</strong></span> <span class='ocrx_word' id='word_1_320' title='bbox 460 2374 589 2428; x_wconf 81' lang='lat' dir='ltr'><strong>extranei</strong></span> <span class='ocrx_word' id='word_1_321' title='bbox 602 2373 726 2444; x_wconf 86' lang='lat' dir='ltr'><strong>generis,</strong></span> <span class='ocrx_word' id='word_1_322' title='bbox 743 2374 791 2429; x_wconf 91' lang='lat' dir='ltr'><strong>sed</strong></span> <span class='ocrx_word' id='word_1_323' title='bbox 811 2373 846 2428; x_wconf 93' lang='lat' dir='ltr'><strong>de</strong></span> <span class='ocrx_word' id='word_1_324' title='bbox 865 2373 997 2428; x_wconf 89' lang='lat' dir='ltr'><strong>sacerdo·</strong></span> <span class='ocrx_word' id='word_1_325' title='bbox 1053 2376 1136 2430; x_wconf 92' lang='lat' dir='ltr'><strong>nibus</strong></span> <span class='ocrx_word' id='word_1_326' title='bbox 1159 2374 1278 2428; x_wconf 89' lang='lat' dir='ltr'><strong>terrenis</strong></span> <span class='ocrx_word' id='word_1_327' title='bbox 1290 2373 1398 2445; x_wconf 89' lang='lat' dir='ltr'><strong>jugiter</strong></span> <span class='ocrx_word' id='word_1_328' title='bbox 1418 2374 1544 2445; x_wconf 90' lang='lat' dir='ltr'><strong>spoliari,</strong></span> <span class='ocrx_word' id='word_1_329' title='bbox 1569 2375 1692 2445; x_wconf 82' lang='lat' dir='ltr'><strong>qualiter</strong></span> <span class='ocrx_word' id='word_1_330' title='bbox 1713 2390 1786 2444; x_wconf 91' lang='lat' dir='ltr'><strong>poro</strong></span> <span class='ocrx_word' id='word_1_331' title='bbox 1807 2373 1902 2427; x_wconf 90' lang='lat' dir='ltr'><strong>since-</strong></span> 
     </span>
     <span class='ocr_line' id='line_1_26' title="bbox 150 2462 1904 2536; baseline -0.001 -18"><span class='ocrx_word' id='word_1_332' title='bbox 150 2465 200 2519; x_wconf 89' lang='lat' dir='ltr'><strong>tali</strong></span> <span class='ocrx_word' id='word_1_333' title='bbox 211 2464 340 2536; x_wconf 91' lang='lat' dir='ltr'><strong>germine</strong></span> <span class='ocrx_word' id='word_1_334' title='bbox 356 2468 539 2535; x_wconf 88' lang='lat' dir='ltr'><strong>procreatus:</strong></span> <span class='ocrx_word' id='word_1_335' title='bbox 561 2463 636 2517; x_wconf 90' lang='lat' dir='ltr'><strong>uude</strong></span> <span class='ocrx_word' id='word_1_336' title='bbox 660 2463 819 2518; x_wconf 90' lang='lat' dir='ltr'><strong>secuudum</strong></span> <span class='ocrx_word' id='word_1_337' title='bbox 841 2467 999 2516; x_wconf 88' lang='lat' dir='ltr'><strong>consuetu·</strong></span> <span class='ocrx_word' id='word_1_338' title='bbox 1052 2480 1142 2535; x_wconf 90' lang='lat' dir='ltr'><strong>roque</strong></span> <span class='ocrx_word' id='word_1_339' title='bbox 1155 2469 1309 2535; x_wconf 86' lang='lat' dir='ltr'><strong>conspectu</strong></span> <span class='ocrx_word' id='word_1_340' title='bbox 1325 2462 1446 2534; x_wconf 78' lang='lat' dir='ltr'><strong>gloriam</strong></span> <span class='ocrx_word' id='word_1_341' title='bbox 1465 2463 1578 2518; x_wconf 87' lang='lat' dir='ltr'><strong>Domini</strong></span> <span class='ocrx_word' id='word_1_342' title='bbox 1593 2463 1682 2534; x_wconf 87' lang='lat' dir='ltr'><strong>possit</strong></span> <span class='ocrx_word' id='word_1_343' title='bbox 1703 2462 1855 2534; x_wconf 89' lang='lat' dir='ltr'><strong>speculari,</strong></span> <span class='ocrx_word' id='word_1_344' title='bbox 1872 2467 1904 2516; x_wconf 90' lang='lat' dir='ltr'><strong>et</strong></span> 
     </span>
     <span class='ocr_line' id='line_1_27' title="bbox 151 2549 1845 2623; baseline -0.001 -17"><span class='ocrx_word' id='word_1_345' title='bbox 151 2552 248 2607; x_wconf 87' lang='lat' dir='ltr'><strong>dinem</strong></span> <span class='ocrx_word' id='word_1_346' title='bbox 275 2552 476 2606; x_wconf 74' lang='lat' dir='ltr'><strong>Nazareorum</strong></span> <span class='ocrx_word' id='word_1_347' title='bbox 504 2551 603 2605; x_wconf 88' lang='lat' dir='ltr'><strong>radere</strong></span> <span class='ocrx_word' id='word_1_348' title='bbox 625 2551 778 2606; x_wconf 88' lang='lat' dir='ltr'><strong>mandatur</strong></span> <span class='ocrx_word' id='word_1_349' title='bbox 802 2554 830 2605; x_wconf 89' lang='lat' dir='ltr'><strong>et</strong></span> <span class='ocrx_word' id='word_1_350' title='bbox 854 2555 939 2623; x_wconf 85' lang='lat' dir='ltr'><strong>caput</strong></span> <span class='ocrx_word' id='word_1_351' title='bbox 970 2556 998 2605; x_wconf 92' lang='lat' dir='ltr'><strong>et</strong></span> <span class='ocrx_word' id='word_1_352' title='bbox 1051 2549 1156 2605; x_wconf 90' lang='lat' dir='ltr'><strong>ineam</strong></span> <span class='ocrx_word' id='word_1_353' title='bbox 1170 2568 1223 2623; x_wconf 90' lang='lat' dir='ltr'><strong>per</strong></span> <span class='ocrx_word' id='word_1_354' title='bbox 1237 2551 1487 2623; x_wconf 79' lang='lat' dir='ltr'><strong>contemplationis</strong></span> <span class='ocrx_word' id='word_1_355' title='bbox 1502 2552 1623 2623; x_wconf 87' lang='lat' dir='ltr'><strong>gratiam</strong></span> <span class='ocrx_word' id='word_1_356' title='bbox 1638 2551 1845 2606; x_wconf 84' lang='lat' dir='ltr'><strong>transformari.</strong></span> 
     </span>
    </p>

    <p class='ocr_par' dir='ltr' id='par_1_4' title="bbox 148 2638 1909 4393">
     <span class='ocr_line' id='line_1_28' title="bbox 151 2638 1901 2712; baseline -0.002 -17"><span class='ocrx_word' id='word_1_357' title='bbox 151 2641 329 2696; x_wconf 82' lang='lat' dir='ltr'><strong>barbamlu</strong></span> <span class='ocrx_word' id='word_1_358' title='bbox 353 2641 547 2710; x_wconf 89' lang='lat' dir='ltr'><strong>apostolorum</strong></span> <span class='ocrx_word' id='word_1_359' title='bbox 571 2639 689 2694; x_wconf 79' lang='lat' dir='ltr'><strong>Actibus</strong></span> <span class='ocrx_word' id='word_1_360' title='bbox 709 2656 825 2711; x_wconf 89' lang='lat' dir='ltr'><strong>quoque</strong></span> <span class='ocrx_word' id='word_1_361' title='bbox 850 2639 996 2705; x_wconf 84' lang='lat' dir='ltr'><strong>scribitur,</strong></span> <span class='ocrx_word' id='word_1_362' title='bbox 1088 2643 1188 2696; x_wconf 88' lang='lat' dir='ltr'><strong>Beatus</strong></span> <span class='ocrx_word' id='word_1_363' title='bbox 1210 2656 1325 2712; x_wconf 88' lang='lat' dir='ltr'><strong>quoque</strong></span> <span class='ocrx_word' id='word_1_364' title='bbox 1360 2642 1459 2696; x_wconf 86' lang='lat' dir='ltr'><strong>Petrus</strong></span> <span class='ocrx_word' id='word_1_365' title='bbox 1482 2641 1638 2712; x_wconf 87' lang='lat' dir='ltr'><strong>apostolus,</strong></span> <span class='ocrx_word' id='word_1_366' title='bbox 1664 2656 1774 2694; x_wconf 92' lang='lat' dir='ltr'><strong>necnon</strong></span> <span class='ocrx_word' id='word_1_367' title='bbox 1798 2638 1901 2693; x_wconf 88' lang='lat' dir='ltr'><strong>etalii</strong></span> 
     </span>
     <span class='ocr_line' id='line_1_29' title="bbox 149 2727 1902 2801; baseline -0.003 -15"><span class='ocrx_word' id='word_1_368' title='bbox 149 2730 275 2787; x_wconf 90' lang='lat' dir='ltr'><strong>Priscam</strong></span> <span class='ocrx_word' id='word_1_369' title='bbox 291 2735 319 2783; x_wconf 89' lang='lat' dir='ltr'><strong>et</strong></span> <span class='ocrx_word' id='word_1_370' title='bbox 333 2728 477 2801; x_wconf 78' lang='lat' dir='ltr'><strong>Aquilam,</strong></span> <span class='ocrx_word' id='word_1_371' title='bbox 498 2728 613 2784; x_wconf 79' lang='lat' dir='ltr'><strong>ludaeos</strong></span> <span class='ocrx_word' id='word_1_372' title='bbox 628 2728 657 2782; x_wconf 91' lang='lat' dir='ltr'><strong>iu</strong></span> <span class='ocrx_word' id='word_1_373' title='bbox 678 2728 820 2783; x_wconf 89' lang='lat' dir='ltr'><strong>Christum</strong></span> <span class='ocrx_word' id='word_1_374' title='bbox 837 2728 997 2791; x_wconf 85' lang='lat' dir='ltr'><strong>credentes,</strong></span> <span class='ocrx_word' id='word_1_375' title='bbox 1052 2729 1148 2801; x_wconf 90' lang='lat' dir='ltr'><strong>plures</strong></span> <span class='ocrx_word' id='word_1_376' title='bbox 1178 2732 1237 2783; x_wconf 88' lang='lat' dir='ltr'><strong>lam</strong></span> <span class='ocrx_word' id='word_1_377' title='bbox 1260 2728 1295 2784; x_wconf 91' lang='lat' dir='ltr'><strong>de</strong></span> <span class='ocrx_word' id='word_1_378' title='bbox 1315 2746 1436 2783; x_wconf 89' lang='lat' dir='ltr'><strong>numero</strong></span> <span class='ocrx_word' id='word_1_379' title='bbox 1459 2729 1664 2801; x_wconf 87' lang='lat' dir='ltr'><strong>apostolorum,</strong></span> <span class='ocrx_word' id='word_1_380' title='bbox 1693 2743 1780 2799; x_wconf 89' lang='lat' dir='ltr'><strong>quam</strong></span> <span class='ocrx_word' id='word_1_381' title='bbox 1811 2727 1902 2782; x_wconf 84' lang='lat' dir='ltr'><strong>etiam</strong></span> 
     </span>
     <span class='ocr_line' id='line_1_30' title="bbox 150 2815 1904 2890; baseline -0.003 -17"><span class='ocrx_word' id='word_1_382' title='bbox 150 2819 180 2874; x_wconf 93' lang='lat' dir='ltr'><strong>in</strong></span> <span class='ocrx_word' id='word_1_383' title='bbox 200 2818 334 2876; x_wconf 80' lang='lat' dir='ltr'><strong>cenchris</strong></span> <span class='ocrx_word' id='word_1_384' title='bbox 358 2822 445 2890; x_wconf 91' lang='lat' dir='ltr'><strong>caput</strong></span> <span class='ocrx_word' id='word_1_385' title='bbox 467 2817 521 2872; x_wconf 89' lang='lat' dir='ltr'><strong>sibi</strong></span> <span class='ocrx_word' id='word_1_386' title='bbox 546 2816 726 2872; x_wconf 86' lang='lat' dir='ltr'><strong>totondisse:</strong></span> <span class='ocrx_word' id='word_1_387' title='bbox 755 2817 900 2871; x_wconf 90' lang='lat' dir='ltr'><strong>habebant</strong></span> <span class='ocrx_word' id='word_1_388' title='bbox 920 2815 998 2870; x_wconf 91' lang='lat' dir='ltr'><strong>enim</strong></span> <span class='ocrx_word' id='word_1_389' title='bbox 1052 2818 1088 2872; x_wconf 90' lang='lat' dir='ltr'><strong>de</strong></span> <span class='ocrx_word' id='word_1_390' title='bbox 1119 2817 1223 2873; x_wconf 86' lang='lat' dir='ltr'><strong>Christi</strong></span> <span class='ocrx_word' id='word_1_391' title='bbox 1264 2817 1484 2888; x_wconf 84' lang='lat' dir='ltr'><strong>discipulorum,</strong></span> <span class='ocrx_word' id='word_1_392' title='bbox 1522 2817 1659 2888; x_wconf 89' lang='lat' dir='ltr'><strong>leguntur</strong></span> <span class='ocrx_word' id='word_1_393' title='bbox 1687 2821 1715 2871; x_wconf 91' lang='lat' dir='ltr'><strong>et</strong></span> <span class='ocrx_word' id='word_1_394' title='bbox 1738 2815 1843 2870; x_wconf 88' lang='lat' dir='ltr'><strong>barbas</strong></span> <span class='ocrx_word' id='word_1_395' title='bbox 1871 2820 1904 2869; x_wconf 89' lang='lat' dir='ltr'><strong>et</strong></span> 
     </span>
     <span class='ocr_line' id='line_1_31' title="bbox 151 2903 1904 2990; baseline -0.001 -32"><span class='ocrx_word' id='word_1_396' title='bbox 151 2912 258 2973; x_wconf 82' lang='lat' dir='ltr'><strong>votum,</strong></span> <span class='ocrx_word' id='word_1_397' title='bbox 275 2906 347 2960; x_wconf 89' lang='lat' dir='ltr'><strong>sicut</strong></span> <span class='ocrx_word' id='word_1_398' title='bbox 359 2909 569 2977; x_wconf 89' lang='lat' dir='ltr'><strong>consequenter</strong></span> <span class='ocrx_word' id='word_1_399' title='bbox 582 2905 729 2976; x_wconf 89' lang='lat' dir='ltr'><strong>Scriptura</strong></span> <span class='ocrx_word' id='word_1_400' title='bbox 744 2905 895 2976; x_wconf 83' lang='lat' dir='ltr'><strong>siguificat.</strong></span> <span class='ocrx_word' id='word_1_401' title='bbox 921 2905 954 2959; x_wconf 87' lang='lat' dir='ltr'><strong>Et</strong></span> <span class='ocrx_word' id='word_1_402' title='bbox 968 2904 998 2958; x_wconf 91' lang='lat' dir='ltr'><strong>in</strong></span> <span class='ocrx_word' id='word_1_403' title='bbox 1019 2905 1146 2990; x_wconf 67' lang='lat' dir='ltr'><strong>conpita</strong></span> <span class='ocrx_word' id='word_1_404' title='bbox 1178 2906 1289 2961; x_wconf 88' lang='lat' dir='ltr'><strong>rasisse.</strong></span> <span class='ocrx_word' id='word_1_405' title='bbox 1326 2906 1476 2977; x_wconf 89' lang='lat' dir='ltr'><strong>Siquidem</strong></span> <span class='ocrx_word' id='word_1_406' title='bbox 1509 2907 1563 2961; x_wconf 92' lang='lat' dir='ltr'><strong>hoc</strong></span> <span class='ocrx_word' id='word_1_407' title='bbox 1592 2906 1684 2978; x_wconf 81' lang='lat' dir='ltr'><strong>egisse</strong></span> <span class='ocrx_word' id='word_1_408' title='bbox 1707 2907 1824 2961; x_wconf 87' lang='lat' dir='ltr'><strong>Petrum</strong></span> <span class='ocrx_word' id='word_1_409' title='bbox 1853 2903 1904 2974; x_wconf 90' lang='lat' dir='ltr'><strong>ip-</strong></span> 
     </span>
     <span class='ocr_line' id='line_1_32' title="bbox 151 2993 1905 3067; baseline -0.003 -16"><span class='ocrx_word' id='word_1_410' title='bbox 151 2995 356 3066; x_wconf 71' lang='lat' dir='ltr'><strong>Hierosolymis</strong></span> <span class='ocrx_word' id='word_1_411' title='bbox 385 2995 512 3049; x_wconf 88' lang='lat' dir='ltr'><strong>seniores</strong></span> <span class='ocrx_word' id='word_1_412' title='bbox 540 2995 669 3066; x_wconf 91' lang='lat' dir='ltr'><strong>apostolo</strong></span> <span class='ocrx_word' id='word_1_413' title='bbox 699 2994 788 3050; x_wconf 88' lang='lat' dir='ltr'><strong>Paulo</strong></span> <span class='ocrx_word' id='word_1_414' title='bbox 813 2994 996 3066; x_wconf 90' lang='lat' dir='ltr'><strong>loquuntur:</strong></span> <span class='ocrx_word' id='word_1_415' title='bbox 1053 2995 1112 3050; x_wconf 90' lang='lat' dir='ltr'><strong>sius</strong></span> <span class='ocrx_word' id='word_1_416' title='bbox 1135 2995 1277 3067; x_wconf 84' lang='lat' dir='ltr'><strong>hodieque</strong></span> <span class='ocrx_word' id='word_1_417' title='bbox 1307 3000 1450 3050; x_wconf 89' lang='lat' dir='ltr'><strong>testantur</strong></span> <span class='ocrx_word' id='word_1_418' title='bbox 1474 2995 1625 3066; x_wconf 89' lang='lat' dir='ltr'><strong>imagines,</strong></span> <span class='ocrx_word' id='word_1_419' title='bbox 1652 3010 1717 3066; x_wconf 81' lang='lat' dir='ltr'><strong>quae</strong></span> <span class='ocrx_word' id='word_1_420' title='bbox 1740 2993 1790 3048; x_wconf 93' lang='lat' dir='ltr'><strong>tali</strong></span> <span class='ocrx_word' id='word_1_421' title='bbox 1822 2993 1905 3046; x_wconf 90' lang='lat' dir='ltr'><strong>schc-</strong></span> 
     </span>
     <span class='ocr_line' id='line_1_33' title="bbox 149 3082 1905 3156; baseline -0.002 -17"><span class='ocrx_word' id='word_1_422' title='bbox 149 3085 218 3140; x_wconf 86' lang='lat' dir='ltr'><strong>Sunt</strong></span> <span class='ocrx_word' id='word_1_423' title='bbox 241 3083 318 3138; x_wconf 84' lang='lat' dir='ltr'><strong>rrohls</strong></span> <span class='ocrx_word' id='word_1_424' title='bbox 340 3085 396 3137; x_wconf 87' lang='lat' dir='ltr'><strong>oiri</strong></span> <span class='ocrx_word' id='word_1_425' title='bbox 418 3088 554 3152; x_wconf 78' lang='lat' dir='ltr'><strong>quatuor3</strong></span> <span class='ocrx_word' id='word_1_426' title='bbox 582 3087 672 3138; x_wconf 84' lang='lat' dir='ltr'><strong>sotum</strong></span> <span class='ocrx_word' id='word_1_427' title='bbox 699 3082 824 3137; x_wconf 87' lang='lat' dir='ltr'><strong>hahentes</strong></span> <span class='ocrx_word' id='word_1_428' title='bbox 844 3098 927 3151; x_wconf 86' lang='lat' dir='ltr'><strong>super</strong></span> <span class='ocrx_word' id='word_1_429' title='bbox 949 3097 996 3137; x_wconf 88' lang='lat' dir='ltr'><strong>se:</strong></span> <span class='ocrx_word' id='word_1_430' title='bbox 1053 3088 1129 3138; x_wconf 86' lang='lat' dir='ltr'><strong>mate</strong></span> <span class='ocrx_word' id='word_1_431' title='bbox 1152 3085 1296 3156; x_wconf 91' lang='lat' dir='ltr'><strong>pictorum</strong></span> <span class='ocrx_word' id='word_1_432' title='bbox 1311 3089 1372 3139; x_wconf 87' lang='lat' dir='ltr'><strong>arte</strong></span> <span class='ocrx_word' id='word_1_433' title='bbox 1396 3085 1568 3138; x_wconf 84' lang='lat' dir='ltr'><strong>formantur.</strong></span> <span class='ocrx_word' id='word_1_434' title='bbox 1588 3085 1644 3139; x_wconf 90' lang='lat' dir='ltr'><strong>Nec</strong></span> <span class='ocrx_word' id='word_1_435' title='bbox 1658 3088 1812 3154; x_wconf 88' lang='lat' dir='ltr'><strong>propterea</strong></span> <span class='ocrx_word' id='word_1_436' title='bbox 1828 3083 1905 3136; x_wconf 83' lang='lat' dir='ltr'><strong>Grae-</strong></span> 
     </span>
     <span class='ocr_line' id='line_1_34' title="bbox 151 3170 1904 3243; baseline -0.002 -16"><span class='ocrx_word' id='word_1_437' title='bbox 151 3175 193 3228; x_wconf 85' lang='lat' dir='ltr'><strong>his</strong></span> <span class='ocrx_word' id='word_1_438' title='bbox 222 3174 381 3242; x_wconf 83' lang='lat' dir='ltr'><strong>assumptis,</strong></span> <span class='ocrx_word' id='word_1_439' title='bbox 406 3175 546 3242; x_wconf 74' lang='lat' dir='ltr'><strong>sarrcttficc</strong></span> <span class='ocrx_word' id='word_1_440' title='bbox 568 3176 592 3225; x_wconf 90' lang='lat' dir='ltr'><strong>tc</strong></span> <span class='ocrx_word' id='word_1_441' title='bbox 614 3171 758 3237; x_wconf 79' lang='lat' dir='ltr'><strong>camillis,</strong></span> <span class='ocrx_word' id='word_1_442' title='bbox 786 3175 810 3225; x_wconf 86' lang='lat' dir='ltr'><strong>et</strong></span> <span class='ocrx_word' id='word_1_443' title='bbox 831 3170 956 3240; x_wconf 84' lang='lat' dir='ltr'><strong>impende</strong></span> <span class='ocrx_word' id='word_1_444' title='bbox 969 3173 999 3224; x_wconf 83' lang='lat' dir='ltr'><strong>in</strong></span> <span class='ocrx_word' id='word_1_445' title='bbox 1053 3189 1151 3227; x_wconf 93' lang='lat' dir='ltr'><strong>corum</strong></span> <span class='ocrx_word' id='word_1_446' title='bbox 1167 3173 1248 3227; x_wconf 83' lang='lat' dir='ltr'><strong>veriti</strong></span> <span class='ocrx_word' id='word_1_447' title='bbox 1263 3176 1328 3226; x_wconf 92' lang='lat' dir='ltr'><strong>sunt</strong></span> <span class='ocrx_word' id='word_1_448' title='bbox 1349 3173 1602 3243; x_wconf 89' lang='lat' dir='ltr'><strong>reprehensionem</strong></span> <span class='ocrx_word' id='word_1_449' title='bbox 1617 3173 1661 3226; x_wconf 84' lang='lat' dir='ltr'><strong>rel</strong></span> <span class='ocrx_word' id='word_1_450' title='bbox 1675 3170 1836 3243; x_wconf 73' lang='lat' dir='ltr'><strong>Apostolus,</strong></span> <span class='ocrx_word' id='word_1_451' title='bbox 1858 3170 1904 3223; x_wconf 88' lang='lat' dir='ltr'><strong>vel</strong></span> 
     </span>
     <span class='ocr_line' id='line_1_35' title="bbox 148 3257 1907 3332; baseline -0.003 -17"><span class='ocrx_word' id='word_1_452' title='bbox 148 3263 246 3316; x_wconf 85' lang='lat' dir='ltr'><strong>tltlsnt</strong></span> <span class='ocrx_word' id='word_1_453' title='bbox 262 3261 364 3315; x_wconf 85' lang='lat' dir='ltr'><strong>radant</strong></span> <span class='ocrx_word' id='word_1_454' title='bbox 377 3263 481 3330; x_wconf 88' lang='lat' dir='ltr'><strong>capita,</strong></span> <span class='ocrx_word' id='word_1_455' title='bbox 502 3265 528 3314; x_wconf 89' lang='lat' dir='ltr'><strong>el</strong></span> <span class='ocrx_word' id='word_1_456' title='bbox 549 3262 632 3314; x_wconf 85' lang='lat' dir='ltr'><strong>scient</strong></span> <span class='ocrx_word' id='word_1_457' title='bbox 652 3275 741 3315; x_wconf 88' lang='lat' dir='ltr'><strong>omnes</strong></span> <span class='ocrx_word' id='word_1_458' title='bbox 757 3261 824 3329; x_wconf 83' lang='lat' dir='ltr'><strong>qula</strong></span> <span class='ocrx_word' id='word_1_459' title='bbox 845 3275 904 3328; x_wconf 78' lang='lat' dir='ltr'><strong>quaa</strong></span> <span class='ocrx_word' id='word_1_460' title='bbox 925 3258 958 3312; x_wconf 89' lang='lat' dir='ltr'><strong>de</strong></span> <span class='ocrx_word' id='word_1_461' title='bbox 975 3263 999 3312; x_wconf 92' lang='lat' dir='ltr'><strong>tc</strong></span> <span class='ocrx_word' id='word_1_462' title='bbox 1052 3262 1157 3332; x_wconf 89' lang='lat' dir='ltr'><strong>reliqui</strong></span> <span class='ocrx_word' id='word_1_463' title='bbox 1181 3261 1286 3316; x_wconf 84' lang='lat' dir='ltr'><strong>Christi</strong></span> <span class='ocrx_word' id='word_1_464' title='bbox 1309 3261 1525 3332; x_wconf 88' lang='lat' dir='ltr'><strong>discipulorum,</strong></span> <span class='ocrx_word' id='word_1_465' title='bbox 1546 3261 1650 3332; x_wconf 88' lang='lat' dir='ltr'><strong>quibus</strong></span> <span class='ocrx_word' id='word_1_466' title='bbox 1674 3276 1732 3314; x_wconf 93' lang='lat' dir='ltr'><strong>non</strong></span> <span class='ocrx_word' id='word_1_467' title='bbox 1756 3257 1907 3330; x_wconf 86' lang='lat' dir='ltr'><strong>displicuit</strong></span> 
     </span>
     <span class='ocr_line' id='line_1_36' title="bbox 149 3346 1905 3416; baseline -0.001 -14"><span class='ocrx_word' id='word_1_468' title='bbox 149 3348 298 3403; x_wconf 81' lang='lat' dir='ltr'><strong>audierunt</strong></span> <span class='ocrx_word' id='word_1_469' title='bbox 311 3349 386 3414; x_wconf 78' lang='lat' dir='ltr'><strong>falsa</strong></span> <span class='ocrx_word' id='word_1_470' title='bbox 399 3352 474 3416; x_wconf 85' lang='lat' dir='ltr'><strong>sunt,</strong></span> <span class='ocrx_word' id='word_1_471' title='bbox 499 3348 546 3402; x_wconf 87' lang='lat' dir='ltr'><strong>sed</strong></span> <span class='ocrx_word' id='word_1_472' title='bbox 570 3348 693 3402; x_wconf 87' lang='lat' dir='ltr'><strong>ambulas</strong></span> <span class='ocrx_word' id='word_1_473' title='bbox 718 3353 743 3400; x_wconf 88' lang='lat' dir='ltr'><strong>ct</strong></span> <span class='ocrx_word' id='word_1_474' title='bbox 765 3351 823 3416; x_wconf 86' lang='lat' dir='ltr'><strong>ipse</strong></span> <span class='ocrx_word' id='word_1_475' title='bbox 845 3346 998 3401; x_wconf 85' lang='lat' dir='ltr'><strong>custodiens</strong></span> <span class='ocrx_word' id='word_1_476' title='bbox 1053 3350 1217 3405; x_wconf 85' lang='lat' dir='ltr'><strong>istiusmodi</strong></span> <span class='ocrx_word' id='word_1_477' title='bbox 1232 3349 1363 3405; x_wconf 91' lang='lat' dir='ltr'><strong>habitum</strong></span> <span class='ocrx_word' id='word_1_478' title='bbox 1383 3350 1437 3405; x_wconf 89' lang='lat' dir='ltr'><strong>sibi</strong></span> <span class='ocrx_word' id='word_1_479' title='bbox 1459 3365 1614 3405; x_wconf 86' lang='lat' dir='ltr'><strong>assumere.</strong></span> <span class='ocrx_word' id='word_1_480' title='bbox 1633 3350 1665 3404; x_wconf 85' lang='lat' dir='ltr'><strong>Et</strong></span> <span class='ocrx_word' id='word_1_481' title='bbox 1685 3365 1750 3402; x_wconf 82' lang='lat' dir='ltr'><strong>rum</strong></span> <span class='ocrx_word' id='word_1_482' title='bbox 1766 3364 1819 3401; x_wconf 88' lang='lat' dir='ltr'><strong>uec</strong></span> <span class='ocrx_word' id='word_1_483' title='bbox 1834 3352 1905 3401; x_wconf 87' lang='lat' dir='ltr'><strong>autc</strong></span> 
     </span>
     <span class='ocr_line' id='line_1_37' title="bbox 150 3435 1905 3509; baseline -0.001 -19"><span class='ocrx_word' id='word_1_484' title='bbox 150 3437 317 3504; x_wconf 68' lang='lat' dir='ltr'><strong>tepcmlclct.</strong></span> <span class='ocrx_word' id='word_1_485' title='bbox 336 3453 391 3491; x_wconf 79' lang='lat' dir='ltr'><strong>xxa.</strong></span> <span class='ocrx_word' id='word_1_486' title='bbox 408 3439 452 3498; x_wconf 76' lang='lat'><strong>23,</strong></span> <span class='ocrx_word' id='word_1_487' title='bbox 476 3437 532 3506; x_wconf 77' lang='lat' dir='ltr'><strong>rt).</strong></span> <span class='ocrx_word' id='word_1_488' title='bbox 557 3436 590 3489; x_wconf 89' lang='lat' dir='ltr'><strong>Et</strong></span> <span class='ocrx_word' id='word_1_489' title='bbox 611 3436 697 3506; x_wconf 90' lang='lat' dir='ltr'><strong>paulo</strong></span> <span class='ocrx_word' id='word_1_490' title='bbox 723 3440 805 3504; x_wconf 89' lang='lat' dir='ltr'><strong>post:</strong></span> <span class='ocrx_word' id='word_1_491' title='bbox 828 3436 901 3489; x_wconf 83' lang='lat' dir='ltr'><strong>Turrc</strong></span> <span class='ocrx_word' id='word_1_492' title='bbox 920 3435 998 3488; x_wconf 86' lang='lat' dir='ltr'><strong>Pau·</strong></span> <span class='ocrx_word' id='word_1_493' title='bbox 1053 3439 1158 3509; x_wconf 85' lang='lat' dir='ltr'><strong>legem,</strong></span> <span class='ocrx_word' id='word_1_494' title='bbox 1182 3454 1235 3492; x_wconf 89' lang='lat' dir='ltr'><strong>nec</strong></span> <span class='ocrx_word' id='word_1_495' title='bbox 1254 3443 1318 3509; x_wconf 90' lang='lat' dir='ltr'><strong>post</strong></span> <span class='ocrx_word' id='word_1_496' title='bbox 1338 3438 1526 3509; x_wconf 86' lang='lat' dir='ltr'><strong>Evangelium</strong></span> <span class='ocrx_word' id='word_1_497' title='bbox 1552 3438 1690 3492; x_wconf 89' lang='lat' dir='ltr'><strong>hactenus</strong></span> <span class='ocrx_word' id='word_1_498' title='bbox 1710 3436 1905 3508; x_wconf 76' lang='lat' dir='ltr'><strong>quaestionem</strong></span> 
     </span>
     <span class='ocr_line' id='line_1_38' title="bbox 151 3523 1906 3597; baseline 0 -19"><span class='ocrx_word' id='word_1_499' title='bbox 151 3525 191 3579; x_wconf 86' lang='lat' dir='ltr'><strong>lus</strong></span> <span class='ocrx_word' id='word_1_500' title='bbox 208 3526 355 3592; x_wconf 83' lang='lat' dir='ltr'><strong>assumptis</strong></span> <span class='ocrx_word' id='word_1_501' title='bbox 370 3526 448 3592; x_wconf 83' lang='lat' dir='ltr'><strong>virts,</strong></span> <span class='ocrx_word' id='word_1_502' title='bbox 473 3529 584 3592; x_wconf 84' lang='lat' dir='ltr'><strong>postera</strong></span> <span class='ocrx_word' id='word_1_503' title='bbox 600 3523 653 3589; x_wconf 84' lang='lat' dir='ltr'><strong>dic,</strong></span> <span class='ocrx_word' id='word_1_504' title='bbox 678 3525 840 3592; x_wconf 68' lang='lat' dir='ltr'><strong>purificatus</strong></span> <span class='ocrx_word' id='word_1_505' title='bbox 861 3538 920 3577; x_wconf 86' lang='lat' dir='ltr'><strong>cum</strong></span> <span class='ocrx_word' id='word_1_506' title='bbox 943 3523 998 3577; x_wconf 83' lang='lat' dir='ltr'><strong>titis</strong></span> <span class='ocrx_word' id='word_1_507' title='bbox 1052 3526 1126 3581; x_wconf 74' lang='lat' dir='ltr'><strong>lianc</strong></span> <span class='ocrx_word' id='word_1_508' title='bbox 1142 3526 1245 3597; x_wconf 90' lang='lat' dir='ltr'><strong>aliquis</strong></span> <span class='ocrx_word' id='word_1_509' title='bbox 1257 3527 1422 3593; x_wconf 89' lang='lat' dir='ltr'><strong>intenderit,</strong></span> <span class='ocrx_word' id='word_1_510' title='bbox 1434 3526 1619 3581; x_wconf 88' lang='lat' dir='ltr'><strong>viderintcur</strong></span> <span class='ocrx_word' id='word_1_511' title='bbox 1632 3527 1796 3581; x_wconf 82' lang='lat' dir='ltr'><strong>Groecorum</strong></span> <span class='ocrx_word' id='word_1_512' title='bbox 1811 3525 1906 3595; x_wconf 89' lang='lat' dir='ltr'><strong>impe·</strong></span> 
     </span>
     <span class='ocr_line' id='line_1_39' title="bbox 149 3611 1906 3686; baseline 0.001 -23"><span class='ocrx_word' id='word_1_513' title='bbox 149 3612 265 3665; x_wconf 80' lang='lat' dir='ltr'><strong>intrarit</strong></span> <span class='ocrx_word' id='word_1_514' title='bbox 285 3614 315 3666; x_wconf 87' lang='lat' dir='ltr'><strong>in</strong></span> <span class='ocrx_word' id='word_1_515' title='bbox 339 3614 477 3681; x_wconf 86' lang='lat' dir='ltr'><strong>templum,</strong></span> <span class='ocrx_word' id='word_1_516' title='bbox 503 3614 671 3665; x_wconf 88' lang='lat' dir='ltr'><strong>annuntians</strong></span> <span class='ocrx_word' id='word_1_517' title='bbox 692 3612 868 3680; x_wconf 78' lang='lat' dir='ltr'><strong>repletionem</strong></span> <span class='ocrx_word' id='word_1_518' title='bbox 893 3611 999 3664; x_wconf 86' lang='lat' dir='ltr'><strong>dierum</strong></span> <span class='ocrx_word' id='word_1_519' title='bbox 1053 3621 1161 3669; x_wconf 88' lang='lat' dir='ltr'><strong>ratores</strong></span> <span class='ocrx_word' id='word_1_520' title='bbox 1176 3615 1564 3685; x_wconf 89' lang='lat' dir='ltr'><strong>reprehenderemoliantur‚</strong></span> <span class='ocrx_word' id='word_1_521' title='bbox 1581 3614 1658 3686; x_wconf 89' lang='lat' dir='ltr'><strong>quod</strong></span> <span class='ocrx_word' id='word_1_522' title='bbox 1669 3612 1906 3685; x_wconf 87' lang='lat' dir='ltr'><strong>reprehensionis</strong></span> 
     </span>
     <span class='ocr_line' id='line_1_40' title="bbox 149 3700 1906 3774; baseline 0.001 -22"><span class='ocrx_word' id='word_1_523' title='bbox 149 3702 350 3770; x_wconf 78' lang='lat' dir='ltr'><strong>purificationis</strong></span> <span class='ocrx_word' id='word_1_524' title='bbox 383 3700 465 3772; x_wconf 74' lang='lat' dir='ltr'><strong>(tcta.</strong></span> <span class='ocrx_word' id='word_1_525' title='bbox 496 3701 555 3770; x_wconf 75' lang='lat'>26).</span> <span class='ocrx_word' id='word_1_526' title='bbox 589 3700 669 3755; x_wconf 92' lang='lat' dir='ltr'><strong>Hunc</strong></span> <span class='ocrx_word' id='word_1_527' title='bbox 705 3716 814 3753; x_wconf 87' lang='lat' dir='ltr'><strong>rnorem</strong></span> <span class='ocrx_word' id='word_1_528' title='bbox 847 3705 999 3770; x_wconf 86' lang='lat' dir='ltr'><strong>sequentes</strong></span> <span class='ocrx_word' id='word_1_529' title='bbox 1053 3701 1203 3756; x_wconf 78' lang='lat' dir='ltr'><strong>calumnier</strong></span> <span class='ocrx_word' id='word_1_530' title='bbox 1225 3703 1371 3773; x_wconf 88' lang='lat' dir='ltr'><strong>subjacere</strong></span> <span class='ocrx_word' id='word_1_531' title='bbox 1405 3719 1589 3774; x_wconf 90' lang='lat' dir='ltr'><strong>nequaquam</strong></span> <span class='ocrx_word' id='word_1_532' title='bbox 1616 3703 1719 3757; x_wconf 87' lang='lat' dir='ltr'><strong>merito</strong></span> <span class='ocrx_word' id='word_1_533' title='bbox 1743 3701 1843 3773; x_wconf 91' lang='lat' dir='ltr'><strong>possit.</strong></span> <span class='ocrx_word' id='word_1_534' title='bbox 1872 3701 1906 3756; x_wconf 91' lang='lat' dir='ltr'><strong>Si</strong></span> 
     </span>
     <span class='ocr_line' id='line_1_41' title="bbox 150 3787 1906 3862; baseline 0.001 -20"><span class='ocrx_word' id='word_1_535' title='bbox 150 3788 246 3843; x_wconf 89' lang='lat' dir='ltr'><strong>clerici</strong></span> <span class='ocrx_word' id='word_1_536' title='bbox 262 3790 470 3852; x_wconf 82' lang='lat' dir='ltr'><strong>Romanorum,</strong></span> <span class='ocrx_word' id='word_1_537' title='bbox 484 3789 528 3842; x_wconf 84' lang='lat' dir='ltr'><strong>rel</strong></span> <span class='ocrx_word' id='word_1_538' title='bbox 544 3795 710 3842; x_wconf 84' lang='lat' dir='ltr'><strong>cunctarum</strong></span> <span class='ocrx_word' id='word_1_539' title='bbox 723 3789 781 3843; x_wconf 87' lang='lat' dir='ltr'><strong>lere</strong></span> <span class='ocrx_word' id='word_1_540' title='bbox 796 3804 849 3858; x_wconf 90' lang='lat' dir='ltr'><strong>per</strong></span> <span class='ocrx_word' id='word_1_541' title='bbox 862 3787 998 3843; x_wconf 88' lang='lat' dir='ltr'><strong>Occiden·</strong></span> <span class='ocrx_word' id='word_1_542' title='bbox 1054 3790 1129 3844; x_wconf 89' lang='lat' dir='ltr'><strong>enim</strong></span> <span class='ocrx_word' id='word_1_543' title='bbox 1145 3791 1263 3844; x_wconf 86' lang='lat' dir='ltr'><strong>barbam</strong></span> <span class='ocrx_word' id='word_1_544' title='bbox 1279 3792 1397 3845; x_wconf 89' lang='lat' dir='ltr'><strong>tondere</strong></span> <span class='ocrx_word' id='word_1_545' title='bbox 1419 3797 1567 3862; x_wconf 89' lang='lat' dir='ltr'><strong>peccatum</strong></span> <span class='ocrx_word' id='word_1_546' title='bbox 1582 3796 1625 3845; x_wconf 88' lang='lat' dir='ltr'><strong>est</strong></span> <span class='ocrx_word' id='word_1_547' title='bbox 1645 3791 1771 3862; x_wconf 84' lang='lat' dir='ltr'><strong>aliquod,</strong></span> <span class='ocrx_word' id='word_1_548' title='bbox 1796 3791 1843 3844; x_wconf 80' lang='lat' dir='ltr'><strong>rel</strong></span> <span class='ocrx_word' id='word_1_549' title='bbox 1860 3789 1906 3843; x_wconf 90' lang='lat' dir='ltr'><strong>di-</strong></span> 
     </span>
     <span class='ocr_line' id='line_1_42' title="bbox 150 3877 1908 3950; baseline 0.001 -19"><span class='ocrx_word' id='word_1_550' title='bbox 150 3882 207 3932; x_wconf 90' lang='lat' dir='ltr'><strong>tem</strong></span> <span class='ocrx_word' id='word_1_551' title='bbox 224 3878 424 3941; x_wconf 78' lang='lat' dir='ltr'><strong>Ecclesiarum</strong></span> <span class='ocrx_word' id='word_1_552' title='bbox 448 3877 551 3932; x_wconf 87' lang='lat' dir='ltr'><strong>barbas</strong></span> <span class='ocrx_word' id='word_1_553' title='bbox 573 3877 686 3942; x_wconf 86' lang='lat' dir='ltr'><strong>radunt,</strong></span> <span class='ocrx_word' id='word_1_554' title='bbox 709 3882 737 3931; x_wconf 89' lang='lat' dir='ltr'><strong>et</strong></span> <span class='ocrx_word' id='word_1_555' title='bbox 755 3877 849 3946; x_wconf 87' lang='lat' dir='ltr'><strong>capita</strong></span> <span class='ocrx_word' id='word_1_556' title='bbox 867 3877 998 3943; x_wconf 90' lang='lat' dir='ltr'><strong>tondent,</strong></span> <span class='ocrx_word' id='word_1_557' title='bbox 1053 3879 1127 3933; x_wconf 83' lang='lat' dir='ltr'><strong>vinae</strong></span> <span class='ocrx_word' id='word_1_558' title='bbox 1156 3880 1227 3950; x_wconf 90' lang='lat' dir='ltr'><strong>legis</strong></span> <span class='ocrx_word' id='word_1_559' title='bbox 1251 3880 1309 3933; x_wconf 88' lang='lat' dir='ltr'><strong>ulla</strong></span> <span class='ocrx_word' id='word_1_560' title='bbox 1333 3880 1533 3949; x_wconf 87' lang='lat' dir='ltr'><strong>transgressio,</strong></span> <span class='ocrx_word' id='word_1_561' title='bbox 1563 3880 1659 3934; x_wconf 89' lang='lat' dir='ltr'><strong>dicant</strong></span> <span class='ocrx_word' id='word_1_562' title='bbox 1691 3896 1741 3933; x_wconf 91' lang='lat' dir='ltr'><strong>cur</strong></span> <span class='ocrx_word' id='word_1_563' title='bbox 1761 3881 1908 3950; x_wconf 85' lang='lat' dir='ltr'><strong>propheta</strong></span> 
     </span>
     <span class='ocr_line' id='line_1_43' title="bbox 149 3963 1907 4038; baseline 0.003 -22"><span class='ocrx_word' id='word_1_564' title='bbox 149 3966 272 4021; x_wconf 78' lang='lat' dir='ltr'><strong>formam</strong></span> <span class='ocrx_word' id='word_1_565' title='bbox 287 3966 458 4036; x_wconf 85' lang='lat' dir='ltr'><strong>accipientes</strong></span> <span class='ocrx_word' id='word_1_566' title='bbox 482 3970 539 4019; x_wconf 90' lang='lat' dir='ltr'><strong>tam</strong></span> <span class='ocrx_word' id='word_1_567' title='bbox 565 3965 655 4019; x_wconf 89' lang='lat' dir='ltr'><strong>abeis</strong></span> <span class='ocrx_word' id='word_1_568' title='bbox 680 3963 776 4034; x_wconf 94' lang='lat' dir='ltr'><strong>quiin</strong></span> <span class='ocrx_word' id='word_1_569' title='bbox 799 3964 890 4017; x_wconf 89' lang='lat' dir='ltr'><strong>Veteri</strong></span> <span class='ocrx_word' id='word_1_570' title='bbox 906 3965 1001 4018; x_wconf 80' lang='lat' dir='ltr'><strong>Testa·</strong></span> <span class='ocrx_word' id='word_1_571' title='bbox 1055 3969 1175 4022; x_wconf 84' lang='lat' dir='ltr'><strong>ltomino</strong></span> <span class='ocrx_word' id='word_1_572' title='bbox 1190 3968 1311 4037; x_wconf 84' lang='lat' dir='ltr'><strong>jubente</strong></span> <span class='ocrx_word' id='word_1_573' title='bbox 1334 3967 1452 4022; x_wconf 90' lang='lat' dir='ltr'><strong>barbam</strong></span> <span class='ocrx_word' id='word_1_574' title='bbox 1473 3968 1594 4038; x_wconf 82' lang='lat' dir='ltr'><strong>raserit3</strong></span> <span class='ocrx_word' id='word_1_575' title='bbox 1611 3985 1662 4022; x_wconf 87' lang='lat' dir='ltr'><strong>cur</strong></span> <span class='ocrx_word' id='word_1_576' title='bbox 1685 3968 1828 4022; x_wconf 82' lang='lat' dir='ltr'><strong>Nazareris</strong></span> <span class='ocrx_word' id='word_1_577' title='bbox 1852 3968 1907 4022; x_wconf 81' lang='lat' dir='ltr'><strong>isle</strong></span> 
     </span>
     <span class='ocr_line' id='line_1_44' title="bbox 151 4051 1908 4128; baseline 0 -19"><span class='ocrx_word' id='word_1_578' title='bbox 151 4060 249 4109; x_wconf 89' lang='lat' dir='ltr'><strong>mento</strong></span> <span class='ocrx_word' id='word_1_579' title='bbox 268 4054 394 4108; x_wconf 77' lang='lat' dir='ltr'><strong>Nazaraei</strong></span> <span class='ocrx_word' id='word_1_580' title='bbox 409 4052 587 4119; x_wconf 79' lang='lat' dir='ltr'><strong>dicebantur,</strong></span> <span class='ocrx_word' id='word_1_581' title='bbox 604 4067 690 4122; x_wconf 81' lang='lat' dir='ltr'><strong>quam</strong></span> <span class='ocrx_word' id='word_1_582' title='bbox 707 4052 742 4106; x_wconf 81' lang='lat' dir='ltr'><strong>ab</strong></span> <span class='ocrx_word' id='word_1_583' title='bbox 757 4051 861 4121; x_wconf 81' lang='lat' dir='ltr'><strong>eisqui</strong></span> <span class='ocrx_word' id='word_1_584' title='bbox 877 4052 906 4105; x_wconf 86' lang='lat' dir='ltr'><strong>in</strong></span> <span class='ocrx_word' id='word_1_585' title='bbox 924 4053 999 4106; x_wconf 82' lang='lat' dir='ltr'><strong>N0vn</strong></span> <span class='ocrx_word' id='word_1_586' title='bbox 1054 4073 1116 4111; x_wconf 92' lang='lat' dir='ltr'><strong>mos</strong></span> <span class='ocrx_word' id='word_1_587' title='bbox 1131 4056 1289 4123; x_wconf 86' lang='lat' dir='ltr'><strong>exstiterit;</strong></span> <span class='ocrx_word' id='word_1_588' title='bbox 1304 4073 1355 4110; x_wconf 91' lang='lat' dir='ltr'><strong>cur</strong></span> <span class='ocrx_word' id='word_1_589' title='bbox 1370 4057 1495 4128; x_wconf 87' lang='lat' dir='ltr'><strong>denique</strong></span> <span class='ocrx_word' id='word_1_590' title='bbox 1509 4058 1632 4127; x_wconf 87' lang='lat' dir='ltr'><strong>apostoli</strong></span> <span class='ocrx_word' id='word_1_591' title='bbox 1651 4057 1725 4112; x_wconf 88' lang='lat' dir='ltr'><strong>hanc</strong></span> <span class='ocrx_word' id='word_1_592' title='bbox 1746 4062 1908 4111; x_wconf 82' lang='lat' dir='ltr'><strong>cousuetu-</strong></span> 
     </span>
     <span class='ocr_line' id='line_1_45' title="bbox 150 4138 1908 4217; baseline 0 -19"><span class='ocrx_word' id='word_1_593' title='bbox 150 4144 334 4198; x_wconf 85' lang='lat' dir='ltr'><strong>Testamento</strong></span> <span class='ocrx_word' id='word_1_594' title='bbox 349 4141 418 4196; x_wconf 88' lang='lat' dir='ltr'><strong>talia</strong></span> <span class='ocrx_word' id='word_1_595' title='bbox 439 4141 536 4194; x_wconf 82' lang='lat' dir='ltr'><strong>iecisse</strong></span> <span class='ocrx_word' id='word_1_596' title='bbox 560 4141 705 4209; x_wconf 88' lang='lat' dir='ltr'><strong>leguntur.</strong></span> <span class='ocrx_word' id='word_1_597' title='bbox 728 4138 783 4193; x_wconf 88' lang='lat' dir='ltr'><strong>Sed</strong></span> <span class='ocrx_word' id='word_1_598' title='bbox 807 4155 864 4192; x_wconf 92' lang='lat' dir='ltr'><strong>non</strong></span> <span class='ocrx_word' id='word_1_599' title='bbox 886 4141 1000 4211; x_wconf 91' lang='lat' dir='ltr'><strong>ponitus</strong></span> <span class='ocrx_word' id='word_1_600' title='bbox 1055 4146 1151 4200; x_wconf 90' lang='lat' dir='ltr'><strong>dinem</strong></span> <span class='ocrx_word' id='word_1_601' title='bbox 1173 4161 1230 4199; x_wconf 91' lang='lat' dir='ltr'><strong>uon</strong></span> <span class='ocrx_word' id='word_1_602' title='bbox 1257 4145 1467 4200; x_wconf 79' lang='lat' dir='ltr'><strong>exhorruerint.</strong></span> <span class='ocrx_word' id='word_1_603' title='bbox 1492 4146 1546 4201; x_wconf 89' lang='lat' dir='ltr'><strong>Sed</strong></span> <span class='ocrx_word' id='word_1_604' title='bbox 1567 4146 1633 4200; x_wconf 86' lang='lat' dir='ltr'><strong>huic</strong></span> <span class='ocrx_word' id='word_1_605' title='bbox 1657 4145 1834 4217; x_wconf 90' lang='lat' dir='ltr'><strong>oppositioni</strong></span> <span class='ocrx_word' id='word_1_606' title='bbox 1858 4163 1908 4200; x_wconf 89' lang='lat' dir='ltr'><strong>su-</strong></span> 
     </span>
     <span class='ocr_line' id='line_1_46' title="bbox 151 4226 1908 4304; baseline 0.006 -27"><span class='ocrx_word' id='word_1_607' title='bbox 151 4231 262 4300; x_wconf 78' lang='lat' dir='ltr'><strong>capittts</strong></span> <span class='ocrx_word' id='word_1_608' title='bbox 279 4229 372 4299; x_wconf 82' lang='lat' dir='ltr'><strong>capita</strong></span> <span class='ocrx_word' id='word_1_609' title='bbox 387 4228 508 4293; x_wconf 86' lang='lat' dir='ltr'><strong>nudant,</strong></span> <span class='ocrx_word' id='word_1_610' title='bbox 531 4243 630 4281; x_wconf 85' lang='lat' dir='ltr'><strong>verum</strong></span> <span class='ocrx_word' id='word_1_611' title='bbox 646 4243 697 4298; x_wconf 94' lang='lat' dir='ltr'><strong>pro</strong></span> <span class='ocrx_word' id='word_1_612' title='bbox 712 4233 792 4298; x_wconf 85' lang='lat' dir='ltr'><strong>parte</strong></span> <span class='ocrx_word' id='word_1_613' title='bbox 805 4226 999 4298; x_wconf 82' lang='lat' dir='ltr'><strong>significantes</strong></span> <span class='ocrx_word' id='word_1_614' title='bbox 1020 4233 1267 4304; x_wconf 74' lang='lat' dir='ltr'><strong>DpersedeamuS,</strong></span> <span class='ocrx_word' id='word_1_615' title='bbox 1293 4234 1430 4304; x_wconf 90' lang='lat' dir='ltr'><strong>quoniam</strong></span> <span class='ocrx_word' id='word_1_616' title='bbox 1446 4249 1498 4287; x_wconf 90' lang='lat' dir='ltr'><strong>nec</strong></span> <span class='ocrx_word' id='word_1_617' title='bbox 1524 4233 1640 4287; x_wconf 87' lang='lat' dir='ltr'><strong>rationis</strong></span> <span class='ocrx_word' id='word_1_618' title='bbox 1665 4234 1769 4286; x_wconf 79' lang='lat' dir='ltr'><strong>virtute</strong></span> <span class='ocrx_word' id='word_1_619' title='bbox 1794 4233 1908 4301; x_wconf 80' lang='lat' dir='ltr'><strong>nisam,</strong></span> 
     </span>
     <span class='ocr_line' id='line_1_47' title="bbox 151 4315 1909 4393; baseline 0.003 -22"><span class='ocrx_word' id='word_1_620' title='bbox 151 4317 202 4372; x_wconf 90' lang='lat' dir='ltr'><strong>tali</strong></span> <span class='ocrx_word' id='word_1_621' title='bbox 217 4317 360 4371; x_wconf 88' lang='lat' dir='ltr'><strong>schemate</strong></span> <span class='ocrx_word' id='word_1_622' title='bbox 376 4325 433 4370; x_wconf 90' lang='lat' dir='ltr'><strong>tam</strong></span> <span class='ocrx_word' id='word_1_623' title='bbox 449 4316 544 4386; x_wconf 89' lang='lat' dir='ltr'><strong>regale</strong></span> <span class='ocrx_word' id='word_1_624' title='bbox 560 4315 655 4381; x_wconf 88' lang='lat' dir='ltr'><strong>decus,</strong></span> <span class='ocrx_word' id='word_1_625' title='bbox 674 4331 759 4386; x_wconf 89' lang='lat' dir='ltr'><strong>quam</strong></span> <span class='ocrx_word' id='word_1_626' title='bbox 780 4316 893 4383; x_wconf 89' lang='lat' dir='ltr'><strong>insigne</strong></span> <span class='ocrx_word' id='word_1_627' title='bbox 906 4333 1000 4370; x_wconf 91' lang='lat' dir='ltr'><strong>sacer·</strong></span> <span class='ocrx_word' id='word_1_628' title='bbox 1055 4336 1107 4375; x_wconf 89' lang='lat' dir='ltr'><strong>ucc</strong></span> <span class='ocrx_word' id='word_1_629' title='bbox 1121 4321 1269 4391; x_wconf 88' lang='lat' dir='ltr'><strong>gravitatis</strong></span> <span class='ocrx_word' id='word_1_630' title='bbox 1282 4338 1344 4376; x_wconf 86' lang='lat' dir='ltr'><strong>eam</strong></span> <span class='ocrx_word' id='word_1_631' title='bbox 1360 4323 1456 4393; x_wconf 90' lang='lat' dir='ltr'><strong>aliqua</strong></span> <span class='ocrx_word' id='word_1_632' title='bbox 1472 4323 1612 4393; x_wconf 86' lang='lat' dir='ltr'><strong>dignitate</strong></span> <span class='ocrx_word' id='word_1_633' title='bbox 1627 4322 1774 4376; x_wconf 80' lang='lat' dir='ltr'><strong>suffultam</strong></span> <span class='ocrx_word' id='word_1_634' title='bbox 1788 4323 1909 4393; x_wconf 86' lang='lat' dir='ltr'><strong>conspi-</strong></span> 
     </span>
    </p>
   </div>
   <div class='ocr_carea' id='block_1_3' title="bbox 1844 202 1897 257">
    <p class='ocr_par' dir='ltr' id='par_1_5' title="bbox 1844 202 1897 257">
     <span class='ocr_line' id='line_1_48' title="bbox 1844 202 1897 257; baseline -0.038 0"><span class='ocrx_word' id='word_1_635' title='bbox 1844 202 1897 257; x_wconf 68' lang='grc'><strong>324</strong></span> 
     </span>
    </p>
   </div>
   <div class='ocr_carea' id='block_1_4' title="bbox 152 4404 1001 4565">
    <p class='ocr_par' dir='ltr' id='par_1_6' title="bbox 152 4404 1001 4565">
     <span class='ocr_line' id='line_1_49' title="bbox 152 4404 1000 4476; baseline -0.005 -15"><span class='ocrx_word' id='word_1_636' title='bbox 152 4406 256 4461; x_wconf 91' lang='lat' dir='ltr'><strong>dotale.</strong></span> <span class='ocrx_word' id='word_1_637' title='bbox 280 4404 427 4476; x_wconf 87' lang='lat' dir='ltr'><strong>Siquidem</strong></span> <span class='ocrx_word' id='word_1_638' title='bbox 450 4404 566 4475; x_wconf 89' lang='lat' dir='ltr'><strong>regibus</strong></span> <span class='ocrx_word' id='word_1_639' title='bbox 588 4404 673 4458; x_wconf 89' lang='lat' dir='ltr'><strong>decus</strong></span> <span class='ocrx_word' id='word_1_640' title='bbox 693 4411 735 4458; x_wconf 91' lang='lat' dir='ltr'><strong>est</strong></span> <span class='ocrx_word' id='word_1_641' title='bbox 756 4407 906 4475; x_wconf 90' lang='lat' dir='ltr'><strong>proprium</strong></span> <span class='ocrx_word' id='word_1_642' title='bbox 922 4421 1000 4458; x_wconf 91' lang='lat' dir='ltr'><strong>eoro-</strong></span> 
     </span>
     <span class='ocr_line' id='line_1_50' title="bbox 152 4493 1001 4565; baseline -0.002 -17"><span class='ocrx_word' id='word_1_643' title='bbox 152 4511 203 4549; x_wconf 87' lang='lat' dir='ltr'><strong>nns</strong></span> <span class='ocrx_word' id='word_1_644' title='bbox 216 4494 349 4565; x_wconf 90' lang='lat' dir='ltr'><strong>incapite</strong></span> <span class='ocrx_word' id='word_1_645' title='bbox 364 4493 460 4560; x_wconf 86' lang='lat' dir='ltr'><strong>serre;</strong></span> <span class='ocrx_word' id='word_1_646' title='bbox 476 4493 625 4564; x_wconf 87' lang='lat' dir='ltr'><strong>pontilices</strong></span> <span class='ocrx_word' id='word_1_647' title='bbox 641 4497 736 4546; x_wconf 89' lang='lat' dir='ltr'><strong>autem</strong></span> <span class='ocrx_word' id='word_1_648' title='bbox 752 4493 783 4546; x_wconf 93' lang='lat' dir='ltr'><strong>in</strong></span> <span class='ocrx_word' id='word_1_649' title='bbox 805 4494 913 4564; x_wconf 90' lang='lat' dir='ltr'><strong>templo</strong></span> <span class='ocrx_word' id='word_1_650' title='bbox 931 4493 1001 4547; x_wconf 88' lang='lat' dir='ltr'><strong>thia·</strong></span> 
     </span>
    </p>
   </div>
   <div class='ocr_carea' id='block_1_5' title="bbox 153 4580 1001 4736">
    <p class='ocr_par' dir='ltr' id='par_1_7' title="bbox 153 4580 1001 4736">
     <span class='ocr_line' id='line_1_51' title="bbox 153 4580 1001 4653; baseline -0.002 -17"><span class='ocrx_word' id='word_1_651' title='bbox 153 4599 199 4637; x_wconf 90' lang='lat' dir='ltr'><strong>ras</strong></span> <span class='ocrx_word' id='word_1_652' title='bbox 213 4583 318 4637; x_wconf 85' lang='lat' dir='ltr'><strong>verlice</strong></span> <span class='ocrx_word' id='word_1_653' title='bbox 339 4581 515 4653; x_wconf 88' lang='lat' dir='ltr'><strong>portabant:</strong></span> <span class='ocrx_word' id='word_1_654' title='bbox 532 4585 561 4635; x_wconf 86' lang='lat' dir='ltr'><strong>et</strong></span> <span class='ocrx_word' id='word_1_655' title='bbox 583 4581 676 4634; x_wconf 91' lang='lat' dir='ltr'><strong>thiara</strong></span> <span class='ocrx_word' id='word_1_656' title='bbox 697 4581 813 4651; x_wconf 89' lang='lat' dir='ltr'><strong>quidem</strong></span> <span class='ocrx_word' id='word_1_657' title='bbox 829 4580 1001 4651; x_wconf 71' lang='lat' dir='ltr'><strong>hemisphae-</strong></span> 
     </span>
     <span class='ocr_line' id='line_1_52' title="bbox 154 4665 1001 4736; baseline -0.004 -17"><span class='ocrx_word' id='word_1_658' title='bbox 154 4665 189 4719; x_wconf 89' lang='lat' dir='ltr'><strong>rii</strong></span> <span class='ocrx_word' id='word_1_659' title='bbox 205 4665 281 4736; x_wconf 87' lang='lat' dir='ltr'><strong>gerit</strong></span> <span class='ocrx_word' id='word_1_660' title='bbox 303 4665 538 4731; x_wconf 76' lang='lat' dir='ltr'><strong>similitudinem,</strong></span> <span class='ocrx_word' id='word_1_661' title='bbox 556 4680 743 4718; x_wconf 78' lang='lat' dir='ltr'><strong>coronavero</strong></span> <span class='ocrx_word' id='word_1_662' title='bbox 772 4665 870 4717; x_wconf 91' lang='lat' dir='ltr'><strong>circuli</strong></span> <span class='ocrx_word' id='word_1_663' title='bbox 899 4679 1001 4733; x_wconf 85' lang='lat' dir='ltr'><strong>gerens</strong></span> 
     </span>
    </p>
   </div>
   <div class='ocr_carea' id='block_1_6' title="bbox 153 4752 1002 5174">
    <p class='ocr_par' dir='ltr' id='par_1_8' title="bbox 153 4752 1002 5174">
     <span class='ocr_line' id='line_1_53' title="bbox 153 4752 1001 4825; baseline -0.002 -17"><span class='ocrx_word' id='word_1_664' title='bbox 153 4755 276 4825; x_wconf 87' lang='lat' dir='ltr'><strong>liguram</strong></span> <span class='ocrx_word' id='word_1_665' title='bbox 291 4758 377 4825; x_wconf 88' lang='lat' dir='ltr'><strong>caput</strong></span> <span class='ocrx_word' id='word_1_666' title='bbox 400 4754 506 4807; x_wconf 87' lang='lat' dir='ltr'><strong>assolet</strong></span> <span class='ocrx_word' id='word_1_667' title='bbox 529 4753 650 4806; x_wconf 86' lang='lat' dir='ltr'><strong>arubire.</strong></span> <span class='ocrx_word' id='word_1_668' title='bbox 674 4752 813 4824; x_wconf 85' lang='lat' dir='ltr'><strong>Loquitur</strong></span> <span class='ocrx_word' id='word_1_669' title='bbox 831 4752 933 4806; x_wconf 86' lang='lat' dir='ltr'><strong>beatus</strong></span> <span class='ocrx_word' id='word_1_670' title='bbox 952 4753 1001 4806; x_wconf 85' lang='lat' dir='ltr'><strong>re-</strong></span> 
     </span>
     <span class='ocr_line' id='line_1_54' title="bbox 153 4841 1000 4915; baseline -0.004 -18"><span class='ocrx_word' id='word_1_671' title='bbox 153 4849 214 4906; x_wconf 88' lang='lat' dir='ltr'><strong>trus</strong></span> <span class='ocrx_word' id='word_1_672' title='bbox 239 4844 385 4915; x_wconf 89' lang='lat' dir='ltr'><strong>apostolus</strong></span> <span class='ocrx_word' id='word_1_673' title='bbox 408 4841 616 4896; x_wconf 86' lang='lat' dir='ltr'><strong>credentibus:</strong></span> <span class='ocrx_word' id='word_1_674' title='bbox 644 4843 695 4896; x_wconf 84' lang='lat' dir='ltr'><strong>Vos</strong></span> <span class='ocrx_word' id='word_1_675' title='bbox 719 4847 808 4895; x_wconf 86' lang='lat' dir='ltr'><strong>autem</strong></span> <span class='ocrx_word' id='word_1_676' title='bbox 831 4844 895 4895; x_wconf 80' lang='lat' dir='ltr'><strong>estis</strong></span> <span class='ocrx_word' id='word_1_677' title='bbox 918 4854 1000 4909; x_wconf 76' lang='lat' dir='ltr'><strong>penus</strong></span> 
     </span>
     <span class='ocr_line' id='line_1_55' title="bbox 153 4928 1000 4999; baseline -0.002 -16"><span class='ocrx_word' id='word_1_678' title='bbox 153 4932 275 4997; x_wconf 86' lang='lat' dir='ltr'><strong>electam,</strong></span> <span class='ocrx_word' id='word_1_679' title='bbox 305 4931 394 4999; x_wconf 82' lang='lat' dir='ltr'><strong>repnte</strong></span> <span class='ocrx_word' id='word_1_680' title='bbox 424 4931 605 4984; x_wconf 63' lang='lat' dir='ltr'><strong>sacedotium</strong></span> <span class='ocrx_word' id='word_1_681' title='bbox 641 4929 670 4999; x_wconf 87' lang='lat' dir='ltr'><strong>(l</strong></span> <span class='ocrx_word' id='word_1_682' title='bbox 694 4931 765 4984; x_wconf 87' lang='lat' dir='ltr'><strong>Pelr.</strong></span> <span class='ocrx_word' id='word_1_683' title='bbox 795 4946 825 4994; x_wconf 89' lang='grc' dir='ltr'><strong>ιι,</strong></span> <span class='ocrx_word' id='word_1_684' title='bbox 859 4931 896 4998; x_wconf 82' lang='grc'><strong>9).</strong></span> <span class='ocrx_word' id='word_1_685' title='bbox 919 4928 1000 4990; x_wconf 83' lang='lat' dir='ltr'><strong>Quod</strong></span> 
     </span>
     <span class='ocr_line' id='line_1_56' title="bbox 153 5019 1002 5088; baseline 0.002 -18"><span class='ocrx_word' id='word_1_686' title='bbox 153 5019 316 5088; x_wconf 80' lang='lat' dir='ltr'><strong>significare</strong></span> <span class='ocrx_word' id='word_1_687' title='bbox 339 5019 463 5071; x_wconf 86' lang='lat' dir='ltr'><strong>volentes</strong></span> <span class='ocrx_word' id='word_1_688' title='bbox 488 5020 583 5071; x_wconf 81' lang='lat' dir='ltr'><strong>clerici</strong></span> <span class='ocrx_word' id='word_1_689' title='bbox 613 5019 819 5082; x_wconf 77' lang='lat' dir='ltr'><strong>homanorum,</strong></span> <span class='ocrx_word' id='word_1_690' title='bbox 851 5019 909 5072; x_wconf 86' lang='lat' dir='ltr'><strong>sivo</strong></span> <span class='ocrx_word' id='word_1_691' title='bbox 932 5019 1002 5073; x_wconf 85' lang='lat' dir='ltr'><strong>Lali·</strong></span> 
     </span>
     <span class='ocr_line' id='line_1_57' title="bbox 154 5104 1000 5174; baseline 0.002 -14"><span class='ocrx_word' id='word_1_692' title='bbox 154 5121 269 5174; x_wconf 90' lang='lat' dir='ltr'><strong>norum,</strong></span> <span class='ocrx_word' id='word_1_693' title='bbox 290 5105 321 5159; x_wconf 92' lang='lat' dir='ltr'><strong>in</strong></span> <span class='ocrx_word' id='word_1_694' title='bbox 345 5104 456 5160; x_wconf 89' lang='lat' dir='ltr'><strong>verticis</strong></span> <span class='ocrx_word' id='word_1_695' title='bbox 482 5106 637 5159; x_wconf 89' lang='lat' dir='ltr'><strong>nudatione</strong></span> <span class='ocrx_word' id='word_1_696' title='bbox 660 5105 760 5161; x_wconf 82' lang='lat' dir='ltr'><strong>lbiarae</strong></span> <span class='ocrx_word' id='word_1_697' title='bbox 781 5106 1000 5162; x_wconf 89' lang='lat' dir='ltr'><strong>similitudinem</strong></span> 
     </span>
    </p>
   </div>
   <div class='ocr_carea' id='block_1_7' title="bbox 154 5256 1003 5545">
    <p class='ocr_par' dir='ltr' id='par_1_9' title="bbox 154 5256 1003 5545">
     <span class='ocr_line' id='line_1_58' title="bbox 155 5256 1002 5330; baseline 0.011 -22"><span class='ocrx_word' id='word_1_698' title='bbox 155 5270 218 5320; x_wconf 90' lang='lat' dir='ltr'><strong>nus,</strong></span> <span class='ocrx_word' id='word_1_699' title='bbox 235 5256 378 5320; x_wconf 83' lang='lat' dir='ltr'><strong>addetque</strong></span> <span class='ocrx_word' id='word_1_700' title='bbox 393 5256 421 5311; x_wconf 91' lang='lat' dir='ltr'><strong>id</strong></span> <span class='ocrx_word' id='word_1_701' title='bbox 442 5273 472 5310; x_wconf 89' lang='lat' dir='ltr'><strong>se</strong></span> <span class='ocrx_word' id='word_1_702' title='bbox 488 5272 545 5310; x_wconf 90' lang='lat' dir='ltr'><strong>nou</strong></span> <span class='ocrx_word' id='word_1_703' title='bbox 567 5257 672 5310; x_wconf 90' lang='lat' dir='ltr'><strong>idcirco</strong></span> <span class='ocrx_word' id='word_1_704' title='bbox 687 5258 820 5328; x_wconf 87' lang='lat' dir='ltr'><strong>scribere,</strong></span> <span class='ocrx_word' id='word_1_705' title='bbox 845 5261 920 5330; x_wconf 89' lang='lat' dir='ltr'><strong>quod</strong></span> <span class='ocrx_word' id='word_1_706' title='bbox 938 5278 1002 5316; x_wconf 90' lang='lat' dir='ltr'><strong>mo·</strong></span> 
     </span>
     <span class='ocr_line' id='line_1_59' title="bbox 154 5327 1001 5400; baseline 0.013 -23"><span class='ocrx_word' id='word_1_707' title='bbox 154 5339 215 5378; x_wconf 89' lang='lat' dir='ltr'><strong>rem</strong></span> <span class='ocrx_word' id='word_1_708' title='bbox 228 5327 308 5380; x_wconf 86' lang='lat' dir='ltr'><strong>illum</strong></span> <span class='ocrx_word' id='word_1_709' title='bbox 325 5329 444 5381; x_wconf 90' lang='lat' dir='ltr'><strong>omuino</strong></span> <span class='ocrx_word' id='word_1_710' title='bbox 459 5328 681 5396; x_wconf 89' lang='lat' dir='ltr'><strong>improbandum</strong></span> <span class='ocrx_word' id='word_1_711' title='bbox 695 5337 787 5400; x_wconf 89' lang='lat' dir='ltr'><strong>putet,</strong></span> <span class='ocrx_word' id='word_1_712' title='bbox 809 5334 856 5386; x_wconf 90' lang='lat' dir='ltr'><strong>sed</strong></span> <span class='ocrx_word' id='word_1_713' title='bbox 872 5339 905 5386; x_wconf 91' lang='lat' dir='ltr'><strong>ut</strong></span> <span class='ocrx_word' id='word_1_714' title='bbox 923 5334 1001 5387; x_wconf 77' lang='lat' dir='ltr'><strong>Gree-</strong></span> 
     </span>
     <span class='ocr_line' id='line_1_60' title="bbox 154 5396 1001 5468; baseline 0.013 -21"><span class='ocrx_word' id='word_1_715' title='bbox 154 5396 193 5448; x_wconf 88' lang='lat' dir='ltr'><strong>cis</strong></span> <span class='ocrx_word' id='word_1_716' title='bbox 222 5397 399 5468; x_wconf 78' lang='lat' dir='ltr'><strong>principibus</strong></span> <span class='ocrx_word' id='word_1_717' title='bbox 424 5399 567 5465; x_wconf 87' lang='lat' dir='ltr'><strong>ostendat,</strong></span> <span class='ocrx_word' id='word_1_718' title='bbox 600 5401 675 5468; x_wconf 88' lang='lat' dir='ltr'><strong>apud</strong></span> <span class='ocrx_word' id='word_1_719' title='bbox 705 5416 752 5453; x_wconf 88' lang='lat' dir='ltr'><strong>eos</strong></span> <span class='ocrx_word' id='word_1_720' title='bbox 776 5403 908 5457; x_wconf 87' lang='lat' dir='ltr'><strong>nonnihil</strong></span> <span class='ocrx_word' id='word_1_721' title='bbox 940 5420 1001 5459; x_wconf 88' lang='lat' dir='ltr'><strong>esse</strong></span> 
     </span>
     <span class='ocr_line' id='line_1_61' title="bbox 154 5467 1003 5545; baseline 0.013 -27"><span class='ocrx_word' id='word_1_722' title='bbox 154 5467 232 5536; x_wconf 91' lang='lat' dir='ltr'><strong>quod</strong></span> <span class='ocrx_word' id='word_1_723' title='bbox 246 5469 459 5537; x_wconf 85' lang='lat' dir='ltr'><strong>reprehendere</strong></span> <span class='ocrx_word' id='word_1_724' title='bbox 482 5468 594 5522; x_wconf 80' lang='lat' dir='ltr'><strong>facilius</strong></span> <span class='ocrx_word' id='word_1_725' title='bbox 615 5469 735 5539; x_wconf 89' lang='lat' dir='ltr'><strong>possint,</strong></span> <span class='ocrx_word' id='word_1_726' title='bbox 759 5488 845 5543; x_wconf 90' lang='lat' dir='ltr'><strong>quam</strong></span> <span class='ocrx_word' id='word_1_727' title='bbox 868 5474 942 5545; x_wconf 92' lang='lat' dir='ltr'><strong>quod</strong></span> <span class='ocrx_word' id='word_1_728' title='bbox 960 5480 1003 5529; x_wconf 90' lang='lat' dir='ltr'><strong>est</strong></span> 
     </span>
    </p>
   </div>
   <div class='ocr_carea' id='block_1_8' title="bbox 1055 4408 1911 4654">
    <p class='ocr_par' dir='ltr' id='par_1_10' title="bbox 1055 4408 1911 4654">
     <span class='ocr_line' id='line_1_62' title="bbox 1055 4408 1911 4481; baseline 0.002 -20"><span class='ocrx_word' id='word_1_729' title='bbox 1055 4408 1146 4462; x_wconf 89' lang='lat' dir='ltr'><strong>cimus</strong></span> <span class='ocrx_word' id='word_1_730' title='bbox 1159 4425 1166 4462; x_wconf 91' lang='lat'><strong>:</strong></span> <span class='ocrx_word' id='word_1_731' title='bbox 1177 4414 1206 4462; x_wconf 88' lang='lat' dir='ltr'><strong>et</strong></span> <span class='ocrx_word' id='word_1_732' title='bbox 1219 4408 1274 4462; x_wconf 91' lang='lat' dir='ltr'><strong>nisi</strong></span> <span class='ocrx_word' id='word_1_733' title='bbox 1294 4409 1389 4463; x_wconf 90' lang='lat' dir='ltr'><strong>minus</strong></span> <span class='ocrx_word' id='word_1_734' title='bbox 1411 4410 1598 4481; x_wconf 87' lang='lat' dir='ltr'><strong>prudentibus</strong></span> <span class='ocrx_word' id='word_1_735' title='bbox 1621 4408 1737 4479; x_wconf 89' lang='lat' dir='ltr'><strong>subrepi</strong></span> <span class='ocrx_word' id='word_1_736' title='bbox 1761 4425 1848 4479; x_wconf 91' lang='lat' dir='ltr'><strong>posse</strong></span> <span class='ocrx_word' id='word_1_737' title='bbox 1862 4426 1911 4463; x_wconf 90' lang='lat' dir='ltr'><strong>ar·</strong></span> 
     </span>
     <span class='ocr_line' id='line_1_63' title="bbox 1057 4496 1910 4569; baseline 0.001 -18"><span class='ocrx_word' id='word_1_738' title='bbox 1057 4496 1240 4562; x_wconf 85' lang='lat' dir='ltr'><strong>bitraremur,</strong></span> <span class='ocrx_word' id='word_1_739' title='bbox 1256 4498 1365 4551; x_wconf 88' lang='lat' dir='ltr'><strong>nullam</strong></span> <span class='ocrx_word' id='word_1_740' title='bbox 1385 4513 1419 4552; x_wconf 87' lang='lat' dir='ltr'><strong>ex</strong></span> <span class='ocrx_word' id='word_1_741' title='bbox 1434 4498 1488 4552; x_wconf 92' lang='lat' dir='ltr'><strong>hoc</strong></span> <span class='ocrx_word' id='word_1_742' title='bbox 1503 4498 1565 4551; x_wconf 89' lang='lat' dir='ltr'><strong>lieri</strong></span> <span class='ocrx_word' id='word_1_743' title='bbox 1584 4496 1779 4569; x_wconf 90' lang='lat' dir='ltr'><strong>responsionis</strong></span> <span class='ocrx_word' id='word_1_744' title='bbox 1802 4498 1910 4568; x_wconf 88' lang='lat' dir='ltr'><strong>dispu-</strong></span> 
     </span>
     <span class='ocr_line' id='line_1_64' title="bbox 1056 4583 1516 4654; baseline 0 -15"><span class='ocrx_word' id='word_1_745' title='bbox 1056 4583 1171 4639; x_wconf 85' lang='lat' dir='ltr'><strong>tationis</strong></span> <span class='ocrx_word' id='word_1_746' title='bbox 1182 4585 1290 4654; x_wconf 85' lang='lat' dir='ltr'><strong>justius</strong></span> <span class='ocrx_word' id='word_1_747' title='bbox 1305 4585 1516 4640; x_wconf 87' lang='lat' dir='ltr'><strong>decerneretur.</strong></span> 
     </span>
    </p>
   </div>
   <div class='ocr_carea' id='block_1_9' title="bbox 1397 4709 1574 4763">
    <p class='ocr_par' dir='ltr' id='par_1_11' title="bbox 1397 4709 1574 4763">
     <span class='ocr_line' id='line_1_65' title="bbox 1397 4709 1574 4763; baseline -0.011 0"><span class='ocrx_word' id='word_1_748' title='bbox 1397 4709 1509 4763; x_wconf 73' lang='lat' dir='ltr'><strong>CAPUT</strong></span> <span class='ocrx_word' id='word_1_749' title='bbox 1529 4709 1574 4763; x_wconf 84' lang='lat' dir='ltr'><strong>vt.</strong></span> 
     </span>
    </p>
   </div>
   <div class='ocr_carea' id='block_1_10' title="bbox 1055 4814 1911 4969">
    <p class='ocr_par' dir='ltr' id='par_1_12' title="bbox 1055 4814 1911 4969">
     <span class='ocr_line' id='line_1_66' title="bbox 1055 4814 1911 4884; baseline 0 -14"><span class='ocrx_word' id='word_1_750' title='bbox 1055 4814 1199 4870; x_wconf 78' lang='lat' dir='ltr'><strong>delibatas</strong></span> <span class='ocrx_word' id='word_1_751' title='bbox 1223 4815 1380 4869; x_wconf 86' lang='lat' dir='ltr'><strong>clericorum</strong></span> <span class='ocrx_word' id='word_1_752' title='bbox 1403 4820 1599 4884; x_wconf 76' lang='lat' dir='ltr'><strong>propugnatur</strong></span> <span class='ocrx_word' id='word_1_753' title='bbox 1628 4815 1758 4869; x_wconf 83' lang='lat' dir='ltr'><strong>adsersus</strong></span> <span class='ocrx_word' id='word_1_754' title='bbox 1787 4816 1911 4870; x_wconf 77' lang='lat' dir='ltr'><strong>Granis.</strong></span> 
     </span>
     <span class='ocr_line' id='line_1_67' title="bbox 1091 4903 1870 4969; baseline -0.003 -10"><span class='ocrx_word' id='word_1_755' title='bbox 1091 4903 1233 4959; x_wconf 84' lang='lat' dir='ltr'><strong>Coelibotus</strong></span> <span class='ocrx_word' id='word_1_756' title='bbox 1248 4904 1404 4957; x_wconf 85' lang='lat' dir='ltr'><strong>clericorum</strong></span> <span class='ocrx_word' id='word_1_757' title='bbox 1413 4904 1517 4969; x_wconf 80' lang='lat' dir='ltr'><strong>lapibus</strong></span> <span class='ocrx_word' id='word_1_758' title='bbox 1527 4905 1870 4958; x_wconf 84' lang='lat' dir='ltr'><strong>ecclesiasticiscsseritar.</strong></span> 
     </span>
    </p>
   </div>
   <div class='ocr_carea' id='block_1_11' title="bbox 1055 5014 1914 5186">
    <p class='ocr_par' dir='ltr' id='par_1_13' title="bbox 1055 5014 1914 5186">
     <span class='ocr_line' id='line_1_68' title="bbox 1092 5014 1911 5097; baseline 0.002 -19"><span class='ocrx_word' id='word_1_759' title='bbox 1092 5025 1172 5078; x_wconf 85' lang='lat' dir='ltr'><strong>Nunc</strong></span> <span class='ocrx_word' id='word_1_760' title='bbox 1185 5023 1253 5077; x_wconf 91' lang='lat' dir='ltr'><strong>illud</strong></span> <span class='ocrx_word' id='word_1_761' title='bbox 1270 5025 1511 5080; x_wconf 89' lang='lat' dir='ltr'><strong>considerandum</strong></span> <span class='ocrx_word' id='word_1_762' title='bbox 1532 5014 1608 5097; x_wconf 82' lang='lat' dir='ltr'><strong>quod</strong></span> <span class='ocrx_word' id='word_1_763' title='bbox 1633 5026 1774 5096; x_wconf 73' lang='lat' dir='ltr'><strong>obiiciunt</strong></span> <span class='ocrx_word' id='word_1_764' title='bbox 1798 5026 1911 5081; x_wconf 85' lang='lat' dir='ltr'><strong>Roma·</strong></span> 
     </span>
     <span class='ocr_line' id='line_1_69' title="bbox 1055 5112 1914 5186; baseline 0.002 -20"><span class='ocrx_word' id='word_1_765' title='bbox 1055 5128 1106 5166; x_wconf 92' lang='lat' dir='ltr'><strong>nos</strong></span> <span class='ocrx_word' id='word_1_766' title='bbox 1125 5112 1242 5183; x_wconf 90' lang='lat' dir='ltr'><strong>nuptias</strong></span> <span class='ocrx_word' id='word_1_767' title='bbox 1266 5112 1413 5180; x_wconf 89' lang='lat' dir='ltr'><strong>damnare,</strong></span> <span class='ocrx_word' id='word_1_768' title='bbox 1442 5113 1580 5184; x_wconf 90' lang='lat' dir='ltr'><strong>quoniam</strong></span> <span class='ocrx_word' id='word_1_769' title='bbox 1606 5114 1778 5186; x_wconf 83' lang='lat' dir='ltr'><strong>presbyteris</strong></span> <span class='ocrx_word' id='word_1_770' title='bbox 1803 5126 1914 5168; x_wconf 81' lang='lat' dir='ltr'><strong>uxores</strong></span> 
     </span>
    </p>
   </div>
   <div class='ocr_carea' id='block_1_12' title="bbox 1055 5265 1914 5411">
    <p class='ocr_par' dir='ltr' id='par_1_14' title="bbox 1055 5265 1914 5411">
     <span class='ocr_line' id='line_1_70' title="bbox 1056 5265 1910 5339; baseline 0.006 -20"><span class='ocrx_word' id='word_1_771' title='bbox 1056 5265 1132 5336; x_wconf 90' lang='lat' dir='ltr'><strong>apud</strong></span> <span class='ocrx_word' id='word_1_772' title='bbox 1151 5265 1264 5320; x_wconf 87' lang='lat' dir='ltr'><strong>Latinos</strong></span> <span class='ocrx_word' id='word_1_773' title='bbox 1278 5272 1447 5338; x_wconf 90' lang='lat' dir='ltr'><strong>usurpatum</strong></span> <span class='ocrx_word' id='word_1_774' title='bbox 1459 5288 1467 5335; x_wconf 81' lang='lat'><em>3</em></span> <span class='ocrx_word' id='word_1_775' title='bbox 1481 5268 1559 5329; x_wconf 85' lang='lat' dir='ltr'><strong>satis,</strong></span> <span class='ocrx_word' id='word_1_776' title='bbox 1577 5285 1641 5323; x_wconf 87' lang='lat' dir='ltr'><strong>mea</strong></span> <span class='ocrx_word' id='word_1_777' title='bbox 1656 5269 1773 5339; x_wconf 83' lang='lat' dir='ltr'><strong>quidem</strong></span> <span class='ocrx_word' id='word_1_778' title='bbox 1790 5275 1910 5324; x_wconf 87' lang='lat' dir='ltr'><strong>senten·</strong></span> 
     </span>
     <span class='ocr_line' id='line_1_71' title="bbox 1055 5337 1914 5411; baseline 0.006 -22"><span class='ocrx_word' id='word_1_779' title='bbox 1055 5337 1104 5401; x_wconf 90' lang='lat' dir='ltr'><strong>tia,</strong></span> <span class='ocrx_word' id='word_1_780' title='bbox 1120 5337 1244 5391; x_wconf 86' lang='lat' dir='ltr'><strong>osteudrt</strong></span> <span class='ocrx_word' id='word_1_781' title='bbox 1260 5338 1290 5391; x_wconf 92' lang='lat' dir='ltr'><strong>in</strong></span> <span class='ocrx_word' id='word_1_782' title='bbox 1304 5340 1349 5392; x_wconf 91' lang='lat' dir='ltr'><strong>his</strong></span> <span class='ocrx_word' id='word_1_783' title='bbox 1362 5341 1529 5407; x_wconf 86' lang='lat' dir='ltr'><strong>regionibus</strong></span> <span class='ocrx_word' id='word_1_784' title='bbox 1544 5340 1597 5393; x_wconf 93' lang='lat' dir='ltr'><strong>hoc</strong></span> <span class='ocrx_word' id='word_1_785' title='bbox 1621 5342 1705 5392; x_wconf 87' lang='lat' dir='ltr'><strong>vestis</strong></span> <span class='ocrx_word' id='word_1_786' title='bbox 1720 5357 1829 5411; x_wconf 82' lang='lat' dir='ltr'><strong>gauere</strong></span> <span class='ocrx_word' id='word_1_787' title='bbox 1852 5357 1914 5411; x_wconf 89' lang='lat' dir='ltr'><strong>quo</strong></span> 
     </span>
    </p>
   </div>
   <div class='ocr_carea' id='block_1_13' title="bbox 1055 5410 1914 5532">
    <p class='ocr_par' dir='ltr' id='par_1_15' title="bbox 1055 5410 1914 5532">
     <span class='ocr_line' id='line_1_72' title="bbox 1055 5410 1914 5530; baseline 0.006 -70"><span class='ocrx_word' id='word_1_788' title='bbox 1055 5421 1132 5530; x_wconf 76' lang='lat' dir='ltr'><strong>punc</strong></span> <span class='ocrx_word' id='word_1_789' title='bbox 1171 5415 1302 5474; x_wconf 89' lang='lat' dir='ltr'><strong>utuntur,</strong></span> <span class='ocrx_word' id='word_1_790' title='bbox 1337 5413 1494 5464; x_wconf 88' lang='lat' dir='ltr'><strong>monachos</strong></span> <span class='ocrx_word' id='word_1_791' title='bbox 1527 5426 1585 5464; x_wconf 75' lang='lat' dir='ltr'><strong>sua</strong></span> <span class='ocrx_word' id='word_1_792' title='bbox 1623 5410 1715 5464; x_wconf 78' lang='lat' dir='ltr'><strong>aetatis</strong></span> <span class='ocrx_word' id='word_1_793' title='bbox 1747 5428 1817 5466; x_wconf 88' lang='lat' dir='ltr'><strong>usos</strong></span> <span class='ocrx_word' id='word_1_794' title='bbox 1851 5427 1914 5466; x_wconf 90' lang='lat' dir='ltr'><strong>non</strong></span> 
     </span>
     <span class='ocr_line' id='line_1_73' title="bbox 1069 5492 1152 5532; baseline -0.012 0"><span class='ocrx_word' id='word_1_795' title='bbox 1069 5492 1152 5532; x_wconf 82' lang='lat' dir='ltr'><strong>uisse.</strong></span> 
     </span>
    </p>
   </div>
   <div class='ocr_carea' id='block_1_14' title="bbox 0 0 1979 6098">
    <p class='ocr_par' dir='ltr' id='par_1_16' title="bbox 0 0 1979 6098">
     <span class='ocr_line' id='line_1_74' title="bbox 0 0 1979 6098; baseline 0 0"><span class='ocrx_word' id='word_1_796' title='bbox 0 0 1979 6098; x_wconf 95' lang='lat' dir='ltr'><strong> </strong></span> 
     </span>
    </p>
   </div>
  </div>
 </body>
</html>
