<?xml version="1.0" encoding="UTF-8"?>
<!DOCTYPE html PUBLIC "-//W3C//DTD XHTML 1.0 Transitional//EN"
    "http://www.w3.org/TR/xhtml1/DTD/xhtml1-transitional.dtd">
<html xmlns="http://www.w3.org/1999/xhtml" xml:lang="en" lang="en">
 <head>
  <title>
</title>
<meta http-equiv="Content-Type" content="text/html;charset=utf-8" />
  <meta name='ocr-system' content='tesseract 3.04.00' />
  <meta name='ocr-capabilities' content='ocr_page ocr_carea ocr_par ocr_line ocrx_word'/>
</head>
<body>
  <div class='ocr_page' id='page_1' title='image "./patrologiaecurs04unkngoog/patrologiaecurs04unkngoog_0470.png"; bbox 0 0 3930 6098; ppageno 0'>
   <div class='ocr_carea' id='block_1_1' title="bbox 106 232 1849 290">
    <p class='ocr_par' dir='ltr' id='par_1_1' title="bbox 106 232 1849 290">
     <span class='ocr_line' id='line_1_1' title="bbox 106 232 1849 290; baseline 0.001 -2"><span class='ocrx_word' id='word_1_1' title='bbox 106 236 158 289; x_wconf 79' lang='lat'><strong>895</strong></span> <span class='ocrx_word' id='word_1_2' title='bbox 674 233 846 290; x_wconf 71' lang='lat' dir='ltr'><strong>detentui</strong></span> <span class='ocrx_word' id='word_1_3' title='bbox 867 232 1124 290; x_wconf 72' lang='lat' dir='ltr'><strong>seuuettttttffls</strong></span> <span class='ocrx_word' id='word_1_4' title='bbox 1141 233 1290 290; x_wconf 79' lang='lat' dir='ltr'><strong>aeneus</strong></span> <span class='ocrx_word' id='word_1_5' title='bbox 1803 234 1849 289; x_wconf 79' lang='lat' dir='ltr'><strong>eut</strong></span> 
     </span>
    </p>
   </div>
   <div class='ocr_carea' id='block_1_2' title="bbox 102 360 1849 1145">
    <p class='ocr_par' dir='ltr' id='par_1_2' title="bbox 102 360 1849 1145">
     <span class='ocr_line' id='line_1_2' title="bbox 107 360 1848 434; baseline 0 -17"><span class='ocrx_word' id='word_1_6' title='bbox 107 367 205 418; x_wconf 90' lang='lat' dir='ltr'><strong>nostra</strong></span> <span class='ocrx_word' id='word_1_7' title='bbox 227 362 354 429; x_wconf 85' lang='lat' dir='ltr'><strong>detorsit,</strong></span> <span class='ocrx_word' id='word_1_8' title='bbox 368 366 397 418; x_wconf 93' lang='lat' dir='ltr'><strong>et</strong></span> <span class='ocrx_word' id='word_1_9' title='bbox 415 362 587 418; x_wconf 87' lang='lat' dir='ltr'><strong>resurrectio</strong></span> <span class='ocrx_word' id='word_1_10' title='bbox 611 363 694 418; x_wconf 91' lang='lat' dir='ltr'><strong>uobis</strong></span> <span class='ocrx_word' id='word_1_11' title='bbox 716 362 951 433; x_wconf 83' lang='lat' dir='ltr'><strong>justificationem</strong></span> <span class='ocrx_word' id='word_1_12' title='bbox 970 363 1129 419; x_wconf 80' lang='lat' dir='ltr'><strong>Amortuis</strong></span> <span class='ocrx_word' id='word_1_13' title='bbox 1152 363 1318 419; x_wconf 86' lang='lat' dir='ltr'><strong>resurrexit.</strong></span> <span class='ocrx_word' id='word_1_14' title='bbox 1336 362 1358 418; x_wconf 89' lang='lat'>0</span> <span class='ocrx_word' id='word_1_15' title='bbox 1380 365 1503 429; x_wconf 88' lang='lat' dir='ltr'><strong>noctem,</strong></span> <span class='ocrx_word' id='word_1_16' title='bbox 1531 377 1598 434; x_wconf 81' lang='lat' dir='ltr'><strong>quae</strong></span> <span class='ocrx_word' id='word_1_17' title='bbox 1621 360 1713 417; x_wconf 86' lang='lat' dir='ltr'><strong>finem</strong></span> <span class='ocrx_word' id='word_1_18' title='bbox 1734 361 1848 417; x_wconf 85' lang='lat' dir='ltr'><strong>tenebris</strong></span> 
     </span>
     <span class='ocr_line' id='line_1_3' title="bbox 107 448 1849 524; baseline 0 -18"><span class='ocrx_word' id='word_1_19' title='bbox 107 452 244 507; x_wconf 84' lang='lat' dir='ltr'><strong>exhihuit.</strong></span> <span class='ocrx_word' id='word_1_20' title='bbox 260 453 313 507; x_wconf 87' lang='lat' dir='ltr'><strong>Per</strong></span> <span class='ocrx_word' id='word_1_21' title='bbox 331 467 418 522; x_wconf 89' lang='lat' dir='ltr'><strong>quem</strong></span> <span class='ocrx_word' id='word_1_22' title='bbox 437 455 516 506; x_wconf 89' lang='lat' dir='ltr'><strong>tuem</strong></span> <span class='ocrx_word' id='word_1_23' title='bbox 538 451 675 523; x_wconf 83' lang='lat' dir='ltr'><strong>pietatem</strong></span> <span class='ocrx_word' id='word_1_24' title='bbox 695 452 838 523; x_wconf 86' lang='lat' dir='ltr'><strong>supplices</strong></span> <span class='ocrx_word' id='word_1_25' title='bbox 853 468 955 506; x_wconf 85' lang='lat' dir='ltr'><strong>exora·</strong></span> <span class='ocrx_word' id='word_1_26' title='bbox 1009 451 1102 524; x_wconf 88' lang='lat' dir='ltr'><strong>ponit,</strong></span> <span class='ocrx_word' id='word_1_27' title='bbox 1123 457 1151 507; x_wconf 92' lang='lat' dir='ltr'><strong>et</strong></span> <span class='ocrx_word' id='word_1_28' title='bbox 1172 456 1286 507; x_wconf 75' lang='lat' dir='ltr'><strong>eterne</strong></span> <span class='ocrx_word' id='word_1_29' title='bbox 1307 449 1378 506; x_wconf 92' lang='lat' dir='ltr'><strong>lucis</strong></span> <span class='ocrx_word' id='word_1_30' title='bbox 1401 449 1477 505; x_wconf 85' lang='lat' dir='ltr'><strong>viam</strong></span> <span class='ocrx_word' id='word_1_31' title='bbox 1500 448 1618 521; x_wconf 78' lang='lat' dir='ltr'><strong>pandit!</strong></span> <span class='ocrx_word' id='word_1_32' title='bbox 1647 455 1849 521; x_wconf 78' lang='lat' dir='ltr'><strong>noctemque</strong></span> 
     </span>
     <span class='ocr_line' id='line_1_4' title="bbox 107 539 1848 612; baseline -0.001 -17"><span class='ocrx_word' id='word_1_33' title='bbox 107 557 170 595; x_wconf 89' lang='lat' dir='ltr'><strong>mus</strong></span> <span class='ocrx_word' id='word_1_34' title='bbox 196 545 228 594; x_wconf 95' lang='lat' dir='ltr'><strong>ut</strong></span> <span class='ocrx_word' id='word_1_35' title='bbox 247 540 286 593; x_wconf 87' lang='lat' dir='ltr'><strong>sic</strong></span> <span class='ocrx_word' id='word_1_36' title='bbox 305 556 357 594; x_wconf 91' lang='lat' dir='ltr'><strong>nos</strong></span> <span class='ocrx_word' id='word_1_37' title='bbox 374 539 493 594; x_wconf 90' lang='lat' dir='ltr'><strong>hodiea</strong></span> <span class='ocrx_word' id='word_1_38' title='bbox 514 541 637 612; x_wconf 88' lang='lat' dir='ltr'><strong>peccatis</strong></span> <span class='ocrx_word' id='word_1_39' title='bbox 661 542 813 609; x_wconf 85' lang='lat' dir='ltr'><strong>emacules,</strong></span> <span class='ocrx_word' id='word_1_40' title='bbox 835 547 867 595; x_wconf 93' lang='lat' dir='ltr'><strong>ut</strong></span> <span class='ocrx_word' id='word_1_41' title='bbox 894 557 956 595; x_wconf 88' lang='lat' dir='ltr'><strong>cres</strong></span> <span class='ocrx_word' id='word_1_42' title='bbox 1009 541 1106 596; x_wconf 83' lang='lat' dir='ltr'><strong>videre</strong></span> <span class='ocrx_word' id='word_1_43' title='bbox 1122 541 1237 608; x_wconf 87' lang='lat' dir='ltr'><strong>meruit,</strong></span> <span class='ocrx_word' id='word_1_44' title='bbox 1255 547 1284 595; x_wconf 86' lang='lat' dir='ltr'><strong>et</strong></span> <span class='ocrx_word' id='word_1_45' title='bbox 1298 539 1373 596; x_wconf 83' lang='lat' dir='ltr'><strong>vinci</strong></span> <span class='ocrx_word' id='word_1_46' title='bbox 1389 540 1544 605; x_wconf 86' lang='lat' dir='ltr'><strong>diabolum,</strong></span> <span class='ocrx_word' id='word_1_47' title='bbox 1564 544 1592 594; x_wconf 87' lang='lat' dir='ltr'><strong>et</strong></span> <span class='ocrx_word' id='word_1_48' title='bbox 1614 554 1767 609; x_wconf 76' lang='lat' dir='ltr'><strong>resurgere</strong></span> <span class='ocrx_word' id='word_1_49' title='bbox 1781 540 1848 594; x_wconf 82' lang='lat' dir='ltr'><strong>Chri</strong></span> 
     </span>
     <span class='ocr_line' id='line_1_5' title="bbox 106 627 1846 700; baseline 0 -18"><span class='ocrx_word' id='word_1_50' title='bbox 106 627 274 683; x_wconf 85' lang='lat' dir='ltr'><strong>venerahilis</strong></span> <span class='ocrx_word' id='word_1_51' title='bbox 304 628 397 683; x_wconf 89' lang='lat' dir='ltr'><strong>carnis</strong></span> <span class='ocrx_word' id='word_1_52' title='bbox 425 628 546 698; x_wconf 80' lang='lat' dir='ltr'>dapibus</span> <span class='ocrx_word' id='word_1_53' title='bbox 573 629 681 697; x_wconf 84' lang='lat' dir='ltr'><strong>seties;</strong></span> <span class='ocrx_word' id='word_1_54' title='bbox 710 628 796 684; x_wconf 92' lang='lat' dir='ltr'><strong>hodie</strong></span> <span class='ocrx_word' id='word_1_55' title='bbox 827 634 956 700; x_wconf 85' lang='lat' dir='ltr'><strong>acceptes</strong></span> <span class='ocrx_word' id='word_1_56' title='bbox 1009 628 1099 684; x_wconf 91' lang='lat' dir='ltr'><strong>stuml</strong></span> <span class='ocrx_word' id='word_1_57' title='bbox 1123 630 1145 685; x_wconf 94' lang='lat'>0</span> <span class='ocrx_word' id='word_1_58' title='bbox 1167 634 1290 696; x_wconf 86' lang='lat' dir='ltr'><strong>noctem,</strong></span> <span class='ocrx_word' id='word_1_59' title='bbox 1309 629 1340 683; x_wconf 90' lang='lat' dir='ltr'><strong>in</strong></span> <span class='ocrx_word' id='word_1_60' title='bbox 1367 644 1424 700; x_wconf 87' lang='lat' dir='ltr'><strong>qua</strong></span> <span class='ocrx_word' id='word_1_61' title='bbox 1443 634 1550 683; x_wconf 79' lang='lat' dir='ltr'><strong>tartare</strong></span> <span class='ocrx_word' id='word_1_62' title='bbox 1574 627 1748 697; x_wconf 81' lang='lat' dir='ltr'><strong>spoliantur,</strong></span> <span class='ocrx_word' id='word_1_63' title='bbox 1769 629 1846 682; x_wconf 86' lang='lat' dir='ltr'><strong>sancti</strong></span> 
     </span>
     <span class='ocr_line' id='line_1_6' title="bbox 105 716 1843 788; baseline -0.001 -17"><span class='ocrx_word' id='word_1_64' title='bbox 105 716 313 771; x_wconf 79' lang='lat' dir='ltr'><strong>contessionem</strong></span> <span class='ocrx_word' id='word_1_65' title='bbox 342 721 505 771; x_wconf 88' lang='lat' dir='ltr'><strong>nostrorum</strong></span> <span class='ocrx_word' id='word_1_66' title='bbox 531 717 741 788; x_wconf 84' lang='lat' dir='ltr'>peccaminum,</span> <span class='ocrx_word' id='word_1_67' title='bbox 764 722 793 772; x_wconf 87' lang='lat' dir='ltr'><strong>ct</strong></span> <span class='ocrx_word' id='word_1_68' title='bbox 813 733 875 772; x_wconf 86' lang='lat' dir='ltr'><strong>cres</strong></span> <span class='ocrx_word' id='word_1_69' title='bbox 901 718 953 772; x_wconf 92' lang='lat' dir='ltr'><strong>tri·</strong></span> <span class='ocrx_word' id='word_1_70' title='bbox 1008 719 1045 774; x_wconf 88' lang='lat' dir='ltr'><strong>eh</strong></span> <span class='ocrx_word' id='word_1_71' title='bbox 1058 718 1334 784; x_wconf 86' lang='lat' dir='ltr'><strong>inlerisliherentur,</strong></span> <span class='ocrx_word' id='word_1_72' title='bbox 1349 717 1472 772; x_wconf 82' lang='lat' dir='ltr'><strong>eoelestis</strong></span> <span class='ocrx_word' id='word_1_73' title='bbox 1486 717 1587 788; x_wconf 78' lang='lat' dir='ltr'><strong>patriae</strong></span> <span class='ocrx_word' id='word_1_74' title='bbox 1599 716 1697 771; x_wconf 82' lang='lat' dir='ltr'><strong>aditus</strong></span> <span class='ocrx_word' id='word_1_75' title='bbox 1713 717 1843 786; x_wconf 84' lang='lat' dir='ltr'><strong>aperitur!</strong></span> 
     </span>
     <span class='ocr_line' id='line_1_7' title="bbox 106 804 1844 879; baseline 0 -20"><span class='ocrx_word' id='word_1_76' title='bbox 106 805 177 859; x_wconf 83' lang='lat' dir='ltr'><strong>huns</strong></span> <span class='ocrx_word' id='word_1_77' title='bbox 202 805 396 875; x_wconf 77' lang='lat' dir='ltr'><strong>spiritualium</strong></span> <span class='ocrx_word' id='word_1_78' title='bbox 421 805 599 861; x_wconf 88' lang='lat' dir='ltr'><strong>incrementa</strong></span> <span class='ocrx_word' id='word_1_79' title='bbox 620 804 763 860; x_wconf 91' lang='lat' dir='ltr'><strong>donorum</strong></span> <span class='ocrx_word' id='word_1_80' title='bbox 784 822 791 861; x_wconf 75' lang='grc' dir='ltr'>ε</span> <span class='ocrx_word' id='word_1_81' title='bbox 812 806 897 861; x_wconf 90' lang='lat' dir='ltr'><strong>hodie</strong></span> <span class='ocrx_word' id='word_1_82' title='bbox 914 807 956 879; x_wconf 82' lang='lat' dir='ltr'><strong>J‘e·</strong></span> <span class='ocrx_word' id='word_1_83' title='bbox 1009 808 1030 863; x_wconf 94' lang='lat'>0</span> <span class='ocrx_word' id='word_1_84' title='bbox 1051 812 1173 874; x_wconf 91' lang='lat' dir='ltr'><strong>noctem,</strong></span> <span class='ocrx_word' id='word_1_85' title='bbox 1196 807 1227 863; x_wconf 92' lang='lat' dir='ltr'><strong>in</strong></span> <span class='ocrx_word' id='word_1_86' title='bbox 1247 823 1304 878; x_wconf 90' lang='lat' dir='ltr'><strong>qua</strong></span> <span class='ocrx_word' id='word_1_87' title='bbox 1326 807 1356 861; x_wconf 91' lang='lat' dir='ltr'><strong>in</strong></span> <span class='ocrx_word' id='word_1_88' title='bbox 1379 806 1551 876; x_wconf 85' lang='lat' dir='ltr'><strong>baptismate</strong></span> <span class='ocrx_word' id='word_1_89' title='bbox 1575 805 1750 860; x_wconf 89' lang='lat' dir='ltr'><strong>delictorum</strong></span> <span class='ocrx_word' id='word_1_90' title='bbox 1772 805 1844 859; x_wconf 85' lang='lat' dir='ltr'><strong>turbe</strong></span> 
     </span>
     <span class='ocr_line' id='line_1_8' title="bbox 102 893 1844 968; baseline 0.001 -22"><span class='ocrx_word' id='word_1_91' title='bbox 102 893 250 964; x_wconf 88' lang='lat' dir='ltr'><strong>juniorum</strong></span> <span class='ocrx_word' id='word_1_92' title='bbox 272 898 437 948; x_wconf 87' lang='lat' dir='ltr'><strong>nostrorum</strong></span> <span class='ocrx_word' id='word_1_93' title='bbox 456 899 523 948; x_wconf 85' lang='lat' dir='ltr'><strong>vota</strong></span> <span class='ocrx_word' id='word_1_94' title='bbox 545 893 693 964; x_wconf 88' lang='lat' dir='ltr'><strong>suscipias,</strong></span> <span class='ocrx_word' id='word_1_95' title='bbox 713 899 741 949; x_wconf 89' lang='lat' dir='ltr'><strong>et</strong></span> <span class='ocrx_word' id='word_1_96' title='bbox 761 911 822 949; x_wconf 90' lang='lat' dir='ltr'><strong>cras</strong></span> <span class='ocrx_word' id='word_1_97' title='bbox 843 911 896 950; x_wconf 88' lang='lat' dir='ltr'><strong>nos</strong></span> <span class='ocrx_word' id='word_1_98' title='bbox 919 896 954 951; x_wconf 92' lang='lat' dir='ltr'><strong>ed</strong></span> <span class='ocrx_word' id='word_1_99' title='bbox 1008 896 1170 968; x_wconf 80' lang='lat' dir='ltr'><strong>perimitur,</strong></span> <span class='ocrx_word' id='word_1_100' title='bbox 1187 895 1240 951; x_wconf 84' lang='lat' dir='ltr'><strong>lilii</strong></span> <span class='ocrx_word' id='word_1_101' title='bbox 1258 896 1329 950; x_wconf 89' lang='lat' dir='ltr'><strong>lucis</strong></span> <span class='ocrx_word' id='word_1_102' title='bbox 1347 895 1490 950; x_wconf 89' lang='lat' dir='ltr'><strong>oriuntur.</strong></span> <span class='ocrx_word' id='word_1_103' title='bbox 1510 894 1585 960; x_wconf 80' lang='lat' dir='ltr'><strong>Quos</strong></span> <span class='ocrx_word' id='word_1_104' title='bbox 1605 893 1739 964; x_wconf 83' lang='lat' dir='ltr'><strong>exemplo</strong></span> <span class='ocrx_word' id='word_1_105' title='bbox 1760 894 1844 948; x_wconf 82' lang='lat' dir='ltr'><strong>homi-</strong></span> 
     </span>
     <span class='ocr_line' id='line_1_9' title="bbox 105 981 1844 1056; baseline 0 -21"><span class='ocrx_word' id='word_1_106' title='bbox 105 981 302 1036; x_wconf 76' lang='lat' dir='ltr'><strong>sacratissime</strong></span> <span class='ocrx_word' id='word_1_107' title='bbox 317 982 410 1036; x_wconf 89' lang='lat' dir='ltr'><strong>carnis</strong></span> <span class='ocrx_word' id='word_1_108' title='bbox 424 982 588 1037; x_wconf 85' lang='lat' dir='ltr'><strong>convivium</strong></span> <span class='ocrx_word' id='word_1_109' title='bbox 603 982 778 1038; x_wconf 89' lang='lat' dir='ltr'><strong>introduces.</strong></span> <span class='ocrx_word' id='word_1_110' title='bbox 796 985 849 1038; x_wconf 83' lang='lat' dir='ltr'><strong>Per</strong></span> <span class='ocrx_word' id='word_1_111' title='bbox 867 1000 954 1056; x_wconf 90' lang='lat' dir='ltr'><strong>quem</strong></span> <span class='ocrx_word' id='word_1_112' title='bbox 1008 985 1081 1040; x_wconf 74' lang='lat' dir='ltr'><strong>nicae</strong></span> <span class='ocrx_word' id='word_1_113' title='bbox 1102 984 1203 1040; x_wconf 88' lang='lat' dir='ltr'><strong>metris</strong></span> <span class='ocrx_word' id='word_1_114' title='bbox 1227 984 1333 1052; x_wconf 81' lang='lat' dir='ltr'><strong>llariae,</strong></span> <span class='ocrx_word' id='word_1_115' title='bbox 1353 984 1415 1038; x_wconf 87' lang='lat' dir='ltr'><strong>sino</strong></span> <span class='ocrx_word' id='word_1_116' title='bbox 1434 982 1620 1054; x_wconf 80' lang='lat' dir='ltr'><strong>corruptione</strong></span> <span class='ocrx_word' id='word_1_117' title='bbox 1643 987 1744 1036; x_wconf 86' lang='lat' dir='ltr'><strong>sancta</strong></span> <span class='ocrx_word' id='word_1_118' title='bbox 1766 988 1844 1035; x_wconf 81' lang='lat' dir='ltr'><strong>mater</strong></span> 
     </span>
     <span class='ocr_line' id='line_1_10' title="bbox 105 1069 1842 1145; baseline -0.001 -20"><span class='ocrx_word' id='word_1_119' title='bbox 105 1069 299 1141; x_wconf 85' lang='lat' dir='ltr'><strong>majestatem.</strong></span> <span class='ocrx_word' id='word_1_120' title='bbox 1008 1074 1132 1129; x_wconf 82' lang='lat' dir='ltr'><strong>Ecclesia</strong></span> <span class='ocrx_word' id='word_1_121' title='bbox 1152 1073 1286 1145; x_wconf 90' lang='lat' dir='ltr'><strong>concipit,</strong></span> <span class='ocrx_word' id='word_1_122' title='bbox 1301 1074 1362 1127; x_wconf 90' lang='lat' dir='ltr'><strong>sine</strong></span> <span class='ocrx_word' id='word_1_123' title='bbox 1384 1072 1481 1127; x_wconf 89' lang='lat' dir='ltr'><strong>dolore</strong></span> <span class='ocrx_word' id='word_1_124' title='bbox 1503 1070 1588 1143; x_wconf 89' lang='lat' dir='ltr'><strong>parit,</strong></span> <span class='ocrx_word' id='word_1_125' title='bbox 1612 1072 1641 1126; x_wconf 88' lang='lat' dir='ltr'><strong>et</strong></span> <span class='ocrx_word' id='word_1_126' title='bbox 1664 1086 1731 1125; x_wconf 89' lang='lat' dir='ltr'><strong>cum</strong></span> <span class='ocrx_word' id='word_1_127' title='bbox 1754 1070 1842 1142; x_wconf 89' lang='lat' dir='ltr'><strong>gaudio</strong></span> 
     </span>
    </p>
   </div>
   <div class='ocr_carea' id='block_1_3' title="bbox 142 1161 1554 1333">
    <p class='ocr_par' dir='ltr' id='par_1_3' title="bbox 142 1161 1554 1333">
     <span class='ocr_line' id='line_1_11' title="bbox 299 1161 1473 1232; baseline 0.003 -22"><span class='ocrx_word' id='word_1_128' title='bbox 299 1171 395 1211; x_wconf 83' lang='lat' dir='ltr'><strong>reem</strong></span> <span class='ocrx_word' id='word_1_129' title='bbox 416 1171 435 1209; x_wconf 83' lang='lat' dir='ltr'>v</span> <span class='ocrx_word' id='word_1_130' title='bbox 459 1171 491 1211; x_wconf 83' lang='lat' dir='ltr'><strong>iu</strong></span> <span class='ocrx_word' id='word_1_131' title='bbox 514 1170 610 1212; x_wconf 77' lang='lat' dir='ltr'><strong>comm</strong></span> <span class='ocrx_word' id='word_1_132' title='bbox 633 1170 760 1212; x_wconf 81' lang='lat' dir='ltr'><strong>neuim.</strong></span> <span class='ocrx_word' id='word_1_133' title='bbox 1008 1164 1044 1217; x_wconf 87' lang='lat' dir='ltr'><strong>ad</strong></span> <span class='ocrx_word' id='word_1_134' title='bbox 1061 1162 1181 1218; x_wconf 90' lang='lat' dir='ltr'><strong>meliore</strong></span> <span class='ocrx_word' id='word_1_135' title='bbox 1192 1161 1334 1232; x_wconf 86' lang='lat' dir='ltr'><strong>provehit.</strong></span> <span class='ocrx_word' id='word_1_136' title='bbox 1352 1162 1384 1215; x_wconf 82' lang='lat' dir='ltr'><strong>Et</strong></span> <span class='ocrx_word' id='word_1_137' title='bbox 1399 1161 1473 1215; x_wconf 90' lang='lat' dir='ltr'><strong>ideo.</strong></span> 
     </span>
     <span class='ocr_line' id='line_1_12' title="bbox 142 1243 1554 1333; baseline 0.004 -36"><span class='ocrx_word' id='word_1_138' title='bbox 142 1243 258 1298; x_wconf 83' lang='lat' dir='ltr'><strong>AEterne</strong></span> <span class='ocrx_word' id='word_1_139' title='bbox 283 1244 365 1299; x_wconf 85' lang='lat' dir='ltr'><strong>Deus.</strong></span> <span class='ocrx_word' id='word_1_140' title='bbox 391 1246 444 1299; x_wconf 86' lang='lat' dir='ltr'><strong>Per</strong></span> <span class='ocrx_word' id='word_1_141' title='bbox 468 1245 612 1300; x_wconf 80' lang='lat' dir='ltr'><strong>Christum</strong></span> <span class='ocrx_word' id='word_1_142' title='bbox 639 1244 792 1299; x_wconf 87' lang='lat' dir='ltr'><strong>Dominum</strong></span> <span class='ocrx_word' id='word_1_143' title='bbox 813 1251 952 1299; x_wconf 90' lang='lat' dir='ltr'><strong>nostrum.</strong></span> <span class='ocrx_word' id='word_1_144' title='bbox 1090 1267 1115 1325; x_wconf 85' lang='lat'><strong>.&#39;</strong></span> <span class='ocrx_word' id='word_1_145' title='bbox 1307 1268 1390 1333; x_wconf 52' lang='lat' dir='ltr'><strong><em>Infra</em></strong></span> <span class='ocrx_word' id='word_1_146' title='bbox 1413 1267 1554 1321; x_wconf 59' lang='lat' dir='ltr'><strong>amonem,</strong></span> 
     </span>
    </p>
   </div>
   <div class='ocr_carea' id='block_1_4' title="bbox 105 1332 1875 3989">
    <p class='ocr_par' dir='ltr' id='par_1_4' title="bbox 105 1332 1875 3989">
     <span class='ocr_line' id='line_1_13' title="bbox 107 1332 971 1405; baseline 0.001 -19"><span class='ocrx_word' id='word_1_147' title='bbox 107 1332 198 1396; x_wconf 80' lang='lat' dir='ltr'><strong>Quem</strong></span> <span class='ocrx_word' id='word_1_148' title='bbox 215 1333 245 1386; x_wconf 92' lang='lat' dir='ltr'><strong>in</strong></span> <span class='ocrx_word' id='word_1_149' title='bbox 261 1332 314 1387; x_wconf 91' lang='lat' dir='ltr'><strong>hec</strong></span> <span class='ocrx_word' id='word_1_150' title='bbox 326 1339 409 1388; x_wconf 89' lang='lat' dir='ltr'><strong>nocte</strong></span> <span class='ocrx_word' id='word_1_151' title='bbox 424 1333 500 1388; x_wconf 91' lang='lat' dir='ltr'><strong>inter</strong></span> <span class='ocrx_word' id='word_1_152' title='bbox 518 1349 611 1388; x_wconf 87' lang='lat' dir='ltr'><strong>sacres</strong></span> <span class='ocrx_word' id='word_1_153' title='bbox 633 1334 731 1405; x_wconf 88' lang='lat' dir='ltr'><strong>epulas</strong></span> <span class='ocrx_word' id='word_1_154' title='bbox 746 1334 971 1403; x_wconf 69' lang='lat' dir='ltr'><strong>increpantem,</strong></span> 
     </span>
     <span class='ocr_line' id='line_1_14' title="bbox 106 1421 953 1492; baseline 0.002 -18"><span class='ocrx_word' id='word_1_155' title='bbox 106 1436 188 1474; x_wconf 92' lang='lat' dir='ltr'><strong>meus</strong></span> <span class='ocrx_word' id='word_1_156' title='bbox 211 1421 265 1476; x_wconf 87' lang='lat' dir='ltr'><strong>sihi</strong></span> <span class='ocrx_word' id='word_1_157' title='bbox 282 1421 396 1475; x_wconf 87' lang='lat' dir='ltr'><strong>conscie</strong></span> <span class='ocrx_word' id='word_1_158' title='bbox 422 1421 566 1475; x_wconf 90' lang='lat' dir='ltr'><strong>traditoris</strong></span> <span class='ocrx_word' id='word_1_159' title='bbox 587 1421 660 1476; x_wconf 84' lang='lat' dir='ltr'><strong>ferre</strong></span> <span class='ocrx_word' id='word_1_160' title='bbox 685 1439 743 1475; x_wconf 96' lang='lat' dir='ltr'><strong>non</strong></span> <span class='ocrx_word' id='word_1_161' title='bbox 769 1421 869 1492; x_wconf 88' lang='lat' dir='ltr'><strong>potuit.</strong></span> <span class='ocrx_word' id='word_1_162' title='bbox 900 1421 953 1476; x_wconf 85' lang='lat' dir='ltr'><strong>Sed</strong></span> 
     </span>
     <span class='ocr_line' id='line_1_15' title="bbox 107 1508 955 1580; baseline 0.001 -18"><span class='ocrx_word' id='word_1_163' title='bbox 107 1509 304 1577; x_wconf 87' lang='lat' dir='ltr'><strong>apostolorum</strong></span> <span class='ocrx_word' id='word_1_164' title='bbox 327 1509 426 1564; x_wconf 89' lang='lat' dir='ltr'><strong>relicto</strong></span> <span class='ocrx_word' id='word_1_165' title='bbox 448 1510 591 1564; x_wconf 91' lang='lat' dir='ltr'><strong>consortio</strong></span> <span class='ocrx_word' id='word_1_166' title='bbox 613 1508 761 1580; x_wconf 88' lang='lat' dir='ltr'><strong>sanguinis</strong></span> <span class='ocrx_word' id='word_1_167' title='bbox 787 1509 911 1580; x_wconf 90' lang='lat' dir='ltr'><strong>pretium</strong></span> <span class='ocrx_word' id='word_1_168' title='bbox 938 1525 955 1563; x_wconf 90' lang='lat' dir='ltr'><strong>e</strong></span> 
     </span>
     <span class='ocr_line' id='line_1_16' title="bbox 105 1597 952 1670; baseline -0.001 -18"><span class='ocrx_word' id='word_1_169' title='bbox 105 1597 211 1652; x_wconf 82' lang='lat' dir='ltr'><strong>Judaeis</strong></span> <span class='ocrx_word' id='word_1_170' title='bbox 236 1598 356 1669; x_wconf 86' lang='lat' dir='ltr'><strong>accepit,</strong></span> <span class='ocrx_word' id='word_1_171' title='bbox 380 1604 413 1653; x_wconf 90' lang='lat' dir='ltr'><strong>ut</strong></span> <span class='ocrx_word' id='word_1_172' title='bbox 434 1599 522 1654; x_wconf 86' lang='lat' dir='ltr'><strong>vitem</strong></span> <span class='ocrx_word' id='word_1_173' title='bbox 547 1599 681 1670; x_wconf 82' lang='lat' dir='ltr'><strong>perderet</strong></span> <span class='ocrx_word' id='word_1_174' title='bbox 703 1615 790 1670; x_wconf 89' lang='lat' dir='ltr'><strong>quem</strong></span> <span class='ocrx_word' id='word_1_175' title='bbox 811 1598 952 1654; x_wconf 79' lang='lat' dir='ltr'><strong>distraxit.</strong></span> 
     </span>
     <span class='ocr_line' id='line_1_17' title="bbox 107 1659 993 1758; baseline 0.002 -17"><span class='ocrx_word' id='word_1_176' title='bbox 107 1685 234 1741; x_wconf 84' lang='lat' dir='ltr'><strong>Coenevit</strong></span> <span class='ocrx_word' id='word_1_177' title='bbox 259 1687 349 1756; x_wconf 89' lang='lat' dir='ltr'><strong>igitur</strong></span> <span class='ocrx_word' id='word_1_178' title='bbox 373 1687 459 1743; x_wconf 88' lang='lat' dir='ltr'><strong>hodie</strong></span> <span class='ocrx_word' id='word_1_179' title='bbox 485 1687 617 1758; x_wconf 88' lang='lat' dir='ltr'><strong>proditor</strong></span> <span class='ocrx_word' id='word_1_180' title='bbox 644 1693 768 1742; x_wconf 87' lang='lat' dir='ltr'><strong>mortem</strong></span> <span class='ocrx_word' id='word_1_181' title='bbox 793 1704 896 1756; x_wconf 89' lang='lat' dir='ltr'><strong>suem,</strong></span> <span class='ocrx_word' id='word_1_182' title='bbox 924 1659 993 1743; x_wconf 81' lang='lat' dir='ltr'><strong>etB</strong></span> 
     </span>
     <span class='ocr_line' id='line_1_18' title="bbox 106 1773 952 1847; baseline 0.004 -19"><span class='ocrx_word' id='word_1_183' title='bbox 106 1773 233 1829; x_wconf 89' lang='lat' dir='ltr'><strong>cruentis</strong></span> <span class='ocrx_word' id='word_1_184' title='bbox 249 1776 382 1831; x_wconf 88' lang='lat' dir='ltr'><strong>manibus</strong></span> <span class='ocrx_word' id='word_1_185' title='bbox 403 1792 508 1847; x_wconf 86' lang='lat' dir='ltr'><strong>panem</strong></span> <span class='ocrx_word' id='word_1_186' title='bbox 524 1776 560 1831; x_wconf 88' lang='lat' dir='ltr'><strong>de</strong></span> <span class='ocrx_word' id='word_1_187' title='bbox 579 1792 666 1831; x_wconf 89' lang='lat' dir='ltr'><strong>manu</strong></span> <span class='ocrx_word' id='word_1_188' title='bbox 684 1776 839 1831; x_wconf 83' lang='lat' dir='ltr'><strong>salvatoris</strong></span> <span class='ocrx_word' id='word_1_189' title='bbox 860 1776 952 1831; x_wconf 85' lang='lat' dir='ltr'><strong>exitu·</strong></span> 
     </span>
     <span class='ocr_line' id='line_1_19' title="bbox 106 1863 954 1945; baseline 0.006 -30"><span class='ocrx_word' id='word_1_190' title='bbox 106 1877 155 1915; x_wconf 86' lang='lat' dir='ltr'><strong>rus</strong></span> <span class='ocrx_word' id='word_1_191' title='bbox 169 1863 287 1932; x_wconf 89' lang='lat' dir='ltr'><strong>accepit,</strong></span> <span class='ocrx_word' id='word_1_192' title='bbox 305 1869 336 1918; x_wconf 91' lang='lat' dir='ltr'><strong>nt</strong></span> <span class='ocrx_word' id='word_1_193' title='bbox 352 1864 513 1936; x_wconf 89' lang='lat' dir='ltr'><strong>saginatum</strong></span> <span class='ocrx_word' id='word_1_194' title='bbox 527 1864 590 1919; x_wconf 90' lang='lat' dir='ltr'><strong>cibo</strong></span> <span class='ocrx_word' id='word_1_195' title='bbox 606 1865 698 1936; x_wconf 88' lang='lat' dir='ltr'><strong>major</strong></span> <span class='ocrx_word' id='word_1_196' title='bbox 713 1881 798 1935; x_wconf 85' lang='lat' dir='ltr'><strong>poena</strong></span> <span class='ocrx_word' id='word_1_197' title='bbox 813 1865 954 1945; x_wconf 76' lang='lat' dir='ltr'><strong>constrin-</strong></span> 
     </span>
     <span class='ocr_line' id='line_1_20' title="bbox 107 1952 955 2022; baseline 0.004 -18"><span class='ocrx_word' id='word_1_198' title='bbox 107 1955 196 2021; x_wconf 88' lang='lat' dir='ltr'><strong>geret,</strong></span> <span class='ocrx_word' id='word_1_199' title='bbox 217 1967 303 2022; x_wconf 88' lang='lat' dir='ltr'><strong>quem</strong></span> <span class='ocrx_word' id='word_1_200' title='bbox 322 1968 374 2006; x_wconf 90' lang='lat' dir='ltr'><strong>nec</strong></span> <span class='ocrx_word' id='word_1_201' title='bbox 394 1952 496 2007; x_wconf 90' lang='lat' dir='ltr'><strong>secreti</strong></span> <span class='ocrx_word' id='word_1_202' title='bbox 514 1953 570 2007; x_wconf 92' lang='lat' dir='ltr'><strong>cihi</strong></span> <span class='ocrx_word' id='word_1_203' title='bbox 590 1953 705 2007; x_wconf 88' lang='lat' dir='ltr'><strong>collatio</strong></span> <span class='ocrx_word' id='word_1_204' title='bbox 726 1954 761 2007; x_wconf 88' lang='lat' dir='ltr'><strong>ab</strong></span> <span class='ocrx_word' id='word_1_205' title='bbox 781 1954 887 2008; x_wconf 90' lang='lat' dir='ltr'><strong>scelere</strong></span> <span class='ocrx_word' id='word_1_206' title='bbox 906 1968 955 2008; x_wconf 88' lang='lat' dir='ltr'><strong>re-</strong></span> 
     </span>
     <span class='ocr_line' id='line_1_21' title="bbox 106 2040 954 2112; baseline 0.005 -20"><span class='ocrx_word' id='word_1_207' title='bbox 106 2043 229 2092; x_wconf 84' lang='lat' dir='ltr'><strong>vocaret.</strong></span> <span class='ocrx_word' id='word_1_208' title='bbox 247 2040 356 2094; x_wconf 81' lang='lat' dir='ltr'><strong>Patitur</strong></span> <span class='ocrx_word' id='word_1_209' title='bbox 377 2041 476 2112; x_wconf 86' lang='lat' dir='ltr'><strong>itaque</strong></span> <span class='ocrx_word' id='word_1_210' title='bbox 496 2041 636 2095; x_wconf 86' lang='lat' dir='ltr'><strong>Dominus</strong></span> <span class='ocrx_word' id='word_1_211' title='bbox 656 2046 754 2095; x_wconf 79' lang='lat' dir='ltr'><strong>noster</strong></span> <span class='ocrx_word' id='word_1_212' title='bbox 772 2042 853 2098; x_wconf 85' lang='lat' dir='ltr'><strong>iesus</strong></span> <span class='ocrx_word' id='word_1_213' title='bbox 873 2042 954 2097; x_wconf 87' lang='lat' dir='ltr'><strong>Chri·</strong></span> 
     </span>
     <span class='ocr_line' id='line_1_22' title="bbox 108 2128 955 2201; baseline 0.004 -20"><span class='ocrx_word' id='word_1_214' title='bbox 108 2129 168 2181; x_wconf 85' lang='lat' dir='ltr'><strong>stus</strong></span> <span class='ocrx_word' id='word_1_215' title='bbox 182 2128 269 2183; x_wconf 86' lang='lat' dir='ltr'><strong>Filius</strong></span> <span class='ocrx_word' id='word_1_216' title='bbox 292 2133 368 2194; x_wconf 75' lang='lat' dir='ltr'><strong>ttius,</strong></span> <span class='ocrx_word' id='word_1_217' title='bbox 389 2144 455 2183; x_wconf 89' lang='lat' dir='ltr'><strong>cum</strong></span> <span class='ocrx_word' id='word_1_218' title='bbox 477 2130 558 2184; x_wconf 91' lang='lat' dir='ltr'><strong>hoste</strong></span> <span class='ocrx_word' id='word_1_219' title='bbox 579 2129 767 2184; x_wconf 85' lang='lat' dir='ltr'><strong>novissimum</strong></span> <span class='ocrx_word' id='word_1_220' title='bbox 784 2131 955 2201; x_wconf 89' lang='lat' dir='ltr'><strong>participare</strong></span> 
     </span>
     <span class='ocr_line' id='line_1_23' title="bbox 107 2215 955 2288; baseline 0.004 -18"><span class='ocrx_word' id='word_1_221' title='bbox 107 2215 278 2284; x_wconf 86' lang='lat' dir='ltr'><strong>convivium,</strong></span> <span class='ocrx_word' id='word_1_222' title='bbox 305 2233 394 2288; x_wconf 89' lang='lat' dir='ltr'><strong>equo</strong></span> <span class='ocrx_word' id='word_1_223' title='bbox 416 2233 445 2273; x_wconf 87' lang='lat' dir='ltr'><strong>se</strong></span> <span class='ocrx_word' id='word_1_224' title='bbox 464 2223 583 2272; x_wconf 86' lang='lat' dir='ltr'><strong>noverat</strong></span> <span class='ocrx_word' id='word_1_225' title='bbox 601 2218 737 2272; x_wconf 91' lang='lat' dir='ltr'><strong>continuo</strong></span> <span class='ocrx_word' id='word_1_226' title='bbox 755 2235 816 2273; x_wconf 88' lang='lat' dir='ltr'><strong>esse</strong></span> <span class='ocrx_word' id='word_1_227' title='bbox 838 2219 955 2273; x_wconf 87' lang='lat' dir='ltr'><strong>treden-</strong></span> 
     </span>
     <span class='ocr_line' id='line_1_24' title="bbox 108 2304 953 2378; baseline 0.001 -19"><span class='ocrx_word' id='word_1_228' title='bbox 108 2304 189 2371; x_wconf 90' lang='lat' dir='ltr'><strong>dum,</strong></span> <span class='ocrx_word' id='word_1_229' title='bbox 207 2309 238 2359; x_wconf 89' lang='lat' dir='ltr'><strong>ut</strong></span> <span class='ocrx_word' id='word_1_230' title='bbox 258 2306 421 2376; x_wconf 82' lang='lat' dir='ltr'><strong>exemplum</strong></span> <span class='ocrx_word' id='word_1_231' title='bbox 440 2306 612 2360; x_wconf 77' lang='lat' dir='ltr'><strong>innocentiae</strong></span> <span class='ocrx_word' id='word_1_232' title='bbox 637 2307 745 2362; x_wconf 90' lang='lat' dir='ltr'><strong>mundo</strong></span> <span class='ocrx_word' id='word_1_233' title='bbox 767 2306 953 2378; x_wconf 85' lang='lat' dir='ltr'><strong>relinqueret,</strong></span> 
     </span>
     <span class='ocr_line' id='line_1_25' title="bbox 109 2393 956 2467; baseline 0.004 -20"><span class='ocrx_word' id='word_1_234' title='bbox 109 2398 137 2448; x_wconf 94' lang='lat' dir='ltr'><strong>et</strong></span> <span class='ocrx_word' id='word_1_235' title='bbox 152 2393 315 2464; x_wconf 87' lang='lat' dir='ltr'><strong>passionem</strong></span> <span class='ocrx_word' id='word_1_236' title='bbox 338 2410 420 2449; x_wconf 89' lang='lat' dir='ltr'><strong>suam</strong></span> <span class='ocrx_word' id='word_1_237' title='bbox 435 2410 488 2465; x_wconf 88' lang='lat' dir='ltr'><strong>pro</strong></span> <span class='ocrx_word' id='word_1_238' title='bbox 504 2395 600 2448; x_wconf 73' lang='lat' dir='ltr'><strong>saecuti</strong></span> <span class='ocrx_word' id='word_1_239' title='bbox 620 2395 815 2467; x_wconf 78' lang='lat' dir='ltr'><strong>redemptione</strong></span> <span class='ocrx_word' id='word_1_240' title='bbox 839 2395 956 2467; x_wconf 90' lang='lat' dir='ltr'><strong>supple-</strong></span> 
     </span>
     <span class='ocr_line' id='line_1_26' title="bbox 108 2481 954 2550; baseline 0.001 -14"><span class='ocrx_word' id='word_1_241' title='bbox 108 2485 162 2536; x_wconf 86' lang='lat' dir='ltr'><strong>ret.</strong></span> <span class='ocrx_word' id='word_1_242' title='bbox 179 2481 271 2535; x_wconf 87' lang='lat' dir='ltr'><strong>Pescit</strong></span> <span class='ocrx_word' id='word_1_243' title='bbox 284 2481 372 2550; x_wconf 88' lang='lat' dir='ltr'><strong>igitur</strong></span> <span class='ocrx_word' id='word_1_244' title='bbox 392 2482 470 2536; x_wconf 91' lang='lat' dir='ltr'><strong>mitis</strong></span> <span class='ocrx_word' id='word_1_245' title='bbox 486 2483 560 2537; x_wconf 88' lang='lat' dir='ltr'><strong>Deus</strong></span> <span class='ocrx_word' id='word_1_246' title='bbox 575 2483 719 2546; x_wconf 86' lang='lat' dir='ltr'><strong>immitem</strong></span> <span class='ocrx_word' id='word_1_247' title='bbox 735 2484 837 2538; x_wconf 81' lang='lat' dir='ltr'><strong>ludam</strong></span> <span class='ocrx_word' id='word_1_248' title='bbox 857 2490 885 2538; x_wconf 90' lang='lat' dir='ltr'><strong>et</strong></span> <span class='ocrx_word' id='word_1_249' title='bbox 904 2500 954 2537; x_wconf 92' lang='lat' dir='ltr'><strong>sn·</strong></span> 
     </span>
     <span class='ocr_line' id='line_1_27' title="bbox 109 2569 956 2643; baseline 0.005 -20"><span class='ocrx_word' id='word_1_250' title='bbox 109 2569 196 2625; x_wconf 87' lang='lat' dir='ltr'><strong>stinet</strong></span> <span class='ocrx_word' id='word_1_251' title='bbox 213 2569 280 2639; x_wconf 93' lang='lat' dir='ltr'><strong>pins</strong></span> <span class='ocrx_word' id='word_1_252' title='bbox 303 2569 448 2625; x_wconf 86' lang='lat' dir='ltr'><strong>crudelem</strong></span> <span class='ocrx_word' id='word_1_253' title='bbox 467 2571 626 2624; x_wconf 84' lang='lat' dir='ltr'><strong>convivam.</strong></span> <span class='ocrx_word' id='word_1_254' title='bbox 651 2571 704 2636; x_wconf 80' lang='lat' dir='ltr'><strong>Oui</strong></span> <span class='ocrx_word' id='word_1_255' title='bbox 728 2572 829 2627; x_wconf 92' lang='lat' dir='ltr'><strong>merito</strong></span> <span class='ocrx_word' id='word_1_256' title='bbox 852 2573 956 2643; x_wconf 87' lang='lat' dir='ltr'><strong>laqueo</strong></span> 
     </span>
     <span class='ocr_line' id='line_1_28' title="bbox 110 2645 1472 2733; baseline 0.002 -21"><span class='ocrx_word' id='word_1_257' title='bbox 110 2674 161 2712; x_wconf 92' lang='lat' dir='ltr'><strong>suo</strong></span> <span class='ocrx_word' id='word_1_258' title='bbox 175 2658 321 2728; x_wconf 88' lang='lat' dir='ltr'><strong>periturus</strong></span> <span class='ocrx_word' id='word_1_259' title='bbox 340 2665 411 2726; x_wconf 90' lang='lat' dir='ltr'><strong>erat,</strong></span> <span class='ocrx_word' id='word_1_260' title='bbox 428 2659 504 2728; x_wconf 90' lang='lat' dir='ltr'><strong>quod</strong></span> <span class='ocrx_word' id='word_1_261' title='bbox 520 2660 555 2714; x_wconf 91' lang='lat' dir='ltr'><strong>de</strong></span> <span class='ocrx_word' id='word_1_262' title='bbox 572 2659 703 2730; x_wconf 79' lang='lat' dir='ltr'><strong>magistri</strong></span> <span class='ocrx_word' id='word_1_263' title='bbox 718 2661 857 2732; x_wconf 86' lang='lat' dir='ltr'><strong>sanguine</strong></span> <span class='ocrx_word' id='word_1_264' title='bbox 876 2662 954 2733; x_wconf 91' lang='lat' dir='ltr'><strong>cogi·</strong></span> <span class='ocrx_word' id='word_1_265' title='bbox 1394 2645 1472 2699; x_wconf 61' lang='lat'><strong>‘¹¹5⁰-</strong></span> 
     </span>
     <span class='ocr_line' id='line_1_29' title="bbox 108 2743 1831 2821; baseline -0.003 -19"><span class='ocrx_word' id='word_1_266' title='bbox 108 2751 192 2802; x_wconf 86' lang='lat' dir='ltr'><strong>terat.</strong></span> <span class='ocrx_word' id='word_1_267' title='bbox 209 2746 231 2801; x_wconf 92' lang='lat'>0</span> <span class='ocrx_word' id='word_1_268' title='bbox 255 2747 408 2802; x_wconf 85' lang='lat' dir='ltr'><strong>Dominum</strong></span> <span class='ocrx_word' id='word_1_269' title='bbox 428 2763 479 2819; x_wconf 88' lang='lat' dir='ltr'><strong>per</strong></span> <span class='ocrx_word' id='word_1_270' title='bbox 500 2749 598 2803; x_wconf 86' lang='lat' dir='ltr'><strong>omnia</strong></span> <span class='ocrx_word' id='word_1_271' title='bbox 617 2747 789 2818; x_wconf 81' lang='lat' dir='ltr'><strong>patientem!</strong></span> <span class='ocrx_word' id='word_1_272' title='bbox 811 2750 833 2805; x_wconf 94' lang='lat'>0</span> <span class='ocrx_word' id='word_1_273' title='bbox 848 2766 955 2821; x_wconf 86' lang='lat' dir='ltr'><strong>agnum</strong></span> <span class='ocrx_word' id='word_1_274' title='bbox 1044 2754 1158 2807; x_wconf 83' lang='lat' dir='ltr'><strong>AEterne</strong></span> <span class='ocrx_word' id='word_1_275' title='bbox 1175 2752 1259 2807; x_wconf 76' lang='lat' dir='ltr'><strong>[teias.</strong></span> <span class='ocrx_word' id='word_1_276' title='bbox 1277 2752 1309 2805; x_wconf 86' lang='lat' dir='ltr'><strong>Et</strong></span> <span class='ocrx_word' id='word_1_277' title='bbox 1324 2755 1351 2804; x_wconf 92' lang='lat' dir='ltr'><strong>te</strong></span> <span class='ocrx_word' id='word_1_278' title='bbox 1366 2749 1445 2805; x_wconf 92' lang='lat' dir='ltr'><strong>omni</strong></span> <span class='ocrx_word' id='word_1_279' title='bbox 1460 2747 1578 2820; x_wconf 91' lang='lat' dir='ltr'><strong>quidem</strong></span> <span class='ocrx_word' id='word_1_280' title='bbox 1601 2753 1743 2818; x_wconf 90' lang='lat' dir='ltr'><strong>tempore,</strong></span> <span class='ocrx_word' id='word_1_281' title='bbox 1757 2743 1831 2799; x_wconf 91' lang='lat' dir='ltr'><strong>sedin</strong></span> 
     </span>
     <span class='ocr_line' id='line_1_30' title="bbox 108 2833 1831 2911; baseline -0.001 -22"><span class='ocrx_word' id='word_1_282' title='bbox 108 2835 185 2890; x_wconf 91' lang='lat' dir='ltr'><strong>inter</strong></span> <span class='ocrx_word' id='word_1_283' title='bbox 203 2852 269 2890; x_wconf 85' lang='lat' dir='ltr'><strong>sues</strong></span> <span class='ocrx_word' id='word_1_284' title='bbox 288 2836 387 2908; x_wconf 86' lang='lat' dir='ltr'><strong>epulas</strong></span> <span class='ocrx_word' id='word_1_285' title='bbox 406 2836 521 2891; x_wconf 89' lang='lat' dir='ltr'><strong>mitem!</strong></span> <span class='ocrx_word' id='word_1_286' title='bbox 543 2836 644 2892; x_wconf 86' lang='lat' dir='ltr'><strong>Cibum</strong></span> <span class='ocrx_word' id='word_1_287' title='bbox 665 2837 726 2907; x_wconf 91' lang='lat' dir='ltr'><strong>ejus</strong></span> <span class='ocrx_word' id='word_1_288' title='bbox 744 2837 830 2892; x_wconf 82' lang='lat' dir='ltr'><strong>iudas</strong></span> <span class='ocrx_word' id='word_1_289' title='bbox 852 2837 882 2891; x_wconf 94' lang='lat' dir='ltr'><strong>in</strong></span> <span class='ocrx_word' id='word_1_290' title='bbox 906 2852 955 2891; x_wconf 92' lang='lat' dir='ltr'><strong>ore</strong></span> <span class='ocrx_word' id='word_1_291' title='bbox 1010 2841 1062 2895; x_wconf 88' lang='lat' dir='ltr'><strong>hac</strong></span> <span class='ocrx_word' id='word_1_292' title='bbox 1077 2840 1222 2911; x_wconf 78' lang='lat' dir='ltr'><strong>praecipue</strong></span> <span class='ocrx_word' id='word_1_293' title='bbox 1239 2839 1285 2893; x_wconf 93' lang='lat' dir='ltr'><strong>die</strong></span> <span class='ocrx_word' id='word_1_294' title='bbox 1299 2838 1425 2902; x_wconf 90' lang='lat' dir='ltr'><strong>laudare,</strong></span> <span class='ocrx_word' id='word_1_295' title='bbox 1444 2836 1616 2892; x_wconf 87' lang='lat' dir='ltr'><strong>benedicere</strong></span> <span class='ocrx_word' id='word_1_296' title='bbox 1638 2841 1668 2890; x_wconf 92' lang='lat' dir='ltr'><strong>et</strong></span> <span class='ocrx_word' id='word_1_297' title='bbox 1692 2833 1831 2906; x_wconf 69' lang='lat' dir='ltr'><strong>predicare,</strong></span> 
     </span>
     <span class='ocr_line' id='line_1_31' title="bbox 108 2920 1833 3011; baseline -0.005 -33"><span class='ocrx_word' id='word_1_298' title='bbox 108 2922 228 2990; x_wconf 80' lang='lat' dir='ltr'><strong>ferebat,</strong></span> <span class='ocrx_word' id='word_1_299' title='bbox 245 2929 273 2977; x_wconf 92' lang='lat' dir='ltr'><strong>et</strong></span> <span class='ocrx_word' id='word_1_300' title='bbox 293 2923 398 2994; x_wconf 91' lang='lat' dir='ltr'><strong>quibus</strong></span> <span class='ocrx_word' id='word_1_301' title='bbox 414 2938 479 2977; x_wconf 91' lang='lat' dir='ltr'><strong>eum</strong></span> <span class='ocrx_word' id='word_1_302' title='bbox 496 2924 632 2993; x_wconf 86' lang='lat' dir='ltr'><strong>traderet,</strong></span> <span class='ocrx_word' id='word_1_303' title='bbox 652 2930 850 2995; x_wconf 84' lang='lat' dir='ltr'><strong>persecutores</strong></span> <span class='ocrx_word' id='word_1_304' title='bbox 868 2925 954 2980; x_wconf 88' lang='lat' dir='ltr'><strong>advo·</strong></span> <span class='ocrx_word' id='word_1_305' title='bbox 974 2946 1066 3011; x_wconf 65' lang='lat' dir='ltr'><strong>equo</strong></span> <span class='ocrx_word' id='word_1_306' title='bbox 1093 2929 1199 2982; x_wconf 87' lang='lat' dir='ltr'><strong>Pascha</strong></span> <span class='ocrx_word' id='word_1_307' title='bbox 1221 2932 1349 2981; x_wconf 89' lang='lat' dir='ltr'><strong>nostrum</strong></span> <span class='ocrx_word' id='word_1_308' title='bbox 1376 2926 1541 2980; x_wconf 86' lang='lat' dir='ltr'><strong>immolatus</strong></span> <span class='ocrx_word' id='word_1_309' title='bbox 1565 2929 1608 2979; x_wconf 90' lang='lat' dir='ltr'><strong>est</strong></span> <span class='ocrx_word' id='word_1_310' title='bbox 1633 2923 1768 2980; x_wconf 86' lang='lat' dir='ltr'><strong>Christus.</strong></span> <span class='ocrx_word' id='word_1_311' title='bbox 1795 2920 1833 2973; x_wconf 85' lang='lat' dir='ltr'><strong>Pu</strong></span> 
     </span>
     <span class='ocr_line' id='line_1_32' title="bbox 108 3007 1832 3090; baseline -0.003 -24"><span class='ocrx_word' id='word_1_312' title='bbox 108 3012 200 3067; x_wconf 86' lang='lat' dir='ltr'><strong>cebet.</strong></span> <span class='ocrx_word' id='word_1_313' title='bbox 216 3011 271 3068; x_wconf 88' lang='lat' dir='ltr'><strong>Sed</strong></span> <span class='ocrx_word' id='word_1_314' title='bbox 286 3011 374 3067; x_wconf 84' lang='lat' dir='ltr'><strong>Filius</strong></span> <span class='ocrx_word' id='word_1_315' title='bbox 388 3017 455 3066; x_wconf 90' lang='lat' dir='ltr'><strong>tuns</strong></span> <span class='ocrx_word' id='word_1_316' title='bbox 473 3013 611 3067; x_wconf 85' lang='lat' dir='ltr'><strong>[lominus</strong></span> <span class='ocrx_word' id='word_1_317' title='bbox 627 3018 725 3068; x_wconf 88' lang='lat' dir='ltr'><strong>noster</strong></span> <span class='ocrx_word' id='word_1_318' title='bbox 738 3019 886 3085; x_wconf 88' lang='lat' dir='ltr'><strong>tamquam</strong></span> <span class='ocrx_word' id='word_1_319' title='bbox 908 3014 956 3086; x_wconf 90' lang='lat' dir='ltr'><strong>pia</strong></span> <span class='ocrx_word' id='word_1_320' title='bbox 1010 3017 1145 3090; x_wconf 85' lang='lat' dir='ltr'><strong>quemad</strong></span> <span class='ocrx_word' id='word_1_321' title='bbox 1161 3022 1297 3071; x_wconf 78' lang='lat' dir='ltr'><strong>aeternam</strong></span> <span class='ocrx_word' id='word_1_322' title='bbox 1312 3015 1400 3068; x_wconf 87' lang='lat' dir='ltr'><strong>vitem</strong></span> <span class='ocrx_word' id='word_1_323' title='bbox 1413 3013 1464 3068; x_wconf 90' lang='lat' dir='ltr'><strong>lilii</strong></span> <span class='ocrx_word' id='word_1_324' title='bbox 1480 3012 1550 3067; x_wconf 91' lang='lat' dir='ltr'><strong>lucis</strong></span> <span class='ocrx_word' id='word_1_325' title='bbox 1566 3011 1710 3076; x_wconf 89' lang='lat' dir='ltr'><strong>oriuntur,</strong></span> <span class='ocrx_word' id='word_1_326' title='bbox 1724 3007 1832 3065; x_wconf 75' lang='lat' dir='ltr'><strong>uestitu</strong></span> 
     </span>
     <span class='ocr_line' id='line_1_33' title="bbox 108 3100 1832 3177; baseline -0.002 -23"><span class='ocrx_word' id='word_1_327' title='bbox 108 3100 210 3169; x_wconf 85' lang='lat' dir='ltr'><strong>hostie,</strong></span> <span class='ocrx_word' id='word_1_328' title='bbox 231 3106 258 3155; x_wconf 90' lang='lat' dir='ltr'><strong>et</strong></span> <span class='ocrx_word' id='word_1_329' title='bbox 280 3100 424 3156; x_wconf 86' lang='lat' dir='ltr'><strong>immolari</strong></span> <span class='ocrx_word' id='word_1_330' title='bbox 443 3117 472 3155; x_wconf 91' lang='lat' dir='ltr'><strong>se</strong></span> <span class='ocrx_word' id='word_1_331' title='bbox 490 3101 541 3156; x_wconf 92' lang='lat' dir='ltr'><strong>tihi</strong></span> <span class='ocrx_word' id='word_1_332' title='bbox 567 3118 618 3172; x_wconf 85' lang='lat' dir='ltr'><strong>pro</strong></span> <span class='ocrx_word' id='word_1_333' title='bbox 635 3102 716 3157; x_wconf 89' lang='lat' dir='ltr'><strong>nohis</strong></span> <span class='ocrx_word' id='word_1_334' title='bbox 731 3102 875 3172; x_wconf 82' lang='lat' dir='ltr'><strong>patienter</strong></span> <span class='ocrx_word' id='word_1_335' title='bbox 889 3119 955 3174; x_wconf 92' lang='lat' dir='ltr'><strong>pro·</strong></span> <span class='ocrx_word' id='word_1_336' title='bbox 1008 3107 1091 3177; x_wconf 87' lang='lat' dir='ltr'><strong>regni</strong></span> <span class='ocrx_word' id='word_1_337' title='bbox 1114 3105 1235 3160; x_wconf 73' lang='lat' dir='ltr'><strong>celestis</strong></span> <span class='ocrx_word' id='word_1_338' title='bbox 1255 3103 1326 3158; x_wconf 89' lang='lat' dir='ltr'><strong>atria</strong></span> <span class='ocrx_word' id='word_1_339' title='bbox 1349 3107 1524 3166; x_wconf 86' lang='lat' dir='ltr'><strong>reserentur,</strong></span> <span class='ocrx_word' id='word_1_340' title='bbox 1545 3105 1573 3154; x_wconf 92' lang='lat' dir='ltr'><strong>et</strong></span> <span class='ocrx_word' id='word_1_341' title='bbox 1596 3100 1672 3154; x_wconf 87' lang='lat' dir='ltr'><strong>beati</strong></span> <span class='ocrx_word' id='word_1_342' title='bbox 1694 3100 1754 3170; x_wconf 87' lang='lat' dir='ltr'><strong>lege</strong></span> <span class='ocrx_word' id='word_1_343' title='bbox 1774 3110 1832 3150; x_wconf 89' lang='lat' dir='ltr'><strong>ceu·</strong></span> 
     </span>
     <span class='ocr_line' id='line_1_34' title="bbox 107 3188 1831 3262; baseline -0.005 -18"><span class='ocrx_word' id='word_1_344' title='bbox 107 3189 196 3257; x_wconf 89' lang='lat' dir='ltr'><strong>misit,</strong></span> <span class='ocrx_word' id='word_1_345' title='bbox 221 3194 249 3244; x_wconf 87' lang='lat' dir='ltr'><strong>et</strong></span> <span class='ocrx_word' id='word_1_346' title='bbox 272 3195 420 3261; x_wconf 89' lang='lat' dir='ltr'><strong>peccatum</strong></span> <span class='ocrx_word' id='word_1_347' title='bbox 445 3190 523 3261; x_wconf 88' lang='lat' dir='ltr'><strong>qnod</strong></span> <span class='ocrx_word' id='word_1_348' title='bbox 548 3190 671 3245; x_wconf 89' lang='lat' dir='ltr'><strong>mundus</strong></span> <span class='ocrx_word' id='word_1_349' title='bbox 695 3190 887 3258; x_wconf 86' lang='lat' dir='ltr'><strong>commiserat,</strong></span> <span class='ocrx_word' id='word_1_350' title='bbox 910 3207 954 3246; x_wconf 92' lang='lat' dir='ltr'><strong>re·</strong></span> <span class='ocrx_word' id='word_1_351' title='bbox 1008 3195 1119 3262; x_wconf 89' lang='lat' dir='ltr'><strong>mercii,</strong></span> <span class='ocrx_word' id='word_1_352' title='bbox 1140 3193 1244 3249; x_wconf 86' lang='lat' dir='ltr'><strong>divinis</strong></span> <span class='ocrx_word' id='word_1_353' title='bbox 1263 3192 1390 3246; x_wconf 89' lang='lat' dir='ltr'><strong>humane</strong></span> <span class='ocrx_word' id='word_1_354' title='bbox 1409 3195 1568 3245; x_wconf 90' lang='lat' dir='ltr'><strong>mutantur.</strong></span> <span class='ocrx_word' id='word_1_355' title='bbox 1592 3188 1666 3254; x_wconf 82' lang='lat' dir='ltr'><strong>Ouia</strong></span> <span class='ocrx_word' id='word_1_356' title='bbox 1693 3192 1831 3243; x_wconf 82' lang='lat' dir='ltr'><strong>nostrorum</strong></span> 
     </span>
     <span class='ocr_line' id='line_1_35' title="bbox 109 3274 1829 3349; baseline -0.005 -16"><span class='ocrx_word' id='word_1_357' title='bbox 109 3278 224 3333; x_wconf 78' lang='lat' dir='ltr'><strong>laxavit.</strong></span> <span class='ocrx_word' id='word_1_358' title='bbox 242 3278 297 3332; x_wconf 88' lang='lat' dir='ltr'><strong>Per</strong></span> <span class='ocrx_word' id='word_1_359' title='bbox 309 3294 394 3349; x_wconf 91' lang='lat' dir='ltr'><strong>quem</strong></span> <span class='ocrx_word' id='word_1_360' title='bbox 411 3279 599 3349; x_wconf 87' lang='lat' dir='ltr'><strong>majestatem.</strong></span> <span class='ocrx_word' id='word_1_361' title='bbox 1009 3283 1139 3338; x_wconf 90' lang='lat' dir='ltr'><strong>omnium</strong></span> <span class='ocrx_word' id='word_1_362' title='bbox 1160 3297 1239 3336; x_wconf 87' lang='lat' dir='ltr'><strong>mors</strong></span> <span class='ocrx_word' id='word_1_363' title='bbox 1258 3295 1340 3334; x_wconf 85' lang='lat' dir='ltr'><strong>cruce</strong></span> <span class='ocrx_word' id='word_1_364' title='bbox 1360 3278 1465 3334; x_wconf 85' lang='lat' dir='ltr'><strong>Christi</strong></span> <span class='ocrx_word' id='word_1_365' title='bbox 1482 3283 1632 3349; x_wconf 88' lang='lat' dir='ltr'><strong>perempte</strong></span> <span class='ocrx_word' id='word_1_366' title='bbox 1645 3282 1699 3344; x_wconf 89' lang='lat' dir='ltr'><strong>est,</strong></span> <span class='ocrx_word' id='word_1_367' title='bbox 1714 3281 1742 3330; x_wconf 87' lang='lat' dir='ltr'><strong>et</strong></span> <span class='ocrx_word' id='word_1_368' title='bbox 1761 3274 1786 3328; x_wconf 93' lang='lat' dir='ltr'><strong>in</strong></span> <span class='ocrx_word' id='word_1_369' title='bbox 1799 3286 1829 3324; x_wconf 76' lang='lat' dir='ltr'><strong>re</strong></span> 
     </span>
     <span class='ocr_line' id='line_1_36' title="bbox 408 3359 1830 3441; baseline -0.003 -21"><span class='ocrx_word' id='word_1_370' title='bbox 408 3367 494 3430; x_wconf 76' lang='lat' dir='ltr'><strong>Infra</strong></span> <span class='ocrx_word' id='word_1_371' title='bbox 513 3370 652 3422; x_wconf 81' lang='lat' dir='ltr'><strong>actionem.</strong></span> <span class='ocrx_word' id='word_1_372' title='bbox 1008 3371 1186 3426; x_wconf 88' lang='lat' dir='ltr'><strong>surrectione</strong></span> <span class='ocrx_word' id='word_1_373' title='bbox 1206 3370 1269 3441; x_wconf 88' lang='lat' dir='ltr'><strong>ejus</strong></span> <span class='ocrx_word' id='word_1_374' title='bbox 1293 3369 1424 3423; x_wconf 91' lang='lat' dir='ltr'><strong>omnium</strong></span> <span class='ocrx_word' id='word_1_375' title='bbox 1443 3367 1501 3421; x_wconf 82' lang='lat' dir='ltr'><strong>vite</strong></span> <span class='ocrx_word' id='word_1_376' title='bbox 1521 3365 1686 3421; x_wconf 82' lang='lat' dir='ltr'><strong>resurrexit.</strong></span> <span class='ocrx_word' id='word_1_377' title='bbox 1711 3359 1830 3429; x_wconf 74' lang='lat' dir='ltr'><strong>Quanta</strong></span> 
     </span>
     <span class='ocr_line' id='line_1_37' title="bbox 144 3445 1831 3530; baseline -0.003 -21"><span class='ocrx_word' id='word_1_378' title='bbox 144 3453 402 3520; x_wconf 89' lang='lat' dir='ltr'><strong>Communieantes,</strong></span> <span class='ocrx_word' id='word_1_379' title='bbox 419 3459 449 3508; x_wconf 90' lang='lat' dir='ltr'><strong>et</strong></span> <span class='ocrx_word' id='word_1_380' title='bbox 469 3453 545 3509; x_wconf 90' lang='lat' dir='ltr'><strong>diem</strong></span> <span class='ocrx_word' id='word_1_381' title='bbox 565 3454 788 3510; x_wconf 89' lang='lat' dir='ltr'><strong>secretissimum</strong></span> <span class='ocrx_word' id='word_1_382' title='bbox 809 3456 954 3511; x_wconf 90' lang='lat' dir='ltr'><strong>celehran·</strong></span> <span class='ocrx_word' id='word_1_383' title='bbox 1008 3459 1189 3530; x_wconf 89' lang='lat' dir='ltr'><strong>susceptione</strong></span> <span class='ocrx_word' id='word_1_384' title='bbox 1219 3456 1400 3513; x_wconf 88' lang='lat' dir='ltr'><strong>mortalitatis</strong></span> <span class='ocrx_word' id='word_1_385' title='bbox 1425 3456 1515 3510; x_wconf 88' lang='lat' dir='ltr'><strong>Deum</strong></span> <span class='ocrx_word' id='word_1_386' title='bbox 1541 3454 1699 3525; x_wconf 86' lang='lat' dir='ltr'><strong>mejestatis</strong></span> <span class='ocrx_word' id='word_1_387' title='bbox 1727 3445 1831 3522; x_wconf 77' lang='lat' dir='ltr'><strong>agnosci·</strong></span> 
     </span>
     <span class='ocr_line' id='line_1_38' title="bbox 108 3542 1829 3618; baseline -0.002 -24"><span class='ocrx_word' id='word_1_388' title='bbox 108 3547 162 3610; x_wconf 89' lang='lat' dir='ltr'><strong>tes,</strong></span> <span class='ocrx_word' id='word_1_389' title='bbox 179 3558 236 3614; x_wconf 85' lang='lat' dir='ltr'><strong>quo</strong></span> <span class='ocrx_word' id='word_1_390' title='bbox 253 3542 392 3597; x_wconf 87' lang='lat' dir='ltr'><strong>Dominus</strong></span> <span class='ocrx_word' id='word_1_391' title='bbox 407 3547 504 3597; x_wconf 89' lang='lat' dir='ltr'><strong>noster</strong></span> <span class='ocrx_word' id='word_1_392' title='bbox 517 3544 598 3597; x_wconf 79' lang='lat' dir='ltr'><strong>iesus</strong></span> <span class='ocrx_word' id='word_1_393' title='bbox 613 3542 740 3597; x_wconf 88' lang='lat' dir='ltr'><strong>Christus</strong></span> <span class='ocrx_word' id='word_1_394' title='bbox 760 3549 803 3598; x_wconf 92' lang='lat' dir='ltr'><strong>est</strong></span> <span class='ocrx_word' id='word_1_395' title='bbox 822 3543 953 3613; x_wconf 89' lang='lat' dir='ltr'><strong>traditus,</strong></span> <span class='ocrx_word' id='word_1_396' title='bbox 1008 3564 1084 3618; x_wconf 87' lang='lat' dir='ltr'><strong>mus,</strong></span> <span class='ocrx_word' id='word_1_397' title='bbox 1101 3554 1130 3603; x_wconf 83' lang='lat' dir='ltr'><strong>et</strong></span> <span class='ocrx_word' id='word_1_398' title='bbox 1144 3547 1174 3602; x_wconf 91' lang='lat' dir='ltr'><strong>in</strong></span> <span class='ocrx_word' id='word_1_399' title='bbox 1189 3546 1347 3602; x_wconf 84' lang='lat' dir='ltr'><strong>divinitatis</strong></span> <span class='ocrx_word' id='word_1_400' title='bbox 1366 3545 1456 3616; x_wconf 89' lang='lat' dir='ltr'><strong>glorie</strong></span> <span class='ocrx_word' id='word_1_401' title='bbox 1472 3545 1560 3599; x_wconf 83' lang='lat' dir='ltr'><strong>Deum</strong></span> <span class='ocrx_word' id='word_1_402' title='bbox 1576 3548 1604 3598; x_wconf 86' lang='lat' dir='ltr'><strong>et</strong></span> <span class='ocrx_word' id='word_1_403' title='bbox 1619 3542 1765 3598; x_wconf 90' lang='lat' dir='ltr'><strong>hominem</strong></span> <span class='ocrx_word' id='word_1_404' title='bbox 1776 3551 1829 3591; x_wconf 90' lang='lat' dir='ltr'><strong>con-</strong></span> 
     </span>
     <span class='ocr_line' id='line_1_39' title="bbox 109 3623 1828 3699; baseline -0.002 -9"><span class='ocrx_word' id='word_1_405' title='bbox 109 3630 157 3687; x_wconf 81' lang='lat' dir='ltr'><strong>sed</strong></span> <span class='ocrx_word' id='word_1_406' title='bbox 172 3636 200 3686; x_wconf 78' lang='lat' dir='ltr'><strong>at</strong></span> <span class='ocrx_word' id='word_1_407' title='bbox 213 3631 383 3686; x_wconf 81' lang='lat' dir='ltr'><strong>memoriam</strong></span> <span class='ocrx_word' id='word_1_408' title='bbox 399 3637 576 3697; x_wconf 78' lang='lat' dir='ltr'><strong>venerantes,</strong></span> <span class='ocrx_word' id='word_1_409' title='bbox 593 3636 645 3686; x_wconf 80' lang='lat' dir='ltr'><strong>ete.</strong></span> <span class='ocrx_word' id='word_1_410' title='bbox 1008 3636 1135 3691; x_wconf 86' lang='lat' dir='ltr'><strong>fitemur.</strong></span> <span class='ocrx_word' id='word_1_411' title='bbox 1160 3635 1214 3699; x_wconf 85' lang='lat' dir='ltr'><strong>Qui</strong></span> <span class='ocrx_word' id='word_1_412' title='bbox 1236 3639 1357 3688; x_wconf 90' lang='lat' dir='ltr'><strong>mortem</strong></span> <span class='ocrx_word' id='word_1_413' title='bbox 1381 3636 1506 3686; x_wconf 87' lang='lat' dir='ltr'><strong>nostram</strong></span> <span class='ocrx_word' id='word_1_414' title='bbox 1529 3630 1678 3685; x_wconf 91' lang='lat' dir='ltr'><strong>moriendo</strong></span> <span class='ocrx_word' id='word_1_415' title='bbox 1705 3623 1828 3686; x_wconf 73' lang='lat' dir='ltr'><strong>destmtil</strong></span> 
     </span>
     <span class='ocr_line' id='line_1_40' title="bbox 144 3719 1875 3796; baseline -0.003 -21"><span class='ocrx_word' id='word_1_416' title='bbox 144 3721 222 3775; x_wconf 83' lang='lat' dir='ltr'><strong>lianc</strong></span> <span class='ocrx_word' id='word_1_417' title='bbox 237 3719 326 3790; x_wconf 90' lang='lat' dir='ltr'><strong>igitur</strong></span> <span class='ocrx_word' id='word_1_418' title='bbox 348 3720 523 3775; x_wconf 88' lang='lat' dir='ltr'><strong>oblationem</strong></span> <span class='ocrx_word' id='word_1_419' title='bbox 548 3719 693 3775; x_wconf 84' lang='lat' dir='ltr'><strong>servitutis</strong></span> <span class='ocrx_word' id='word_1_420' title='bbox 714 3726 829 3787; x_wconf 77' lang='lat' dir='ltr'><strong>nostrae,</strong></span> <span class='ocrx_word' id='word_1_421' title='bbox 854 3722 903 3777; x_wconf 88' lang='lat' dir='ltr'><strong>sed</strong></span> <span class='ocrx_word' id='word_1_422' title='bbox 926 3728 956 3778; x_wconf 88' lang='lat' dir='ltr'><strong>ct</strong></span> <span class='ocrx_word' id='word_1_423' title='bbox 1008 3731 1038 3781; x_wconf 92' lang='lat' dir='ltr'><strong>et</strong></span> <span class='ocrx_word' id='word_1_424' title='bbox 1054 3726 1140 3780; x_wconf 89' lang='lat' dir='ltr'><strong>vitem</strong></span> <span class='ocrx_word' id='word_1_425' title='bbox 1156 3723 1331 3796; x_wconf 88' lang='lat' dir='ltr'><strong>resurgendo</strong></span> <span class='ocrx_word' id='word_1_426' title='bbox 1349 3721 1500 3792; x_wconf 85' lang='lat' dir='ltr'><strong>reperavit.</strong></span> <span class='ocrx_word' id='word_1_427' title='bbox 1518 3721 1551 3774; x_wconf 86' lang='lat' dir='ltr'><strong>Et</strong></span> <span class='ocrx_word' id='word_1_428' title='bbox 1566 3719 1630 3774; x_wconf 94' lang='lat' dir='ltr'><strong>ideo</strong></span> <span class='ocrx_word' id='word_1_429' title='bbox 1647 3734 1713 3774; x_wconf 90' lang='lat' dir='ltr'><strong>cnm</strong></span> <span class='ocrx_word' id='word_1_430' title='bbox 1725 3731 1784 3787; x_wconf 85' lang='lat' dir='ltr'><strong>eng.</strong></span> <span class='ocrx_word' id='word_1_431' title='bbox 1873 3752 1875 3769; x_wconf 89' lang='grc'>.</span> 
     </span>
     <span class='ocr_line' id='line_1_41' title="bbox 109 3784 1875 3892; baseline 0.002 -28"><span class='ocrx_word' id='word_1_432' title='bbox 109 3814 218 3864; x_wconf 82' lang='lat' dir='ltr'><strong>cunctae</strong></span> <span class='ocrx_word' id='word_1_433' title='bbox 233 3807 349 3864; x_wconf 78' lang='lat' dir='ltr'><strong>familiae</strong></span> <span class='ocrx_word' id='word_1_434' title='bbox 362 3814 430 3876; x_wconf 82' lang='lat' dir='ltr'><strong>tum,</strong></span> <span class='ocrx_word' id='word_1_435' title='bbox 445 3824 532 3880; x_wconf 87' lang='lat' dir='ltr'><strong>qnam</strong></span> <span class='ocrx_word' id='word_1_436' title='bbox 545 3809 596 3863; x_wconf 92' lang='lat' dir='ltr'><strong>tibi</strong></span> <span class='ocrx_word' id='word_1_437' title='bbox 610 3808 767 3876; x_wconf 76' lang='lat' dir='ltr'><strong>offerimus,</strong></span> <span class='ocrx_word' id='word_1_438' title='bbox 781 3810 818 3865; x_wconf 91' lang='lat' dir='ltr'><strong>oh</strong></span> <span class='ocrx_word' id='word_1_439' title='bbox 831 3810 908 3864; x_wconf 90' lang='lat' dir='ltr'><strong>diem</strong></span> <span class='ocrx_word' id='word_1_440' title='bbox 925 3811 954 3865; x_wconf 91' lang='lat' dir='ltr'><strong>in</strong></span> <span class='ocrx_word' id='word_1_441' title='bbox 1309 3827 1394 3892; x_wconf 61' lang='lat' dir='ltr'><strong>Mra</strong></span> <span class='ocrx_word' id='word_1_442' title='bbox 1412 3825 1552 3879; x_wconf 54' lang='lat' dir='ltr'><strong>actionem,</strong></span> <span class='ocrx_word' id='word_1_443' title='bbox 1873 3784 1875 3817; x_wconf 63' lang='grc' dir='ltr'>Ι</span> 
     </span>
     <span class='ocr_line' id='line_1_42' title="bbox 107 3896 1825 3989; baseline -0.008 -38"><span class='ocrx_word' id='word_1_444' title='bbox 107 3913 165 3969; x_wconf 87' lang='lat' dir='ltr'><strong>que</strong></span> <span class='ocrx_word' id='word_1_445' title='bbox 181 3896 319 3951; x_wconf 85' lang='lat' dir='ltr'><strong>Dominus</strong></span> <span class='ocrx_word' id='word_1_446' title='bbox 335 3902 433 3952; x_wconf 88' lang='lat' dir='ltr'><strong>nester</strong></span> <span class='ocrx_word' id='word_1_447' title='bbox 449 3898 528 3952; x_wconf 84' lang='lat' dir='ltr'><strong>iesus</strong></span> <span class='ocrx_word' id='word_1_448' title='bbox 545 3896 672 3952; x_wconf 86' lang='lat' dir='ltr'><strong>Christus</strong></span> <span class='ocrx_word' id='word_1_449' title='bbox 687 3896 804 3952; x_wconf 80' lang='lat' dir='ltr'><strong>tradidit</strong></span> <span class='ocrx_word' id='word_1_450' title='bbox 826 3897 955 3968; x_wconf 88' lang='lat' dir='ltr'><strong>discipu·</strong></span> <span class='ocrx_word' id='word_1_451' title='bbox 1044 3917 1099 3989; x_wconf 46' lang='grc'>(6,)</span> <span class='ocrx_word' id='word_1_452' title='bbox 1116 3914 1380 3979; x_wconf 48' lang='grc' dir='ltr'><strong>ροωωῃῃίωῃῑθς,</strong></span> <span class='ocrx_word' id='word_1_453' title='bbox 1400 3917 1429 3967; x_wconf 63' lang='lat'><strong>02</strong></span> <span class='ocrx_word' id='word_1_454' title='bbox 1443 3911 1520 3968; x_wconf 53' lang='lat' dir='ltr'><strong>diem</strong></span> <span class='ocrx_word' id='word_1_455' title='bbox 1540 3909 1760 3964; x_wconf 54' lang='lat' dir='ltr'><strong>sacratissimum</strong></span> <span class='ocrx_word' id='word_1_456' title='bbox 1773 3902 1825 3957; x_wconf 44' lang='grc' dir='ltr'><strong>πμ.</strong></span> 
     </span>
    </p>
   </div>
   <div class='ocr_carea' id='block_1_5' title="bbox 106 3984 1824 4061">
    <p class='ocr_par' dir='ltr' id='par_1_5' title="bbox 106 3984 1824 4061">
     <span class='ocr_line' id='line_1_43' title="bbox 106 3984 1824 4061; baseline -0.006 -4"><span class='ocrx_word' id='word_1_457' title='bbox 106 3985 141 4040; x_wconf 62' lang='grc' dir='ltr'><strong>Ῑῑὸ</strong></span> <span class='ocrx_word' id='word_1_458' title='bbox 169 3985 228 4040; x_wconf 63' lang='lat'><strong>⁵⁰5⁵</strong></span> <span class='ocrx_word' id='word_1_459' title='bbox 255 3986 383 4057; x_wconf 61' lang='grc' dir='ltr'><strong>οΟΓΡΟΥῙ8</strong></span> <span class='ocrx_word' id='word_1_460' title='bbox 415 3990 443 4041; x_wconf 58' lang='lat'><strong>0²</strong></span> <span class='ocrx_word' id='word_1_461' title='bbox 468 3985 616 4056; x_wconf 65' lang='lat' dir='ltr'><strong>⁵²⁰8¹¹i¹¹i³</strong></span> <span class='ocrx_word' id='word_1_462' title='bbox 645 3984 689 4039; x_wconf 59' lang='lat'><strong>⁸¹¹1</strong></span> <span class='ocrx_word' id='word_1_463' title='bbox 718 3986 852 4056; x_wconf 52' lang='lat' dir='ltr'><strong>mystesia</strong></span> <span class='ocrx_word' id='word_1_464' title='bbox 881 3987 954 4040; x_wconf 72' lang='lat'><strong>⁰⁰¹⁰·</strong></span> <span class='ocrx_word' id='word_1_465' title='bbox 1006 4006 1125 4061; x_wconf 76' lang='lat' dir='ltr'><strong>hiantes</strong></span> <span class='ocrx_word' id='word_1_466' title='bbox 1145 4003 1363 4059; x_wconf 87' lang='lat' dir='ltr'><strong>resurrectionis</strong></span> <span class='ocrx_word' id='word_1_467' title='bbox 1383 4000 1496 4056; x_wconf 87' lang='lat' dir='ltr'><strong>Domini</strong></span> <span class='ocrx_word' id='word_1_468' title='bbox 1521 3998 1677 4056; x_wconf 83' lang='lat' dir='ltr'><strong>Deinostri</strong></span> <span class='ocrx_word' id='word_1_469' title='bbox 1698 3992 1824 4052; x_wconf 80' lang='lat' dir='ltr'><strong>secondum</strong></span> 
     </span>
    </p>
   </div>
   <div class='ocr_carea' id='block_1_6' title="bbox 106 4073 1824 4254">
    <p class='ocr_par' dir='ltr' id='par_1_6' title="bbox 106 4073 1824 4254">
     <span class='ocr_line' id='line_1_44' title="bbox 106 4073 1824 4161; baseline 0.001 -32"><span class='ocrx_word' id='word_1_470' title='bbox 106 4073 215 4129; x_wconf 89' lang='lat' dir='ltr'><strong>hrenda</strong></span> <span class='ocrx_word' id='word_1_471' title='bbox 237 4090 244 4128; x_wconf 92' lang='lat'><strong>:</strong></span> <span class='ocrx_word' id='word_1_472' title='bbox 270 4089 444 4145; x_wconf 73' lang='lat' dir='ltr'><strong>quesumus,</strong></span> <span class='ocrx_word' id='word_1_473' title='bbox 469 4073 601 4139; x_wconf 85' lang='lat' dir='ltr'><strong>Domine,</strong></span> <span class='ocrx_word' id='word_1_474' title='bbox 618 4078 649 4127; x_wconf 93' lang='lat' dir='ltr'><strong>ut</strong></span> <span class='ocrx_word' id='word_1_475' title='bbox 668 4074 796 4143; x_wconf 87' lang='lat' dir='ltr'><strong>placatus</strong></span> <span class='ocrx_word' id='word_1_476' title='bbox 819 4074 953 4145; x_wconf 89' lang='lat' dir='ltr'><strong>accipies.</strong></span> <span class='ocrx_word' id='word_1_477' title='bbox 1007 4111 1134 4161; x_wconf 51' lang='lat' dir='ltr'><strong>carnem,</strong></span> <span class='ocrx_word' id='word_1_478' title='bbox 1154 4095 1202 4149; x_wconf 58' lang='lat' dir='ltr'><strong>,ed</strong></span> <span class='ocrx_word' id='word_1_479' title='bbox 1219 4097 1247 4149; x_wconf 63' lang='lat' dir='ltr'><strong>gt</strong></span> <span class='ocrx_word' id='word_1_480' title='bbox 1268 4091 1439 4147; x_wconf 60' lang='lat' dir='ltr'><strong>memoriam</strong></span> <span class='ocrx_word' id='word_1_481' title='bbox 1457 4093 1637 4145; x_wconf 57' lang='lat' dir='ltr'><strong>mmm,</strong></span> <span class='ocrx_word' id='word_1_482' title='bbox 1656 4088 1732 4142; x_wconf 65' lang='lat' dir='ltr'><strong>nme</strong></span> <span class='ocrx_word' id='word_1_483' title='bbox 1750 4081 1824 4153; x_wconf 83' lang='lat' dir='ltr'><strong>igitur,</strong></span> 
     </span>
     <span class='ocr_line' id='line_1_45' title="bbox 142 4161 1145 4254; baseline 0 -37"><span class='ocrx_word' id='word_1_484' title='bbox 142 4162 197 4226; x_wconf 81' lang='lat' dir='ltr'><strong>Qui</strong></span> <span class='ocrx_word' id='word_1_485' title='bbox 214 4161 306 4233; x_wconf 90' lang='lat' dir='ltr'><strong>pridie</strong></span> <span class='ocrx_word' id='word_1_486' title='bbox 325 4177 411 4233; x_wconf 88' lang='lat' dir='ltr'><strong>quam</strong></span> <span class='ocrx_word' id='word_1_487' title='bbox 427 4177 480 4232; x_wconf 92' lang='lat' dir='ltr'><strong>pro</strong></span> <span class='ocrx_word' id='word_1_488' title='bbox 496 4168 592 4215; x_wconf 83' lang='lat' dir='ltr'><strong>nostre</strong></span> <span class='ocrx_word' id='word_1_489' title='bbox 618 4161 749 4215; x_wconf 90' lang='lat' dir='ltr'><strong>omnium</strong></span> <span class='ocrx_word' id='word_1_490' title='bbox 767 4162 858 4216; x_wconf 87' lang='lat' dir='ltr'><strong>salute</strong></span> <span class='ocrx_word' id='word_1_491' title='bbox 874 4167 953 4232; x_wconf 88' lang='lat' dir='ltr'><strong>pete·</strong></span> <span class='ocrx_word' id='word_1_492' title='bbox 1008 4189 1039 4241; x_wconf 56' lang='grc' dir='ltr'>ω</span> <span class='ocrx_word' id='word_1_493' title='bbox 1050 4199 1145 4254; x_wconf 52' lang='grc' dir='ltr'><strong>ΝΜ</strong></span> 
     </span>
    </p>
   </div>
   <div class='ocr_carea' id='block_1_7' title="bbox 106 4248 1510 4852">
    <p class='ocr_par' dir='ltr' id='par_1_7' title="bbox 106 4248 1510 4482">
     <span class='ocr_line' id='line_1_46' title="bbox 106 4248 1510 4324; baseline 0.003 -20"><span class='ocrx_word' id='word_1_494' title='bbox 106 4255 196 4317; x_wconf 91' lang='lat' dir='ltr'><strong>retur,</strong></span> <span class='ocrx_word' id='word_1_495' title='bbox 216 4251 269 4305; x_wconf 93' lang='lat' dir='ltr'><strong>hoc</strong></span> <span class='ocrx_word' id='word_1_496' title='bbox 287 4254 340 4317; x_wconf 90' lang='lat' dir='ltr'><strong>est,</strong></span> <span class='ocrx_word' id='word_1_497' title='bbox 361 4248 457 4317; x_wconf 90' lang='lat' dir='ltr'><strong>hodie,</strong></span> <span class='ocrx_word' id='word_1_498' title='bbox 477 4249 586 4321; x_wconf 90' lang='lat' dir='ltr'><strong>accepit</strong></span> <span class='ocrx_word' id='word_1_499' title='bbox 607 4265 712 4321; x_wconf 87' lang='lat' dir='ltr'><strong>panem</strong></span> <span class='ocrx_word' id='word_1_500' title='bbox 736 4249 767 4304; x_wconf 93' lang='lat' dir='ltr'><strong>in</strong></span> <span class='ocrx_word' id='word_1_501' title='bbox 789 4256 900 4305; x_wconf 87' lang='lat' dir='ltr'><strong>sanctas</strong></span> <span class='ocrx_word' id='word_1_502' title='bbox 921 4248 995 4306; x_wconf 82' lang='lat' dir='ltr'><strong>ecl)</strong></span> <span class='ocrx_word' id='word_1_503' title='bbox 1154 4283 1163 4308; x_wconf 62' lang='lat' dir='ltr'><strong>t</strong></span> <span class='ocrx_word' id='word_1_504' title='bbox 1357 4284 1452 4324; x_wconf 61' lang='lat' dir='ltr'><strong>mu</strong></span> <span class='ocrx_word' id='word_1_505' title='bbox 1474 4282 1510 4322; x_wconf 88' lang='lat'><strong>11.</strong></span> 
     </span>
     <span class='ocr_line' id='line_1_47' title="bbox 108 4338 496 4394; baseline 0 -2"><span class='ocrx_word' id='word_1_506' title='bbox 108 4338 287 4394; x_wconf 85' lang='lat' dir='ltr'><strong>venerabiles</strong></span> <span class='ocrx_word' id='word_1_507' title='bbox 304 4354 406 4393; x_wconf 90' lang='lat' dir='ltr'><strong>manns</strong></span> <span class='ocrx_word' id='word_1_508' title='bbox 421 4352 496 4392; x_wconf 87' lang='lat' dir='ltr'><strong>suas.</strong></span> 
     </span>
     <span class='ocr_line' id='line_1_48' title="bbox 384 4440 681 4482; baseline -0.003 0"><span class='ocrx_word' id='word_1_509' title='bbox 384 4440 527 4482; x_wconf 76' lang='lat' dir='ltr'><strong>stenaro</strong></span> <span class='ocrx_word' id='word_1_510' title='bbox 549 4441 681 4482; x_wconf 79' lang='lat' dir='ltr'><strong>saltere.</strong></span> 
     </span>
    </p>

    <p class='ocr_par' dir='ltr' id='par_1_8' title="bbox 106 4515 1301 4852">
     <span class='ocr_line' id='line_1_49' title="bbox 142 4515 953 4587; baseline 0.001 -18"><span class='ocrx_word' id='word_1_511' title='bbox 142 4516 203 4586; x_wconf 79' lang='lat' dir='ltr'><em>(G.)</em></span> <span class='ocrx_word' id='word_1_512' title='bbox 232 4517 355 4587; x_wconf 79' lang='lat' dir='ltr'><strong>AEqiaum</strong></span> <span class='ocrx_word' id='word_1_513' title='bbox 385 4520 414 4570; x_wconf 91' lang='lat' dir='ltr'><strong>et</strong></span> <span class='ocrx_word' id='word_1_514' title='bbox 441 4516 574 4570; x_wconf 88' lang='lat' dir='ltr'><strong>salutare.</strong></span> <span class='ocrx_word' id='word_1_515' title='bbox 600 4517 637 4570; x_wconf 84' lang='lat' dir='ltr'><strong>Te</strong></span> <span class='ocrx_word' id='word_1_516' title='bbox 664 4515 792 4587; x_wconf 89' lang='lat' dir='ltr'><strong>quidem,</strong></span> <span class='ocrx_word' id='word_1_517' title='bbox 822 4516 953 4585; x_wconf 87' lang='lat' dir='ltr'><strong>Domine,</strong></span> 
     </span>
     <span class='ocr_line' id='line_1_50' title="bbox 107 4603 955 4673; baseline 0.002 -17"><span class='ocrx_word' id='word_1_518' title='bbox 107 4603 345 4673; x_wconf 89' lang='lat' dir='ltr'><strong>omnitempore,</strong></span> <span class='ocrx_word' id='word_1_519' title='bbox 363 4603 456 4658; x_wconf 82' lang='lat' dir='ltr'><strong>sedin</strong></span> <span class='ocrx_word' id='word_1_520' title='bbox 475 4604 528 4657; x_wconf 87' lang='lat' dir='ltr'><strong>heo</strong></span> <span class='ocrx_word' id='word_1_521' title='bbox 544 4603 725 4673; x_wconf 88' lang='lat' dir='ltr'><strong>potissimum</strong></span> <span class='ocrx_word' id='word_1_522' title='bbox 750 4609 830 4658; x_wconf 90' lang='lat' dir='ltr'><strong>nocte</strong></span> <span class='ocrx_word' id='word_1_523' title='bbox 845 4603 955 4673; x_wconf 89' lang='lat' dir='ltr'><strong>glorio-</strong></span> 
     </span>
     <span class='ocr_line' id='line_1_51' title="bbox 106 4690 1097 4763; baseline 0.002 -18"><span class='ocrx_word' id='word_1_524' title='bbox 106 4690 164 4746; x_wconf 90' lang='lat' dir='ltr'><strong>sius</strong></span> <span class='ocrx_word' id='word_1_525' title='bbox 180 4691 345 4763; x_wconf 85' lang='lat' dir='ltr'><strong>proedicere‚</strong></span> <span class='ocrx_word' id='word_1_526' title='bbox 365 4708 430 4747; x_wconf 93' lang='lat' dir='ltr'><strong>cum</strong></span> <span class='ocrx_word' id='word_1_527' title='bbox 454 4694 557 4763; x_wconf 89' lang='lat' dir='ltr'><strong>pasche</strong></span> <span class='ocrx_word' id='word_1_528' title='bbox 579 4698 707 4746; x_wconf 90' lang='lat' dir='ltr'><strong>nostrum</strong></span> <span class='ocrx_word' id='word_1_529' title='bbox 728 4693 895 4747; x_wconf 89' lang='lat' dir='ltr'><strong>immolatus</strong></span> <span class='ocrx_word' id='word_1_530' title='bbox 913 4696 956 4747; x_wconf 92' lang='lat' dir='ltr'><strong>est</strong></span> <span class='ocrx_word' id='word_1_531' title='bbox 1094 4752 1097 4759; x_wconf 57' lang='grc'><strong>,</strong></span> 
     </span>
     <span class='ocr_line' id='line_1_52' title="bbox 106 4747 1301 4852; baseline -0.001 -16"><span class='ocrx_word' id='word_1_532' title='bbox 106 4779 250 4849; x_wconf 79' lang='lat' dir='ltr'><strong>Christus3</strong></span> <span class='ocrx_word' id='word_1_533' title='bbox 273 4781 334 4851; x_wconf 92' lang='lat' dir='ltr'><strong>ipse</strong></span> <span class='ocrx_word' id='word_1_534' title='bbox 356 4779 433 4836; x_wconf 90' lang='lat' dir='ltr'><strong>enim</strong></span> <span class='ocrx_word' id='word_1_535' title='bbox 458 4796 541 4834; x_wconf 77' lang='lat' dir='ltr'><strong>verus</strong></span> <span class='ocrx_word' id='word_1_536' title='bbox 564 4786 607 4835; x_wconf 91' lang='lat' dir='ltr'><strong>est</strong></span> <span class='ocrx_word' id='word_1_537' title='bbox 631 4796 734 4851; x_wconf 84' lang='lat' dir='ltr'><strong>agnus,</strong></span> <span class='ocrx_word' id='word_1_538' title='bbox 761 4781 812 4852; x_wconf 87' lang='lat' dir='ltr'><strong>qui</strong></span> <span class='ocrx_word' id='word_1_539' title='bbox 839 4781 956 4836; x_wconf 88' lang='lat' dir='ltr'><strong>abstulit</strong></span> <span class='ocrx_word' id='word_1_540' title='bbox 997 4749 1071 4850; x_wconf 42' lang='lat' dir='ltr'><strong><em>‚bam</em></strong></span> <span class='ocrx_word' id='word_1_541' title='bbox 1087 4752 1158 4803; x_wconf 61' lang='lat' dir='ltr'><strong>&#39;mer</strong></span> <span class='ocrx_word' id='word_1_542' title='bbox 1172 4747 1301 4801; x_wconf 53' lang='lat' dir='ltr'><strong>dmm·</strong></span> 
     </span>
    </p>
   </div>
   <div class='ocr_carea' id='block_1_8' title="bbox 105 4861 1713 4938">
    <p class='ocr_par' dir='ltr' id='par_1_9' title="bbox 105 4861 1713 4938">
     <span class='ocr_line' id='line_1_53' title="bbox 105 4861 1713 4938; baseline 0.001 -16"><span class='ocrx_word' id='word_1_543' title='bbox 105 4873 222 4938; x_wconf 87' lang='lat' dir='ltr'><strong>peccata</strong></span> <span class='ocrx_word' id='word_1_544' title='bbox 241 4868 353 4924; x_wconf 90' lang='lat' dir='ltr'><strong>mundi.</strong></span> <span class='ocrx_word' id='word_1_545' title='bbox 376 4868 431 4933; x_wconf 82' lang='lat' dir='ltr'><strong>Oui</strong></span> <span class='ocrx_word' id='word_1_546' title='bbox 453 4873 574 4922; x_wconf 89' lang='lat' dir='ltr'><strong>mortem</strong></span> <span class='ocrx_word' id='word_1_547' title='bbox 597 4874 723 4923; x_wconf 85' lang='lat' dir='ltr'><strong>nostram</strong></span> <span class='ocrx_word' id='word_1_548' title='bbox 748 4868 895 4924; x_wconf 90' lang='lat' dir='ltr'><strong>moriendo</strong></span> <span class='ocrx_word' id='word_1_549' title='bbox 910 4868 956 4925; x_wconf 88' lang='lat' dir='ltr'><strong>de-</strong></span> <span class='ocrx_word' id='word_1_550' title='bbox 1154 4868 1249 4908; x_wconf 59' lang='grc' dir='ltr'><strong>ΗΜΛ</strong></span> <span class='ocrx_word' id='word_1_551' title='bbox 1272 4867 1312 4906; x_wconf 81' lang='lat'><strong>¹¹¹</strong></span> <span class='ocrx_word' id='word_1_552' title='bbox 1337 4866 1376 4906; x_wconf 73' lang='grc' dir='ltr'><strong>Η)</strong></span> <span class='ocrx_word' id='word_1_553' title='bbox 1398 4863 1546 4905; x_wconf 58' lang='lat' dir='ltr'><strong>Simu*</strong></span> <span class='ocrx_word' id='word_1_554' title='bbox 1570 4861 1713 4903; x_wconf 64' lang='lat' dir='ltr'><strong>mm·</strong></span> 
     </span>
    </p>
   </div>
   <div class='ocr_carea' id='block_1_9' title="bbox 46 4935 1830 5560">
    <p class='ocr_par' dir='ltr' id='par_1_10' title="bbox 107 4935 1823 5099">
     <span class='ocr_line' id='line_1_54' title="bbox 107 4935 1823 5028; baseline -0.001 -17"><span class='ocrx_word' id='word_1_555' title='bbox 107 4957 213 5012; x_wconf 85' lang='lat' dir='ltr'><strong>struxit</strong></span> <span class='ocrx_word' id='word_1_556' title='bbox 227 4962 256 5012; x_wconf 88' lang='lat' dir='ltr'><strong>et</strong></span> <span class='ocrx_word' id='word_1_557' title='bbox 270 4958 359 5012; x_wconf 87' lang='lat' dir='ltr'><strong>vitem</strong></span> <span class='ocrx_word' id='word_1_558' title='bbox 374 4957 551 5027; x_wconf 88' lang='lat' dir='ltr'><strong>resurgendo</strong></span> <span class='ocrx_word' id='word_1_559' title='bbox 565 4957 716 5028; x_wconf 88' lang='lat' dir='ltr'><strong>reparavit.</strong></span> <span class='ocrx_word' id='word_1_560' title='bbox 734 4958 765 5011; x_wconf 87' lang='lat' dir='ltr'><strong>Et</strong></span> <span class='ocrx_word' id='word_1_561' title='bbox 779 4957 854 5012; x_wconf 92' lang='lat' dir='ltr'><strong>ideo.</strong></span> <span class='ocrx_word' id='word_1_562' title='bbox 1044 4941 1107 5012; x_wconf 55' lang='grc' dir='ltr'><strong>(Α)</strong></span> <span class='ocrx_word' id='word_1_563' title='bbox 1128 4942 1242 4995; x_wconf 60' lang='lat' dir='ltr'><strong>stiffi</strong></span> <span class='ocrx_word' id='word_1_564' title='bbox 1266 4941 1349 4994; x_wconf 56' lang='lat'>⁰⁰¹¹&amp;</span> <span class='ocrx_word' id='word_1_565' title='bbox 1377 4940 1430 4993; x_wconf 64' lang='lat'><strong>9⁶¹*</strong></span> <span class='ocrx_word' id='word_1_566' title='bbox 1452 4935 1597 4991; x_wconf 54' lang='lat' dir='ltr'><strong>Christum</strong></span> <span class='ocrx_word' id='word_1_567' title='bbox 1623 4935 1768 4989; x_wconf 61' lang='lat' dir='ltr'><strong>omninum</strong></span> <span class='ocrx_word' id='word_1_568' title='bbox 1786 4937 1823 4978; x_wconf 48' lang='grc' dir='ltr'><em>Ψ</em></span> 
     </span>
     <span class='ocr_line' id='line_1_55' title="bbox 494 5009 1823 5099; baseline -0.005 -15"><span class='ocrx_word' id='word_1_569' title='bbox 494 5046 570 5099; x_wconf 58' lang='lat' dir='ltr'><strong>Apa,</strong></span> <span class='ocrx_word' id='word_1_570' title='bbox 1009 5034 1111 5084; x_wconf 90' lang='lat' dir='ltr'><strong>strum.</strong></span> <span class='ocrx_word' id='word_1_571' title='bbox 1123 5029 1178 5095; x_wconf 80' lang='lat' dir='ltr'><strong>Qui</strong></span> <span class='ocrx_word' id='word_1_572' title='bbox 1193 5028 1339 5083; x_wconf 87' lang='lat' dir='ltr'><strong>oblatione</strong></span> <span class='ocrx_word' id='word_1_573' title='bbox 1352 5025 1396 5082; x_wconf 89' lang='lat' dir='ltr'><strong>sui</strong></span> <span class='ocrx_word' id='word_1_574' title='bbox 1407 5024 1543 5097; x_wconf 88' lang='lat' dir='ltr'><strong>corporis,</strong></span> <span class='ocrx_word' id='word_1_575' title='bbox 1558 5029 1625 5092; x_wconf 78' lang='lat' dir='ltr'><strong>etc,</strong></span> <span class='ocrx_word' id='word_1_576' title='bbox 1637 5028 1668 5079; x_wconf 83' lang='lat' dir='ltr'><strong>et</strong></span> <span class='ocrx_word' id='word_1_577' title='bbox 1677 5038 1727 5093; x_wconf 74' lang='lat' dir='ltr'><strong>sap</strong></span> <span class='ocrx_word' id='word_1_578' title='bbox 1748 5021 1789 5088; x_wconf 71' lang='lat' dir='ltr'><strong>fu·</strong></span> <span class='ocrx_word' id='word_1_579' title='bbox 1800 5009 1823 5063; x_wconf 74' lang='lat' dir='ltr'><strong>V·</strong></span> 
     </span>
    </p>

    <p class='ocr_par' dir='ltr' id='par_1_11' title="bbox 46 5117 1199 5205">
     <span class='ocr_line' id='line_1_56' title="bbox 46 5117 1199 5205; baseline 0 -18"><span class='ocrx_word' id='word_1_580' title='bbox 46 5189 52 5205; x_wconf 49' lang='grc'>,</span> <span class='ocrx_word' id='word_1_581' title='bbox 142 5133 255 5187; x_wconf 81' lang='lat' dir='ltr'><strong>AEterne</strong></span> <span class='ocrx_word' id='word_1_582' title='bbox 271 5133 356 5187; x_wconf 87' lang='lat' dir='ltr'><strong>Deus.</strong></span> <span class='ocrx_word' id='word_1_583' title='bbox 374 5133 405 5187; x_wconf 77' lang='lat' dir='ltr'><strong>ut</strong></span> <span class='ocrx_word' id='word_1_584' title='bbox 425 5136 454 5186; x_wconf 88' lang='lat' dir='ltr'><strong>te</strong></span> <span class='ocrx_word' id='word_1_585' title='bbox 470 5134 549 5187; x_wconf 94' lang='lat' dir='ltr'><strong>omni</strong></span> <span class='ocrx_word' id='word_1_586' title='bbox 565 5133 683 5203; x_wconf 87' lang='lat' dir='ltr'><strong>quidem</strong></span> <span class='ocrx_word' id='word_1_587' title='bbox 701 5136 842 5203; x_wconf 88' lang='lat' dir='ltr'><strong>tempore,</strong></span> <span class='ocrx_word' id='word_1_588' title='bbox 859 5132 908 5187; x_wconf 92' lang='lat' dir='ltr'><strong>sed</strong></span> <span class='ocrx_word' id='word_1_589' title='bbox 925 5132 956 5188; x_wconf 95' lang='lat' dir='ltr'><strong>in</strong></span> <span class='ocrx_word' id='word_1_590' title='bbox 1009 5121 1082 5173; x_wconf 58' lang='lat' dir='ltr'><strong>fnit?</strong></span> <span class='ocrx_word' id='word_1_591' title='bbox 1101 5117 1199 5174; x_wconf 59' lang='lat' dir='ltr'><strong>Ambr-</strong></span> 
     </span>
    </p>

    <p class='ocr_par' dir='ltr' id='par_1_12' title="bbox 108 5221 1817 5299">
     <span class='ocr_line' id='line_1_57' title="bbox 108 5221 1817 5299; baseline -0.002 -23"><span class='ocrx_word' id='word_1_592' title='bbox 108 5221 160 5277; x_wconf 90' lang='lat' dir='ltr'><strong>hec</strong></span> <span class='ocrx_word' id='word_1_593' title='bbox 175 5221 356 5293; x_wconf 90' lang='lat' dir='ltr'><strong>potissimum</strong></span> <span class='ocrx_word' id='word_1_594' title='bbox 371 5228 454 5275; x_wconf 90' lang='lat' dir='ltr'><strong>nocte</strong></span> <span class='ocrx_word' id='word_1_595' title='bbox 467 5221 618 5292; x_wconf 79' lang='lat' dir='ltr'><strong>gloriosius</strong></span> <span class='ocrx_word' id='word_1_596' title='bbox 633 5221 797 5275; x_wconf 88' lang='lat' dir='ltr'><strong>collaudare</strong></span> <span class='ocrx_word' id='word_1_597' title='bbox 812 5227 840 5276; x_wconf 91' lang='lat' dir='ltr'><strong>et</strong></span> <span class='ocrx_word' id='word_1_598' title='bbox 854 5221 955 5292; x_wconf 81' lang='lat' dir='ltr'><strong>praedi·</strong></span> <span class='ocrx_word' id='word_1_599' title='bbox 1181 5236 1277 5276; x_wconf 80' lang='lat' dir='ltr'><strong>raam</strong></span> <span class='ocrx_word' id='word_1_600' title='bbox 1299 5235 1330 5275; x_wconf 76' lang='grc' dir='ltr'><strong>ιν</strong></span> <span class='ocrx_word' id='word_1_601' title='bbox 1350 5236 1389 5277; x_wconf 82' lang='lat' dir='ltr'><strong>an</strong></span> <span class='ocrx_word' id='word_1_602' title='bbox 1411 5236 1438 5276; x_wconf 89' lang='lat' dir='ltr'><strong>e.</strong></span> <span class='ocrx_word' id='word_1_603' title='bbox 1460 5233 1687 5275; x_wconf 77' lang='lat' dir='ltr'><strong>nauannrrou.</strong></span> <span class='ocrx_word' id='word_1_604' title='bbox 1812 5289 1817 5299; x_wconf 26' lang='grc' dir='ltr'>ι</span> 
     </span>
    </p>

    <p class='ocr_par' dir='ltr' id='par_1_13' title="bbox 108 5296 1829 5380">
     <span class='ocr_line' id='line_1_58' title="bbox 108 5296 1829 5380; baseline -0.005 -17"><span class='ocrx_word' id='word_1_605' title='bbox 108 5325 182 5377; x_wconf 91' lang='lat' dir='ltr'><strong>cere,</strong></span> <span class='ocrx_word' id='word_1_606' title='bbox 201 5326 253 5380; x_wconf 91' lang='lat' dir='ltr'><strong>per</strong></span> <span class='ocrx_word' id='word_1_607' title='bbox 272 5309 416 5365; x_wconf 80' lang='lat' dir='ltr'><strong>Christum</strong></span> <span class='ocrx_word' id='word_1_608' title='bbox 437 5310 589 5365; x_wconf 85' lang='lat' dir='ltr'><strong>Dominum</strong></span> <span class='ocrx_word' id='word_1_609' title='bbox 612 5314 752 5364; x_wconf 92' lang='lat' dir='ltr'><strong>nostrum.</strong></span> <span class='ocrx_word' id='word_1_610' title='bbox 774 5310 830 5374; x_wconf 81' lang='lat' dir='ltr'><strong>uni</strong></span> <span class='ocrx_word' id='word_1_611' title='bbox 850 5310 956 5365; x_wconf 83' lang='lat' dir='ltr'><strong>iniero·</strong></span> <span class='ocrx_word' id='word_1_612' title='bbox 1044 5311 1101 5380; x_wconf 78' lang='lat' dir='ltr'>(G.)</span> <span class='ocrx_word' id='word_1_613' title='bbox 1128 5312 1241 5365; x_wconf 82' lang='lat' dir='ltr'><strong>AEterne</strong></span> <span class='ocrx_word' id='word_1_614' title='bbox 1266 5310 1349 5363; x_wconf 87' lang='lat' dir='ltr'><strong>Deus.</strong></span> <span class='ocrx_word' id='word_1_615' title='bbox 1379 5310 1412 5363; x_wconf 87' lang='lat' dir='ltr'><strong>Et</strong></span> <span class='ocrx_word' id='word_1_616' title='bbox 1438 5307 1575 5378; x_wconf 87' lang='lat' dir='ltr'><strong>pietatem</strong></span> <span class='ocrx_word' id='word_1_617' title='bbox 1598 5314 1680 5362; x_wconf 87' lang='lat' dir='ltr'><strong>tuam</strong></span> <span class='ocrx_word' id='word_1_618' title='bbox 1708 5296 1829 5360; x_wconf 68' lang='lat' dir='ltr'><strong>indatusts</strong></span> 
     </span>
    </p>

    <p class='ocr_par' dir='ltr' id='par_1_14' title="bbox 107 5391 1829 5470">
     <span class='ocr_line' id='line_1_59' title="bbox 107 5391 1829 5470; baseline -0.005 -20"><span class='ocrx_word' id='word_1_619' title='bbox 107 5412 173 5451; x_wconf 88' lang='lat' dir='ltr'><strong>rum</strong></span> <span class='ocrx_word' id='word_1_620' title='bbox 188 5398 311 5453; x_wconf 90' lang='lat' dir='ltr'><strong>claustra</strong></span> <span class='ocrx_word' id='word_1_621' title='bbox 330 5397 521 5470; x_wconf 87' lang='lat' dir='ltr'><strong>disrumpens,</strong></span> <span class='ocrx_word' id='word_1_622' title='bbox 542 5399 668 5453; x_wconf 75' lang='lat' dir='ltr'><strong>victorias</strong></span> <span class='ocrx_word' id='word_1_623' title='bbox 686 5414 744 5452; x_wconf 73' lang='lat' dir='ltr'><strong>suae</strong></span> <span class='ocrx_word' id='word_1_624' title='bbox 761 5399 838 5452; x_wconf 87' lang='lat' dir='ltr'><strong>clara</strong></span> <span class='ocrx_word' id='word_1_625' title='bbox 856 5398 956 5452; x_wconf 85' lang='lat' dir='ltr'><strong>vexilla</strong></span> <span class='ocrx_word' id='word_1_626' title='bbox 1010 5399 1143 5470; x_wconf 89' lang='lat' dir='ltr'><strong>precibus</strong></span> <span class='ocrx_word' id='word_1_627' title='bbox 1159 5399 1326 5470; x_wconf 89' lang='lat' dir='ltr'><strong>implorare,</strong></span> <span class='ocrx_word' id='word_1_628' title='bbox 1347 5404 1378 5451; x_wconf 94' lang='lat' dir='ltr'><strong>ut</strong></span> <span class='ocrx_word' id='word_1_629' title='bbox 1396 5397 1446 5466; x_wconf 82' lang='lat' dir='ltr'><strong>qm</strong></span> <span class='ocrx_word' id='word_1_630' title='bbox 1462 5396 1604 5467; x_wconf 82' lang='lat' dir='ltr'><strong>paschalis</strong></span> <span class='ocrx_word' id='word_1_631' title='bbox 1627 5391 1780 5449; x_wconf 80' lang='lat' dir='ltr'><strong>festivitatis</strong></span> <span class='ocrx_word' id='word_1_632' title='bbox 1796 5397 1829 5435; x_wconf 76' lang='lat'><strong>⁵⁰·</strong></span> 
     </span>
    </p>

    <p class='ocr_par' dir='ltr' id='par_1_15' title="bbox 108 5474 1830 5560">
     <span class='ocr_line' id='line_1_60' title="bbox 108 5474 1830 5560; baseline -0.008 -22"><span class='ocrx_word' id='word_1_633' title='bbox 108 5485 244 5556; x_wconf 87' lang='lat' dir='ltr'><strong>suscepit,</strong></span> <span class='ocrx_word' id='word_1_634' title='bbox 273 5491 302 5541; x_wconf 92' lang='lat' dir='ltr'><strong>et</strong></span> <span class='ocrx_word' id='word_1_635' title='bbox 326 5486 504 5558; x_wconf 88' lang='lat' dir='ltr'><strong>triomphato</strong></span> <span class='ocrx_word' id='word_1_636' title='bbox 525 5486 640 5541; x_wconf 86' lang='lat' dir='ltr'><strong>diabolo</strong></span> <span class='ocrx_word' id='word_1_637' title='bbox 662 5485 698 5559; x_wconf 77' lang='lat' dir='ltr'><strong>[s.</strong></span> <span class='ocrx_word' id='word_1_638' title='bbox 723 5486 789 5542; x_wconf 83' lang='lat' dir='ltr'><strong>add.</strong></span> <span class='ocrx_word' id='word_1_639' title='bbox 814 5487 902 5542; x_wconf 86' lang='lat' dir='ltr'><strong>victor</strong></span> <span class='ocrx_word' id='word_1_640' title='bbox 925 5486 955 5560; x_wconf 87' lang='lat' dir='ltr'><strong>a]</strong></span> <span class='ocrx_word' id='word_1_641' title='bbox 1008 5487 1120 5544; x_wconf 86' lang='lat' dir='ltr'><strong>lemnia</strong></span> <span class='ocrx_word' id='word_1_642' title='bbox 1133 5487 1264 5554; x_wconf 89' lang='lat' dir='ltr'><strong>colimus,</strong></span> <span class='ocrx_word' id='word_1_643' title='bbox 1280 5486 1311 5540; x_wconf 92' lang='lat' dir='ltr'><strong>in</strong></span> <span class='ocrx_word' id='word_1_644' title='bbox 1329 5491 1378 5541; x_wconf 86' lang='lat' dir='ltr'><strong>tua</strong></span> <span class='ocrx_word' id='word_1_645' title='bbox 1398 5500 1512 5556; x_wconf 88' lang='lat' dir='ltr'><strong>semper</strong></span> <span class='ocrx_word' id='word_1_646' title='bbox 1532 5482 1756 5539; x_wconf 82' lang='lat' dir='ltr'><strong>sanctificatione</strong></span> <span class='ocrx_word' id='word_1_647' title='bbox 1773 5474 1830 5528; x_wconf 76' lang='lat' dir='ltr'><strong>viva·</strong></span> 
     </span>
    </p>
   </div>
   <div class='ocr_carea' id='block_1_10' title="bbox 1007 1368 1840 2332">
    <p class='ocr_par' dir='ltr' id='par_1_16' title="bbox 1007 1368 1840 1887">
     <span class='ocr_line' id='line_1_61' title="bbox 1044 1368 1840 1443; baseline -0.011 -11"><span class='ocrx_word' id='word_1_648' title='bbox 1044 1374 1101 1443; x_wconf 84' lang='lat' dir='ltr'><em>(G.)</em></span> <span class='ocrx_word' id='word_1_649' title='bbox 1118 1373 1379 1441; x_wconf 72' lang='lat' dir='ltr'><strong>Communicamus,</strong></span> <span class='ocrx_word' id='word_1_650' title='bbox 1397 1377 1425 1428; x_wconf 93' lang='lat' dir='ltr'><strong>et</strong></span> <span class='ocrx_word' id='word_1_651' title='bbox 1439 1376 1551 1428; x_wconf 88' lang='lat' dir='ltr'><strong>noctem</strong></span> <span class='ocrx_word' id='word_1_652' title='bbox 1571 1368 1789 1426; x_wconf 89' lang='lat' dir='ltr'><strong>sacratissimam</strong></span> <span class='ocrx_word' id='word_1_653' title='bbox 1803 1385 1840 1423; x_wconf 90' lang='lat' dir='ltr'><strong>ce·</strong></span> 
     </span>
     <span class='ocr_line' id='line_1_62' title="bbox 1007 1456 1840 1529; baseline -0.01 -12"><span class='ocrx_word' id='word_1_654' title='bbox 1007 1462 1162 1529; x_wconf 85' lang='lat' dir='ltr'><strong>lebrentes,</strong></span> <span class='ocrx_word' id='word_1_655' title='bbox 1184 1462 1399 1517; x_wconf 89' lang='lat' dir='ltr'><strong>resurrectionis</strong></span> <span class='ocrx_word' id='word_1_656' title='bbox 1421 1459 1536 1516; x_wconf 83' lang='lat' dir='ltr'><strong>Domini</strong></span> <span class='ocrx_word' id='word_1_657' title='bbox 1557 1461 1649 1514; x_wconf 87' lang='lat' dir='ltr'><strong>nostri</strong></span> <span class='ocrx_word' id='word_1_658' title='bbox 1665 1461 1731 1514; x_wconf 82' lang='lat' dir='ltr'><strong>iesu</strong></span> <span class='ocrx_word' id='word_1_659' title='bbox 1753 1456 1840 1513; x_wconf 85' lang='lat' dir='ltr'><strong>Christi</strong></span> 
     </span>
     <span class='ocr_line' id='line_1_63' title="bbox 1007 1545 1839 1619; baseline -0.008 -14"><span class='ocrx_word' id='word_1_660' title='bbox 1007 1550 1166 1607; x_wconf 92' lang='lat' dir='ltr'><strong>secundum</strong></span> <span class='ocrx_word' id='word_1_661' title='bbox 1185 1566 1311 1619; x_wconf 89' lang='lat' dir='ltr'><strong>carnem,</strong></span> <span class='ocrx_word' id='word_1_662' title='bbox 1332 1550 1428 1605; x_wconf 87' lang='lat' dir='ltr'><strong>sedet</strong></span> <span class='ocrx_word' id='word_1_663' title='bbox 1449 1549 1621 1604; x_wconf 89' lang='lat' dir='ltr'><strong>memoriam</strong></span> <span class='ocrx_word' id='word_1_664' title='bbox 1641 1552 1806 1602; x_wconf 86' lang='lat' dir='ltr'><strong>venerantes</strong></span> <span class='ocrx_word' id='word_1_665' title='bbox 1817 1545 1839 1599; x_wconf 87' lang='lat' dir='ltr'><strong>in</strong></span> 
     </span>
     <span class='ocr_line' id='line_1_64' title="bbox 1007 1634 1840 1711; baseline -0.007 -18"><span class='ocrx_word' id='word_1_666' title='bbox 1007 1639 1109 1711; x_wconf 92' lang='lat' dir='ltr'><strong>primis</strong></span> <span class='ocrx_word' id='word_1_667' title='bbox 1137 1639 1269 1711; x_wconf 76' lang='lat' dir='ltr'><strong>gloriosae</strong></span> <span class='ocrx_word' id='word_1_668' title='bbox 1297 1655 1410 1710; x_wconf 91' lang='lat' dir='ltr'><strong>semper</strong></span> <span class='ocrx_word' id='word_1_669' title='bbox 1435 1636 1554 1710; x_wconf 81' lang='lat' dir='ltr'><strong>virginis</strong></span> <span class='ocrx_word' id='word_1_670' title='bbox 1577 1636 1685 1702; x_wconf 73' lang='lat' dir='ltr'><strong>Merite,</strong></span> <span class='ocrx_word' id='word_1_671' title='bbox 1711 1634 1840 1706; x_wconf 85' lang='lat' dir='ltr'><strong>genitricis</strong></span> 
     </span>
     <span class='ocr_line' id='line_1_65' title="bbox 1008 1723 1840 1799; baseline -0.006 -17"><span class='ocrx_word' id='word_1_672' title='bbox 1008 1728 1136 1799; x_wconf 82' lang='lat' dir='ltr'><strong>ejusdem</strong></span> <span class='ocrx_word' id='word_1_673' title='bbox 1158 1729 1208 1784; x_wconf 86' lang='lat' dir='ltr'><strong>Dei</strong></span> <span class='ocrx_word' id='word_1_674' title='bbox 1227 1733 1256 1782; x_wconf 94' lang='lat' dir='ltr'><strong>et</strong></span> <span class='ocrx_word' id='word_1_675' title='bbox 1275 1727 1389 1782; x_wconf 83' lang='lat' dir='ltr'><strong>Domini</strong></span> <span class='ocrx_word' id='word_1_676' title='bbox 1410 1726 1501 1782; x_wconf 89' lang='lat' dir='ltr'><strong>nestri</strong></span> <span class='ocrx_word' id='word_1_677' title='bbox 1524 1728 1589 1781; x_wconf 80' lang='lat' dir='ltr'><strong>iesu</strong></span> <span class='ocrx_word' id='word_1_678' title='bbox 1613 1724 1735 1792; x_wconf 87' lang='lat' dir='ltr'><strong>Christi;</strong></span> <span class='ocrx_word' id='word_1_679' title='bbox 1754 1723 1799 1779; x_wconf 91' lang='lat' dir='ltr'><strong>sed</strong></span> <span class='ocrx_word' id='word_1_680' title='bbox 1819 1728 1840 1777; x_wconf 84' lang='lat' dir='ltr'><strong>et</strong></span> 
     </span>
     <span class='ocr_line' id='line_1_66' title="bbox 1009 1816 1379 1887; baseline 0 -16"><span class='ocrx_word' id='word_1_681' title='bbox 1009 1816 1157 1871; x_wconf 89' lang='lat' dir='ltr'><strong>beatorum</strong></span> <span class='ocrx_word' id='word_1_682' title='bbox 1174 1817 1379 1887; x_wconf 88' lang='lat' dir='ltr'><strong>apostolorum.</strong></span> 
     </span>
    </p>

    <p class='ocr_par' dir='ltr' id='par_1_17' title="bbox 1008 1899 1837 2332">
     <span class='ocr_line' id='line_1_67' title="bbox 1042 1899 1836 1975; baseline -0.006 -16"><span class='ocrx_word' id='word_1_683' title='bbox 1042 1906 1101 1974; x_wconf 82' lang='lat' dir='ltr'><em>(G.)</em></span> <span class='ocrx_word' id='word_1_684' title='bbox 1115 1907 1194 1961; x_wconf 84' lang='lat' dir='ltr'><strong>Hanc</strong></span> <span class='ocrx_word' id='word_1_685' title='bbox 1212 1905 1300 1975; x_wconf 82' lang='lat' dir='ltr'><strong>igitur</strong></span> <span class='ocrx_word' id='word_1_686' title='bbox 1313 1903 1489 1958; x_wconf 89' lang='lat' dir='ltr'><strong>oblationem</strong></span> <span class='ocrx_word' id='word_1_687' title='bbox 1507 1901 1652 1957; x_wconf 86' lang='lat' dir='ltr'><strong>servitutis</strong></span> <span class='ocrx_word' id='word_1_688' title='bbox 1671 1905 1785 1965; x_wconf 79' lang='lat' dir='ltr'><strong>nostre,</strong></span> <span class='ocrx_word' id='word_1_689' title='bbox 1799 1899 1836 1954; x_wconf 88' lang='lat' dir='ltr'><strong>sed</strong></span> 
     </span>
     <span class='ocr_line' id='line_1_68' title="bbox 1009 1987 1837 2063; baseline -0.008 -15"><span class='ocrx_word' id='word_1_690' title='bbox 1009 1998 1038 2048; x_wconf 92' lang='lat' dir='ltr'><strong>et</strong></span> <span class='ocrx_word' id='word_1_691' title='bbox 1055 1999 1164 2049; x_wconf 80' lang='lat' dir='ltr'><strong>cunctae</strong></span> <span class='ocrx_word' id='word_1_692' title='bbox 1181 1993 1298 2048; x_wconf 78' lang='lat' dir='ltr'><strong>familiae</strong></span> <span class='ocrx_word' id='word_1_693' title='bbox 1316 1999 1382 2059; x_wconf 81' lang='lat' dir='ltr'><strong>tuae,</strong></span> <span class='ocrx_word' id='word_1_694' title='bbox 1403 2007 1490 2063; x_wconf 91' lang='lat' dir='ltr'><strong>quem</strong></span> <span class='ocrx_word' id='word_1_695' title='bbox 1509 1990 1561 2045; x_wconf 91' lang='lat' dir='ltr'><strong>tihi</strong></span> <span class='ocrx_word' id='word_1_696' title='bbox 1577 1988 1727 2045; x_wconf 78' lang='lat' dir='ltr'><strong>offerimus</strong></span> <span class='ocrx_word' id='word_1_697' title='bbox 1741 2003 1790 2058; x_wconf 90' lang='lat' dir='ltr'><strong>pro</strong></span> <span class='ocrx_word' id='word_1_698' title='bbox 1806 1987 1837 2041; x_wconf 83' lang='lat' dir='ltr'><strong>his</strong></span> 
     </span>
     <span class='ocr_line' id='line_1_69' title="bbox 1009 2074 1837 2154; baseline -0.011 -16"><span class='ocrx_word' id='word_1_699' title='bbox 1009 2098 1125 2154; x_wconf 87' lang='lat' dir='ltr'><strong>quoque</strong></span> <span class='ocrx_word' id='word_1_700' title='bbox 1154 2098 1226 2153; x_wconf 88' lang='lat' dir='ltr'><strong>quos</strong></span> <span class='ocrx_word' id='word_1_701' title='bbox 1249 2096 1418 2153; x_wconf 89' lang='lat' dir='ltr'><strong>regenerare</strong></span> <span class='ocrx_word' id='word_1_702' title='bbox 1447 2074 1582 2150; x_wconf 84' lang='lat' dir='ltr'><strong>dignatus</strong></span> <span class='ocrx_word' id='word_1_703' title='bbox 1607 2094 1648 2146; x_wconf 88' lang='lat' dir='ltr'><strong>es,</strong></span> <span class='ocrx_word' id='word_1_704' title='bbox 1672 2093 1708 2132; x_wconf 85' lang='lat' dir='ltr'><strong>ex</strong></span> <span class='ocrx_word' id='word_1_705' title='bbox 1732 2091 1799 2147; x_wconf 85' lang='lat' dir='ltr'><strong>aque</strong></span> <span class='ocrx_word' id='word_1_706' title='bbox 1817 2080 1837 2129; x_wconf 88' lang='lat' dir='ltr'><strong>et</strong></span> 
     </span>
     <span class='ocr_line' id='line_1_70' title="bbox 1008 2163 1835 2241; baseline -0.01 -16"><span class='ocrx_word' id='word_1_707' title='bbox 1008 2171 1117 2241; x_wconf 87' lang='lat' dir='ltr'><strong>Spiritu</strong></span> <span class='ocrx_word' id='word_1_708' title='bbox 1140 2175 1246 2235; x_wconf 89' lang='lat' dir='ltr'><strong>sancto,</strong></span> <span class='ocrx_word' id='word_1_709' title='bbox 1273 2170 1402 2224; x_wconf 86' lang='lat' dir='ltr'><strong>tribuens</strong></span> <span class='ocrx_word' id='word_1_710' title='bbox 1428 2168 1468 2222; x_wconf 88' lang='lat' dir='ltr'><strong>eis</strong></span> <span class='ocrx_word' id='word_1_711' title='bbox 1497 2165 1701 2222; x_wconf 86' lang='lat' dir='ltr'><strong>remissionem</strong></span> <span class='ocrx_word' id='word_1_712' title='bbox 1726 2163 1835 2219; x_wconf 89' lang='lat' dir='ltr'><strong>omniun</strong></span> 
     </span>
     <span class='ocr_line' id='line_1_71' title="bbox 1008 2253 1684 2332; baseline -0.007 -17"><span class='ocrx_word' id='word_1_713' title='bbox 1008 2263 1205 2332; x_wconf 73' lang='lat' dir='ltr'><strong>peccatorum,</strong></span> <span class='ocrx_word' id='word_1_714' title='bbox 1219 2273 1395 2329; x_wconf 76' lang='lat' dir='ltr'><strong>quesumus,</strong></span> <span class='ocrx_word' id='word_1_715' title='bbox 1414 2255 1545 2321; x_wconf 83' lang='lat' dir='ltr'><strong>Domine,</strong></span> <span class='ocrx_word' id='word_1_716' title='bbox 1564 2259 1594 2309; x_wconf 91' lang='lat' dir='ltr'><strong>ot</strong></span> <span class='ocrx_word' id='word_1_717' title='bbox 1609 2253 1684 2325; x_wconf 87' lang='lat' dir='ltr'><strong>plac.</strong></span> 
     </span>
    </p>
   </div>
   <div class='ocr_carea' id='block_1_11' title="bbox 1009 2374 1833 2613">
    <p class='ocr_par' dir='ltr' id='par_1_18' title="bbox 1009 2374 1833 2613">
     <span class='ocr_line' id='line_1_72' title="bbox 1223 2374 1642 2420; baseline -0.017 0"><span class='ocrx_word' id='word_1_718' title='bbox 1223 2378 1254 2420; x_wconf 83' lang='lat' dir='ltr'><strong>m</strong></span> <span class='ocrx_word' id='word_1_719' title='bbox 1280 2378 1331 2418; x_wconf 85' lang='lat' dir='ltr'><strong>nra</strong></span> <span class='ocrx_word' id='word_1_720' title='bbox 1356 2376 1478 2418; x_wconf 83' lang='lat' dir='ltr'><strong>saucro</strong></span> <span class='ocrx_word' id='word_1_721' title='bbox 1499 2374 1642 2415; x_wconf 76' lang='lat' dir='ltr'><strong>resena.</strong></span> 
     </span>
     <span class='ocr_line' id='line_1_73' title="bbox 1045 2442 1833 2524; baseline -0.015 -15"><span class='ocrx_word' id='word_1_722' title='bbox 1045 2452 1101 2522; x_wconf 82' lang='lat' dir='ltr'><strong>(G.)</strong></span> <span class='ocrx_word' id='word_1_723' title='bbox 1113 2454 1235 2524; x_wconf 82' lang='lat' dir='ltr'><strong>AEqunm</strong></span> <span class='ocrx_word' id='word_1_724' title='bbox 1252 2457 1280 2506; x_wconf 88' lang='lat' dir='ltr'><strong>et</strong></span> <span class='ocrx_word' id='word_1_725' title='bbox 1294 2451 1429 2506; x_wconf 87' lang='lat' dir='ltr'><strong>salutare.</strong></span> <span class='ocrx_word' id='word_1_726' title='bbox 1439 2450 1478 2504; x_wconf 83' lang='lat' dir='ltr'><strong>&#39;le</strong></span> <span class='ocrx_word' id='word_1_727' title='bbox 1492 2448 1621 2520; x_wconf 89' lang='lat' dir='ltr'><strong>quidem,</strong></span> <span class='ocrx_word' id='word_1_728' title='bbox 1636 2446 1763 2513; x_wconf 84' lang='lat' dir='ltr'><strong>Domine,</strong></span> <span class='ocrx_word' id='word_1_729' title='bbox 1773 2442 1833 2499; x_wconf 88' lang='lat' dir='ltr'><strong>omni</strong></span> 
     </span>
     <span class='ocr_line' id='line_1_74' title="bbox 1009 2536 1753 2613; baseline -0.011 -17"><span class='ocrx_word' id='word_1_730' title='bbox 1009 2546 1149 2613; x_wconf 89' lang='lat' dir='ltr'><strong>tempore,</strong></span> <span class='ocrx_word' id='word_1_731' title='bbox 1166 2541 1213 2596; x_wconf 90' lang='lat' dir='ltr'><strong>sed</strong></span> <span class='ocrx_word' id='word_1_732' title='bbox 1229 2540 1258 2594; x_wconf 93' lang='lat' dir='ltr'><strong>in</strong></span> <span class='ocrx_word' id='word_1_733' title='bbox 1275 2540 1329 2594; x_wconf 95' lang='lat' dir='ltr'><strong>hoc</strong></span> <span class='ocrx_word' id='word_1_734' title='bbox 1343 2538 1527 2610; x_wconf 93' lang='lat' dir='ltr'><strong>potissimum</strong></span> <span class='ocrx_word' id='word_1_735' title='bbox 1542 2536 1598 2603; x_wconf 92' lang='lat' dir='ltr'><strong>die,</strong></span> <span class='ocrx_word' id='word_1_736' title='bbox 1615 2540 1646 2591; x_wconf 89' lang='lat' dir='ltr'><strong>ut</strong></span> <span class='ocrx_word' id='word_1_737' title='bbox 1658 2551 1753 2606; x_wconf 82' lang='lat' dir='ltr'><strong>supro.</strong></span> 
     </span>
    </p>
   </div>
   <div class='ocr_carea' id='block_1_12' title="bbox 1043 4375 1620 4534">
    <p class='ocr_par' dir='ltr' id='par_1_19' title="bbox 1043 4375 1620 4534">
     <span class='ocr_line' id='line_1_75' title="bbox 1043 4375 1620 4449; baseline -0.012 -16"><span class='ocrx_word' id='word_1_738' title='bbox 1043 4379 1081 4433; x_wconf 86' lang='lat' dir='ltr'><strong>Te</strong></span> <span class='ocrx_word' id='word_1_739' title='bbox 1096 4377 1213 4449; x_wconf 89' lang='lat' dir='ltr'><strong>quidem</strong></span> <span class='ocrx_word' id='word_1_740' title='bbox 1229 4375 1307 4430; x_wconf 91' lang='lat' dir='ltr'><strong>omni</strong></span> <span class='ocrx_word' id='word_1_741' title='bbox 1323 4380 1464 4445; x_wconf 86' lang='lat' dir='ltr'><strong>tempore,</strong></span> <span class='ocrx_word' id='word_1_742' title='bbox 1477 4376 1509 4427; x_wconf 85' lang='lat' dir='ltr'><strong>ut</strong></span> <span class='ocrx_word' id='word_1_743' title='bbox 1522 4386 1620 4442; x_wconf 73' lang='lat' dir='ltr'><strong>supro.</strong></span> 
     </span>
     <span class='ocr_line' id='line_1_76' title="bbox 1390 4480 1464 4534; baseline -0.027 -1"><span class='ocrx_word' id='word_1_744' title='bbox 1390 4480 1464 4534; x_wconf 83' lang='lat' dir='ltr'><strong>Alio.</strong></span> 
     </span>
    </p>
   </div>
   <div class='ocr_carea' id='block_1_13' title="bbox 1009 4554 1822 4728">
    <p class='ocr_par' dir='ltr' id='par_1_20' title="bbox 1009 4554 1822 4728">
     <span class='ocr_line' id='line_1_77' title="bbox 1045 4554 1822 4643; baseline -0.013 -17"><span class='ocrx_word' id='word_1_745' title='bbox 1045 4572 1105 4643; x_wconf 77' lang='lat' dir='ltr'><em>(A.)</em></span> <span class='ocrx_word' id='word_1_746' title='bbox 1130 4573 1242 4626; x_wconf 86' lang='lat' dir='ltr'><strong>AEterne</strong></span> <span class='ocrx_word' id='word_1_747' title='bbox 1265 4571 1348 4625; x_wconf 86' lang='lat' dir='ltr'><strong>Deus.</strong></span> <span class='ocrx_word' id='word_1_748' title='bbox 1379 4569 1411 4623; x_wconf 86' lang='lat' dir='ltr'><strong>Et</strong></span> <span class='ocrx_word' id='word_1_749' title='bbox 1435 4572 1462 4623; x_wconf 90' lang='lat' dir='ltr'><strong>te</strong></span> <span class='ocrx_word' id='word_1_750' title='bbox 1483 4565 1653 4637; x_wconf 88' lang='lat' dir='ltr'><strong>suppliciter</strong></span> <span class='ocrx_word' id='word_1_751' title='bbox 1673 4573 1783 4621; x_wconf 66' lang='lat' dir='ltr'><strong>exorare,</strong></span> <span class='ocrx_word' id='word_1_752' title='bbox 1802 4554 1822 4603; x_wconf 71' lang='lat'><strong>⁰¹</strong></span> 
     </span>
     <span class='ocr_line' id='line_1_78' title="bbox 1009 4638 1821 4728; baseline -0.017 -14"><span class='ocrx_word' id='word_1_753' title='bbox 1009 4659 1143 4714; x_wconf 81' lang='lat' dir='ltr'><strong>fidelihus</strong></span> <span class='ocrx_word' id='word_1_754' title='bbox 1157 4659 1213 4713; x_wconf 90' lang='lat' dir='ltr'><strong>tuis</strong></span> <span class='ocrx_word' id='word_1_755' title='bbox 1227 4657 1390 4728; x_wconf 88' lang='lat' dir='ltr'><strong>dignanter,</strong></span> <span class='ocrx_word' id='word_1_756' title='bbox 1408 4660 1473 4717; x_wconf 84' lang='lat' dir='ltr'><strong>etc,</strong></span> <span class='ocrx_word' id='word_1_757' title='bbox 1488 4657 1519 4708; x_wconf 85' lang='lat' dir='ltr'><strong>ut</strong></span> <span class='ocrx_word' id='word_1_758' title='bbox 1532 4669 1629 4724; x_wconf 77' lang='lat' dir='ltr'><strong>supro.</strong></span> <span class='ocrx_word' id='word_1_759' title='bbox 1645 4648 1764 4722; x_wconf 80' lang='lat' dir='ltr'><strong>Sequenti</strong></span> <span class='ocrx_word' id='word_1_760' title='bbox 1775 4638 1821 4700; x_wconf 61' lang='lat' dir='ltr'><strong>Sti</strong></span> 
     </span>
    </p>
   </div>
   <div class='ocr_carea' id='block_1_14' title="bbox 0 0 1970 6098">
    <p class='ocr_par' dir='ltr' id='par_1_21' title="bbox 0 0 1970 6098">
     <span class='ocr_line' id='line_1_79' title="bbox 0 0 1970 6098; baseline 0 0"><span class='ocrx_word' id='word_1_761' title='bbox 0 0 1970 6098; x_wconf 95' lang='lat' dir='ltr'><strong> </strong></span> 
     </span>
    </p>
   </div>
  </div>
 </body>
</html>
