3930 6098
66 161 114 214 t33
620 165 665 220 DE
683 164 851 224 CORPORE
872 168 916 225 at
935 167 1113 225 SANGUINC
1132 169 1263 229 DOth'l.
1765 183 1817 238 las

63 290 215 348 ceritatem
237 291 347 363 species
371 297 518 360 creature,
542 310 606 367 quie
630 296 724 353 tuerat
746 301 823 366 ante,
848 303 951 372 per-A
969 299 1041 355 nihil
1057 302 1276 373 permutationis
1303 306 1485 376 pertulerint,
1509 307 1580 363 nihil
1600 309 1677 365 aliud
1692 311 1817 368 existunt

62 379 203 434 mansisse
217 381 410 453 cognoscitur.
969 405 1055 461 quam
1070 390 1147 461 quod
1165 390 1243 462 prius
1257 390 1348 448 fuere.

93 510 165 565 xpp,
184 512 322 567 flemma
342 514 517 584 permutatio
542 531 607 587 qua,
631 517 664 571 fit
683 533 714 571 ex
731 534 764 572 0⁰
781 519 915 590 quodest
1002 478 1059 534 XV.
1088 479 1184 533 Cernit
1206 480 1367 536 sublimitas
1386 487 1488 550 vestra,
1515 485 1649 557 Princeps
1676 487 1811 558 gloriose,

61 599 234 672 ineoqiied
257 609 308 670 est,
335 618 400 674 que
420 603 594 675 perspicitur
616 605 647 659 in
664 607 749 661 rebus
767 609 914 679 qualitati,
968 582 1024 638 quo
1046 567 1141 621 taliter
1170 569 1355 624 sentientium
1380 569 1539 626 intellectus
1571 575 1685 629 eradat:
1709 582 1815 646 iiegaut

61 688 233 744 varietatem
258 692 451 762 pauonum„
476 693 555 748 verbi
580 695 682 764 gratia,
700 697 816 766 quando
837 698 913 768 quod
967 654 1044 725 quod
1058 655 1201 710 allirmare
1213 656 1377 724 creduntur,
1393 662 1422 712 el
1437 660 1514 729 quod
1530 661 1651 716 creduut
1665 662 1812 718 destruere

60 783 126 831 ante
149 777 268 848 nigrum
294 779 388 834 mem
409 780 438 835 in
455 781 551 836 album
578 783 760 854 demutatum
788 801 839 839 nec
868 786 913 840 hic
967 745 1198 815 comprobantur.
1216 746 1324 817 Corpus
1339 746 1443 801 etenim
1466 749 1694 822 sanguinemque
1708 753 1813 808 Christi

59 864 72 918 f
380 868 386 879 .
445 885 452 900 ,
505 870 510 880 .
537 871 543 881 ,
623 872 628 882 .
966 831 1295 888 lidelilerconlitentiir:
1320 838 1349 888 et
1373 850 1437 888 eum
1459 837 1513 890 hoc
1537 836 1653 905 iaciunt,
1676 855 1734 895 uon
1759 841 1814 896 lioc

70 873 133 918 acta
162 882 225 921 esse
254 875 452 939 cognoscitur.
483 870 554 924 nihil
583 887 660 925 enim
689 872 732 926 vel
760 878 847 939 tactu,
869 873 912 928 rel
968 916 973 926 .

59 954 155 1008 colore
183 956 228 1010 rel
250 972 353 1028 sapore
374 963 570 1029 permutatum
594 976 655 1014 esse
675 961 911 1032 deprehenditur.
963 932 1097 1016 ΜΨ
1106 917 1181 1016 Μ
1197 917 1365 987 priusfum
1379 918 1478 989 pmcn!
1495 919 1581 1018 d¹¹b.i⁰
1600 927 1810 990 pr⁰t⁰⁸t⁸m¹¹r²

58 1042 86 1096 si
102 996 174 1114 ergb
188 1044 262 1099 iiihil
276 1051 319 1099 est
331 1045 377 1100 hie
388 1051 592 1117 permutatum,
609 1055 722 1103 nonest
737 1049 912 1122 aliiidqiiam
967 1011 995 1058 et
1011 1021 1033 1058 Μ
1049 1006 1126 1060 ⁸¹¹⁰d
1151 1012 1208 1060 ’Μ
1222 1022 1318 1106 ,ΨΜ
1342 1008 1432 1107 fnerf’
1457 1013 1645 1107 ”intumum
1667 1027 1811 1082 accepere·

58 1131 203 1186 antefuit.
222 1133 269 1187 Est
282 1137 378 1188 aulem
394 1134 470 1190 aliud
500 1136 853 1209 quonismpeniscorpiis
885 1143 913 1193 et
967 1094 1036 1148 Cum
1058 1095 1111 1149 ¹¹⁰⁶
1130 1111 1229 1165 Πρω
1251 1112 1309 1149 ⁰⁰¹¹
1335 1102 1435 1194 p⁰⁵⁵f¹¹
1458 1096 1811 1199 d¹⁰³⁰t⁵‘⁸⁰⁰¹.¹d.¹¹⁰¹.q'¹⁰f¹

57 1219 158 1273 sinum
184 1221 303 1292 sanguis
330 1222 436 1276 Christi
461 1177 534 1278 licta
567 1230 634 1278 sunt
669 1225 714 1280 Sic
743 1226 820 1282 enini
850 1180 911 1297 i’pse
966 1187 1128 1248 pennum
1153 1188 1234 1237 ΜΗ
1261 1185 1448 1253 ΜΡΟΜΜΘΓ
1472 1201 1597 1256 ”amm
1621 1188 1694 1286 ¹¹¹¹?ss
1718 1203 1747 1241 ¹¹¹
1773 1204 1813 1241 ⁰¹⁸

58 1306 143 1362 dicit,
179 1311 307 1379 Momm
332 1314 358 1365 ep
383 1311 527 1366 comedite:
557 1313 605 1368 hoc
637 1267 677 1369 'm
701 1330 798 1385 corpus
824 1331 912 1371 mmm
965 1271 1093 1325 cernitur
1116 1287 1176 1326 esse
1199 1277 1404 1343 permutatum.
1428 1273 1635 1374 ‘Falebunlur
1660 1281 1812 1345 igiturne·

58 1395 160 1462 (lluttle
186 1412 262 1464 nvi,
278 1399 334 1463 26).
349 1398 487 1454 Similiter
499 1405 528 1454 et
538 1400 574 1455 de
586 1401 673 1456 calice
688 1403 809 1474 loquens
825 1403 909 1459 dicit:
966 1375 1041 1413 ⁰⁹⁵st
1057 1363 1101 1414 θεῖ
1116 1366 1166 1414 ἰη
1186 1365 1297 1415 mmm
1319 1377 1380 1415 ⁰³³⁰
1395 1362 1552 1417 mundum
1573 1362 1650 1418 ⁸¹¹¹²d
1665 1379 1752 1435 qum
1767 1381 1812 1418 ἔθ’

57 1486 184 1553 Accipite
210 1490 237 1539 et
259 1486 356 1541 bibite:
381 1488 424 1543 liic
445 1493 485 1543 est
504 1492 617 1556 saupuis
640 1492 712 1547 Noui
738 1494 910 1559 Testamenti,
966 1447 1091 1546 cundum
1106 1464 1225 1547 f⁰rpu⁸3
1246 1465 1278 1503 ³⁰
1303 1449 1430 1547 mm
1447 1467 1505 1504 ΜΠ
1525 1467 1586 1505 ⁰⁸³⁰
1612 1451 1667 1507 ¹³⁰⁶
1690 1453 1765 1523 ΨΜ
1781 1454 1811 1509 in

964 1541 1083 1590 veritate
1100 1537 1241 1603 ridentur,
1258 1538 1305 1592 sed
1331 1538 1410 1593 aliun
1430 1540 1504 1610 quod
1534 1555 1591 1594 non
1622 1554 1682 1593 esse
1707 1555 1811 1595 secuu-

926 1603 945 1657 ῃ
966 1624 1032 1678 diim
1045 1624 1190 1695 propriam
1204 1623 1356 1679 essentiam
1372 1633 1539 1681 cernuntur.
1553 1630 1632 1681 aaut
1645 1626 1730 1681 sihoc
1747 1645 1812 1699 pro·

92 1704 161 1759 tlt.
178 1705 372 1770 Quaerendum
392 1724 460 1779 ergo
476 1713 518 1763 est
542 1710 577 1766 ab
593 1711 634 1765 eis
656 1712 705 1783 qui
722 1713 794 1768 niliil
814 1714 860 1769 liic
876 1715 908 1769 si-
964 1712 1038 1766 siteri
1064 1712 1218 1781 noluerint,
1249 1713 1462 1784 compelluntur
1488 1730 1593 1785 negare
1620 1730 1723 1786 corpas
1750 1732 1810 1771 esse

57 1798 161 1861 gurate
176 1795 278 1850 solunt
298 1796 434 1866 accipere,
461 1798 508 1853 scd
533 1802 625 1855 totum
647 1800 676 1855 in
702 1802 827 1857 veritatis
842 1803 909 1857 sim-
963 1801 1192 1872 sanguinemque
1207 1800 1321 1865 Christi,
1336 1802 1412 1872 quod
1428 1803 1506 1857 netas
1522 1807 1565 1857 est
1577 1818 1633 1857 non
1652 1804 1746 1858 soloin
1764 1804 1810 1858 di-

56 1882 186 1951 plicitate
201 1883 367 1950 consistere,
386 1887 543 1942 secundum
566 1889 642 1959 quod
664 1888 823 1945 demutatio
837 1891 910 1946 lecta
964 1905 1038 1955 cere,
1051 1905 1149 1944 verum
1164 1889 1251 1944 etiam
1264 1889 1399 1960 cogitare.

58 1970 108 2023 sit:
137 1975 170 2024 ut
191 1969 252 2040 jain
276 1987 334 2027 non
359 1972 417 2027 sint
436 1974 514 2045 quod
539 1977 751 2038 aulescorum,
779 1979 910 2034 videlicet
999 1977 1064 2031 i'vt.
1090 1978 1124 2031 ai
1148 1977 1217 2048 quia
1235 1976 1406 2031 cantitentur
1430 1981 1457 2031 el
1478 1994 1580 2048 corpus
1597 1982 1625 2033 et
1639 1978 1809 2050 sanguinem

58 2059 141 2128 ponis
156 2063 245 2131 alque
272 2061 393 2128 riuum,
413 2062 461 2116 sed
485 2062 542 2118 sint
562 2080 665 2136 corpus
685 2072 770 2138 atque
794 2069 910 2140 sanguis
966 2066 1013 2120 Dei
1029 2082 1098 2128 esso.
1121 2065 1243 2119 nechao
1262 2081 1322 2119 esse
1344 2066 1471 2136 potuisse
1492 2067 1544 2120 nisi
1565 2066 1639 2121 iacta
1658 2068 1687 2121 ia
1708 2069 1810 2123 mellus

58 2146 174 2201 Christi.
208 2147 372 2203 Secundum
400 2151 525 2220 speciem
549 2168 674 2224 uanique
694 2161 831 2211 creature
854 2158 910 2211 ior·
963 2153 1391 2225 commutatione,‘nequcista
1406 2154 1593 2209 commutatio
1608 2157 1806 2226 corporaliter,

58 2251 196 2306 mainqiie
222 2251 320 2290 reruni
346 2238 512 2307 visibilium,
538 2245 693 2313 utrumque
717 2243 780 2308 hoc,
811 2244 838 2298 id
868 2249 909 2300 est
963 2242 1012 2298 sed
1029 2242 1215 2314 spiritualiter
1235 2242 1307 2296 laeta
1332 2240 1536 2304 sit,‘¹necesse
1552 2245 1664 2314 estjam
1690 2245 1809 2316 iitiigii-

61 2323 141 2394 pariis
157 2328 188 2378 et
204 2324 316 2391 riuum,
332 2325 403 2380 nihil
419 2326 525 2382 hahent
539 2328 568 2384 iu
583 2345 611 2385 se
625 2336 828 2402 permutatum.
845 2333 910 2389 Etsi
963 2337 1024 2387 rate
1036 2331 1110 2387 lacta
1126 2347 1187 2386 essa
1204 2330 1329 2402 dicetur;
1345 2331 1482 2403 quoniam
1498 2331 1551 2386 sub
1570 2333 1730 2388 velamento
1744 2349 1810 2388 cor-

58 1575 107 1640 rpii
115 1588 170 1642 pro
183 1574 261 1629 codis
276 1575 410 1642 suadetur
423 1575 519 1647 (Marc.
532 1594 587 1645 xia,
604 1579 659 1649 at).

60 2517 117 2570 paz
141 2501 239 2568 suerat
263 2507 335 2566 anu,
356 2507 539 2572 permansisse
556 2510 738 2574 coenaretur.
767 2511 832 2565 lliec
846 2526 908 2575 vox,
963 2520 998 2560 eo
1013 2505 1088 2575 quiid
1101 2503 1232 2559 sensibus
1247 2503 1415 2575 percipitur.
1433 2503 1482 2557 llic
1496 2508 1538 2557 est
1551 2503 1729 2585 enimuhujiis
1746 2519 1810 2586 ⁰9¹¹?

60 2587 175 2641 secatus,
204 2572 363 2627 secundum
396 2575 508 2630 Festum
537 2583 566 2631 et
595 2578 719 2633 Tiilliiiiri
743 2580 908 2636 Ciceronem
963 2576 1119 2630 cinnatoris
1143 2574 1238 2645 operis
1262 2575 1297 2629 de
1326 2574 1452 2644 Corpore
1477 2579 1505 2629 et
1530 2574 1673 2643 Sanguine
1697 2574 1807 2628 Domini

60 2643 168 2696 indicat
178 2651 323 2711 naturam,
340 2649 390 2698 aut
403 2645 494 2700 ideam
505 2648 566 2715 rei;
584 2648 618 2703 ed
635 2655 759 2704 mentem
771 2652 907 2721 Platonis,
963 2646 1107 2717 genuinus
1118 2661 1227 2700 sensus·
1248 2645 1302 2710 Qui
1315 2661 1413 2700 reteri
1429 2660 1487 2698 11⁰ss
1503 2643 1732 2726 ⁰9tli¹³111⁰¹l³ffl
1747 2659 1809 2700 0⁵⁵0

60 2713 205 2784 siguificat
221 2714 441 2784 apparitionem,
457 2717 578 2788 ligurem
599 2720 769 2776 exteriorem
782 2723 823 2777 rei
841 2739 907 2777 sen·
963 2718 1065 2772 tactam
1081 2716 1334 2771 commutationem
1346 2715 1374 2797 in
1387 2716 1544 2770 substantia
1560 2732 1659 2785 reapse
1671 2731 1808 2786 corporea

62 2784 136 2839 sibus
160 2784 321 2854 subjectam
354 2789 404 2840 aul
433 2795 597 2859 perceptam
622 2792 779 2846 secuudiiiu
803 2793 908 2864 stylum
963 2788 1045 2860 panis
1060 2793 1089 2841 et
1106 2787 1175 2852 viiii,
1191 2788 1238 2842 sed
1256 2787 1346 2841 soloin
1364 2802 1393 2840 in
1407 2802 1441 2840 eo
1455 2786 1533 2857 quod
1549 2802 1648 2867 sensus
1661 2788 1808 2867 oculorum

62 2853 143 2924 hujus
157 2855 294 2915 auctoris.
312 2856 355 2910 uti
378 2863 458 2926 patet
472 2874 593 2914 numero
611 2862 653 2929 lit,
669 2862 699 2915 iii
716 2878 773 2933 quo
792 2863 831 2917 ait
845 2865 909 2918 mil·
963 2864 1123 2914 nostrorum
1140 2857 1321 2939 perstringit.
1332 2862 1360 2912 et
1376 2857 1493 2939 pungit,⁸
1516 2857 1624 2911 scilicet
1649 2857 1808 2938 speciebus,

63 2925 113 2978 tim
129 2925 258 2979 formam
273 2930 324 2978 siit
343 2927 466 2996 spectem
487 2930 581 2984 earnis
596 2936 625 2984 et
639 2933 787 3003 sanguinis
804 2904 943 2989 christic
964 2930 1005 2984 uti
1026 2929 1157 2983 observet
1180 2927 1224 2982 liis
1245 2928 1337 2981 verbis
1365 2933 1520 2998 conceptis.
1547 2942 1669 2982 numero
1693 2944 1753 2998 qm,
1778 2933 1810 2982 ut

64 2995 87 3048 ln
111 2995 169 3049 lioc
194 2996 332 3067 mysterio
353 2996 470 3068 percipi.
496 3001 554 3055 lton
579 3004 650 3056 enim
671 3003 817 3059 secuudum
838 3006 910 3074 quod
964 2999 1069 3056 Gellius
1091 3000 1141 3065 ait,
1166 2998 1322 3082 immediate
1351 2999 1502 3081 precedit:
1522 2999 1708 3078 corporaliter
1730 3013 1807 3078 riani-

63 3065 169 3120 rtdetur
197 3068 241 3121 cet
267 3069 358 3122 earnis
385 3072 485 3138 species
511 3074 540 3125 in
567 3073 613 3126 illo
634 3088 706 3142 pene
731 3079 908 3145 cognescitur,
964 3088 1017 3141 que
1030 3071 1101 3125 nihil
1116 3072 1144 3123 iri
1165 3072 1210 3149 εἰει
1229 3074 1349 3148 cernitur
1369 3073 1552 3135 immutatum,
1573 3070 1600 3123 id
1616 3072 1658 3123 est
1681 3084 1809 3139 corporis

64 3137 97 3191 cel
119 3139 151 3190 iii
181 3137 232 3192 illo
254 3141 318 3192 uiuo
344 3142 448 3195 cruoris
468 3141 543 3196 reuda
564 3149 741 3200 monstratur.
768 3145 817 3200 liic
843 3162 908 3200 vero
964 3141 1092 3196 sensibus
1103 3143 1261 3210 percipitur
1275 3144 1470 3192 immutatum.
1713 3210 1718 3220 ι

64 3206 169 3262 licendi
187 3206 293 3262 modus
311 3214 445 3291 acceptus
465 3212 590 3268 refertur
610 3214 640 3268 iii
657 3220 802 3270 auctorem
818 3217 909 3271 libio·
998 3213 1011 3255 d
1033 3212 1149 3267 Necesse
1171 3215 1210 3264 est
1241 3209 1290 3263 'am
1318 3213 1348 3264 ut
1370 3211 1486 3278 figurate
1510 3210 1587 3275 sacta
1610 3207 1806 3288 essetdicetur.

64 3292 120 3332 rum
145 3277 183 3332 de
207 3277 400 3334 Sacramenlis
425 3281 476 3353 qui
499 3288 597 3338 sancto
613 3283 761 3341 ambrosio
782 3287 868 3356 vulgo
881 3291 910 3341 et
964 3283 1023 3339 lloc
1036 3280 1205 3337 uocabulum
1221 3225 1341 3361 liquente
1354 3278 1510 3360 secundum
1530 3279 1677 3332 ltaliamni
1703 3279 1807 3347 stylum

65 3362 115 3403 aen
141 3349 294 3403 immerite
315 3350 505 3408 ascribuntur.
530 3353 589 3409 Lib.
612 3371 642 3421 ii,
667 3371 726 3426 cap.
740 3359 771 3412 5:
789 3359 909 3426 Spiritus
964 3370 1014 3407 seu
1036 3351 1179 3407 scribendi
1201 3367 1233 3430 ac
1256 3350 1369 3431 dicendi
1394 3356 1535 3404 rationem
1557 3347 1723 3429 ‘atmodum
1749 3364 1807 3430 nen

66 3424 168 3474 sanctus
190 3422 223 3473 iii
246 3421 333 3490 speeie
353 3422 489 3484 columbe,
514 3440 567 3479 non
590 3429 618 3479 in
639 3429 753 3482 emitote
771 3428 908 3498 columbae,
964 3423 1106 3494 significat
1121 3426 1310 3476 mutationem
1326 3436 1356 3476 ui
1376 3437 1479 3491 corpus
1499 3420 1603 3476 Christi
1618 3418 1757 3500 duntaxat
1778 3435 1808 3473 iii

66 3490 147 3561 sedita
162 3493 253 3560 specie
266 3491 393 3546 columbe
407 3492 544 3550 deseendit
558 3496 591 3550 de
605 3497 678 3552 eoelo.
963 3494 1056 3562 figure
1067 3493 1168 3560 etlieri,
1183 3492 1233 3547 sed
1253 3493 1312 3547 imo
1326 3492 1378 3574 suli
1393 3490 1463 3547 retis
1477 3495 1506 3571 et
1520 3489 1671 3561 paropside
1684 3505 1767 3570 panis
1781 3496 1810 3571 et

92 3561 292 3616 ⁸fatebuntur
315 3563 402 3629 ipitur
419 3579 522 3620 necesse
536 3571 585 3629 est,
610 3572 662 3621 etc.
687 3568 751 3622 lloec
776 3584 841 3623 vero
861 3585 909 3639 psi-
963 3566 1033 3629 riui,
1052 3565 1105 3619 sub
1129 3563 1232 3645 quibos
1254 3564 1351 3645 eristit
1376 3561 1554 3645 reconditum
1575 3576 1678 3631 corpus
1692 3559 1807 3628 Christi,

69 3629 112 3684 lim
138 3631 343 3686 demonstrant
367 3632 443 3688 bunc
465 3641 610 3692 auctorem
627 3653 683 3692 uon
703 3639 846 3695 dubitasse
861 3657 908 3695 ve·
963 3642 1004 3702 ut,
1022 3635 1127 3706 inquit,
1151 3640 1293 3688 continuis
1318 3635 1426 3688 verbis:
1444 3634 1577 3714 Quoniam
1599 3631 1648 3686 sud
1662 3636 1810 3716 uelamento

68 3714 118 3755 ram
134 3701 233 3757 etheri
246 3701 276 3756 iu
296 3703 469 3760 eucharistia
492 3707 682 3763 mutationem
708 3710 791 3764 onius
814 3710 855 3764 rai
878 3710 908 3765 in
962 3707 1084 3776 corporei
1095 3704 1187 3775 pariis,
1207 3707 1379 3774 corporeique
1392 3707 1480 3758 einis
1501 3702 1808 3782 iretatceorpussslinj

70 3771 189 3826 itteram.
209 3773 243 3827 Et
256 3788 321 3827 com
347 3773 424 3846 quod
441 3777 601 3848 percipitur
619 3779 759 3849 sensibus,
779 3781 910 3836 rideatur
962 3781 1000 3833 sti
1012 3776 1200 3846 spiritalisque
1216 3778 1329 3842 soupui's
1348 3776 1452 3855 scirtii.
1472 3717 1532 3852 8⁰3¹
1560 3771 1677 3842 ‘lumem
1694 3771 1809 3826 dlcessdl

70 3842 141 3965 bum
162 3847 194 3897 et
211 3843 323 3911 viuum,
345 3860 410 3899 cuni
426 3845 503 3901 aliud
523 3863 584 3903 esse
608 3849 719 3914 debeat,
736 3866 851 3907 necesse
867 3856 909 3907 est
963 3848 1073 3902 ratione
1092 3861 1162 3901 usus
1187 3853 1229 3901 est
1245 3844 1464 3924 Paschasiustin'
1479 3844 1597 3923 epistola
1614 3842 1648 3921 ad
1666 3841 1808 3921 Friidgar·

89 3918 249 3968 etiamnum
266 3913 419 3969 credidisse
433 3932 530 3972 veram
552 3919 614 3973 lieri
627 3921 813 3976 mutationem
828 3922 909 3993 panis
963 3918 1044 3984 dum,
1061 3921 1094 3971 ut
1115 3931 1214 3970 aarum
1231 3931 1336 3986 eorpus
1361 3914 1464 3996 Christi
1484 3911 1606 3994 dilucide
1622 3911 1806 3993 signiticaret.

71 3979 208 4055 incorpus
233 3983 339 4039 Christi
354 3990 383 4039 et
401 3986 460 4042 riui
475 3988 505 4043 in
530 3990 709 4061 sanguinem.
730 3991 909 4064 Quapropter
962 3989 1046 4058 Cujus
1061 3989 1152 4043 dume
1204 4001 1236 4041 us
1249 4001 1303 4040 non
1322 3988 1505 4054 corrumpitur
1525 3998 1590 4066 quta
1612 3982 1766 4050 spirituale,
1783 3986 1809 4036 et

72 4050 273 4109 holoriatores
296 4055 553 4130 llagdehorgeuses
576 4061 699 4116 rotundo
724 4064 851 4118 latentur
878 4063 908 4119 in
963 4065 1047 4115 toturn
1059 4061 1204 4130 spirituas
1223 4062 1263 4112 est
1277 4057 1349 4126 qued
1361 4056 1510 4111 caueretur
1522 4069 1550 4107 tn
1569 4053 1616 4106 hoe
1630 4056 1806 4133 sacramente.

71 4119 132 4176 libro
147 4122 300 4179 listramui
316 4125 462 4183 incurrere
478 4131 588 4186 semine
611 4133 741 4203 qiimdam
756 4135 908 4189 transsub-
962 4131 1042 4197 Quod
1060 4130 1141 4184 valde
1160 4128 1286 4184 alienum
1301 4143 1360 4182 non
1376 4132 1418 4181 est
1431 4126 1466 4180 ab
1480 4142 1512 4178 ao
1528 4138 1660 4178 sermone
1680 4123 1809 4203 Gregorii

74 4193 267 4251 suiihiionis:
293 4196 614 4257 transsubstantiationis
634 4207 738 4258 sentina
759 4205 837 4259 babet
857 4201 942 4261 lta-B
962 4201 1080 4271 Nysseni
1095 4200 1131 4254 de
1147 4200 1291 4270 baptismo
1303 4198 1417 4261 Christi,
1433 4211 1498 4267 pag.
1514 4196 1566 4279 llil‘t
1581 4198 1640 4275 tom
1654 4192 1701 4276 .¹¹·
1711 4193 1806 4279 ht3A2

75 4265 199 4333 liranum
233 4268 324 4321 utitur
356 4270 427 4323 enim
458 4272 596 4328 vocabulis
627 4278 845 4330 commutationis
883 4280 908 4331 et
961 4276 989 4322 '0
1013 4272 1090 4345 ἄρτος
1108 4269 1183 4322 rell-r
1203 4271 1280 4343 ἄρτος
1299 4268 1355 4320 leil
1378 4271 1440 4328 ries
1463 4262 1631 4351 estias-mi
1650 4282 1710 4314 ores
1731 4282 1808 4315 αυτον

75 4337 251 4391 matianis.
267 4366 303 4377 -
318 4337 442 4394 Censura
458 4357 495 4411 tx,
511 4342 546 4396 ds
567 4344 709 4399 Doctrina.
960 4343 990 4393 τὸ
1012 4347 1155 4414 μυστήριον
1179 4340 1344 4413 ἱερευργήση,
1363 4346 1439 4409 σῶμα
1462 4341 1577 4411 Xpiarou
1600 4338 1699 4418 Αεγεταί
1719 4352 1746 4385 rs
1765 4338 1808 4418 unt

98 4402 178 4461 ‘Aut
197 4408 225 4461 si
248 4407 297 4463 bac
318 4408 446 4480 profiteri
468 4413 614 4482 noluerint,
636 4419 689 4468 etc.
716 4414 781 4469 tter
804 4413 907 4485 indigi·
959 4417 1066 4483 piraeei.
1079 4415 1136 4468 Huc
1158 4427 1243 4481 usque
1256 4412 1337 4481 priuis
1356 4414 1395 4462 est
1409 4410 1489 4477 pariis
1510 4421 1658 4490 eommunis
1681 4410 1706 4460 et
1730 4406 1808 4459 ordi-

76 4473 122 4528 leut
139 4476 269 4532 strictam
288 4479 500 4550 colligationem
521 4498 607 4553 qiism
627 4489 725 4539 auctor
745 4489 843 4539 noster
863 4501 906 4540 re·
959 4485 1065 4550 storius,
1098 4482 1146 4537 seit
1183 4498 1242 4535 curn
1274 4485 1444 4535 eorisecrotur
1475 4484 1603 4559 mysterio
1634 4480 1809 4545 nuncupatur

75 4546 192 4614 ognovit
214 4547 291 4601 inter
311 4551 658 4609 transsubstantiationem
683 4559 711 4610 et
724 4553 907 4625 praesentiam
960 4569 1056 4625 corpus
1082 4553 1184 4609 Christi
1211 4556 1236 4605 et
1253 4567 1347 4604 reuera
1370 4554 1418 4605 est.
1445 4550 1509 4603 llaec
1531 4551 1627 4628 eliam·
1640 4546 1721 4600 valde
1737 4560 1807 4600 con-

76 4626 166 4682 teram,
182 4632 234 4672 seu
248 4619 401 4674 realitatem
416 4624 541 4694 corporis
556 4624 661 4680 Christi
674 4625 704 4680 in
724 4626 906 4692 eucharistia,
960 4630 1068 4690 gruunt
1084 4624 1118 4676 iis
1133 4638 1197 4694 quie
1212 4621 1311 4702 paucis
1323 4620 1405 4700 annis
1421 4624 1486 4673 ante
1500 4618 1680 4672 paschasium
1696 4616 1808 4707 prolata

75 4696 213 4742 loeuusm
237 4688 299 4743 sine
322 4689 413 4746 altero
427 4707 528 4764 reapse
547 4696 704 4751 consistere
718 4711 818 4768 pessa:
842 4712 906 4751 eum
960 4693 1073 4749 fuerant
1090 4693 1119 4747 iii
1143 4693 1265 4746 coneilio
1289 4706 1308 4745 ii
1324 4690 1453 4770 Niceros,
1475 4687 1618 4770 celebrato
1639 4688 1721 4756 larino
1750 4690 1806 4753 iili,

75 4767 163 4826 legam
183 4773 303 4814 neeesse
327 4760 365 4814 sit
386 4777 489 4836 corpus
516 4765 620 4821 Christi
646 4782 707 4821 esse
728 4769 757 4821 in
775 4766 907 4822 euchari·
960 4769 1038 4819 toino
1053 4765 1086 4818 lv
1102 4763 1206 4817 Concil.
1230 4760 1365 4816 editionis
1378 4760 1455 4841 ιΒιηιι
1473 4775 1541 4813 anni
1562 4760 1640 4823 tots,
1656 4773 1721 4843 pag.
1739 4759 1805 4841 till:

75 4826 381 4900 llis,ttisiaglloacalur
406 4837 538 4914 quaedtlm
565 4839 686 4893 mulatio
714 4839 799 4891 unius
820 4838 861 4892 rai
877 4838 907 4892 io
959 4843 1002 4896 Ὠς
1026 4839 1075 4910 πρὸ
1097 4837 1143 4886 τεῦ
1168 4831 1308 4903 aptastis,
1332 4829 1442 4914 inmaidi
1467 4829 1603 4915 iturissae·
1623 4847 1689 4913 paru
1715 4823 1745 4879 ds
1763 4845 1807 4879 seu

74 4897 189 4968 ituram,
219 4899 329 4956 scilicet
353 4917 436 4973 panta
464 4906 495 4960 in
521 4923 625 4980 corpus
651 4907 765 4963 clriisti.
796 4909 833 4962 Ex
862 4908 907 4962 his
960 4905 1089 4978 ἁγιασμόν
1112 4912 1188 4975 σῶμα
1210 4905 1306 4977 liupuni]
1328 4905 1371 4953 uni
1395 4921 1460 4974 arpa
1486 4907 1599 4975 lipiarou
1624 4914 1738 4969 lapsuras
1763 4915 1806 4947 aui

73 4966 144 5024 ellim
159 4971 323 5043 intelligere
341 4972 423 5029 tacite
438 4981 480 5029 est
499 4987 639 5049 quantum
664 4980 700 5033 sit
715 4978 906 5032 necessarium
961 4978 1021 5043 risi,
1042 4981 1085 5027 eat
1104 4978 1279 5026 remissurus.
1304 4973 1375 5027 riute
1391 4973 1612 5027 consecrationem
1633 4969 1808 5050 opipellantiir

73 5037 241 5095 adsalutem
275 5048 413 5099 eternam
445 5049 677 5120 comparandam,
711 5050 826 5104 credere
857 5064 908 5103 seii
959 5050 1065 5116 ppurae.
1081 5051 1105 5101 et
1120 5049 1180 5115 past
1195 5046 1420 5127 consecrationem
1433 5045 1609 5126 nominantur
1621 5053 1732 5108 proprie
1748 5051 1804 5089 cor-

73 5106 143 5165 lidem
159 5112 288 5168 diuinam
304 5113 410 5169 babere
425 5120 753 5175 transsubstantiationis
768 5125 796 5175 ct
819 5119 907 5174 reali·
960 5134 1011 5187 pus
1027 5119 1135 5172 Domini
1157 5119 1182 5168 et
1208 5128 1321 5181 sanpuis
1337 5113 1456 5194 Cleristi,
1481 5116 1593 5192 ctlsuut,
1620 5114 1645 5162 et
1660 5105 1807 5162 uidentur

72 5179 134 5244 ¹⁸⁰⁵.
154 5181 263 5254 quippe
285 5199 350 5239 cuni
369 5189 395 5239 si
413 5187 462 5242 hoc
479 5193 602 5259 profiteri
626 5191 772 5257 uolumini,
793 5191 908 5260 compel-
961 5187 1102 5254 rjiisrnodi.
1118 5183 1318 5241 llaucdiceudi
1334 5191 1363 5238 ct
1378 5182 1520 5237 scribendi
1536 5182 1670 5261 formam,
1685 5192 1733 5229 seu
1747 5191 1805 5257 ino·

74 5245 153 5304 luter
184 5267 286 5319 nrpare
318 5270 374 5310 esse
409 5273 506 5328 carptus
540 5264 753 5330 surpuinrmque
789 5262 906 5316 Christi:
960 5259 1028 5312 duni
1047 5258 1149 5312 iterum
1164 5255 1266 5326 repetit
1282 5254 1453 5309 llutiuiiinus
1469 5252 1503 5306 de
1519 5252 1624 5305 Christi
1639 5261 1758 5316 corpore
1775 5262 1804 5301 iii

73 5316 137 5380 Oreo
161 5337 314 5378 ncrasesa
336 5342 391 5380 iios
415 5344 501 5384 souuii
526 5347 630 5399 niceae,
653 5345 742 5386 iaiiuu
763 5347 840 5385 aileu
860 5347 905 5385 co·
961 5327 1131 5383 eucharistia
1156 5341 1254 5397 reapse
1287 5325 1434 5379 existente.
1468 5323 1551 5377 Num.
1581 5321 1630 5373 llll:
1660 5317 1808 5403 addamus

72 5403 163 5446 tinst-
961 5399 1096 5468 quailtate
1114 5399 1194 5468 panis
1219 5401 1244 5451 ct
1258 5396 1331 5450 cotia
1347 5399 1394 5464 qui
1408 5406 1504 5462 corpus
1522 5396 1547 5446 et
1570 5404 1683 5458 suaeuis
1704 5389 1806 5474 Chresti

100 5464 205 5532 ‘Nepae
233 5466 289 5519 isto
317 5472 488 5526 commmatio
501 5473 685 5543 corporaliter,
709 5471 757 5527 sed
770 5473 906 5542 spiritali·
960 5472 1116 5525 nominatur
1128 5473 1153 5524 et
1173 5469 1278 5532 euistit,
1294 5466 1448 5546 memorien
1473 5468 1648 5546 representat
1663 5464 1807 5544 Dominicis

74 5533 250 5598 wteetasit.
277 5534 307 5590 ld
330 5543 374 5593 est
386 5554 479 5614 neque
504 5544 692 5599 commutatio
714 5542 786 5598 iscla
810 5542 856 5611 sit,
877 5542 907 5596 iii
959 5543 1105 5612 passionis,
1134 5543 1188 5594 etc.
1217 5538 1286 5604 Quia
1311 5549 1374 5589 rum
1401 5542 1441 5588 ila
1466 5539 1532 5600 sint,
1556 5532 1705 5588 dubitandi
1727 5531 1806 5587 locus
