3930 6098
105 237 152 288 llil
706 230 846 287 enutrio
866 231 913 285 AD
930 229 1037 286 virtu
1056 229 1083 286 S.
1103 231 1248 286 tusum.
1803 243 1848 294 ati

105 370 207 423 darum
222 368 373 440 Aprilium,
395 367 463 420 tuna
484 364 733 436 vicesimaprima,
761 370 859 419 octavo
884 365 949 420 ldus
968 363 1089 430 Arium,
1113 365 1231 420 tertium
1254 366 1431 432 llauricium,
1456 374 1591 437 quartum
1613 370 1755 438 Phocum,
1780 372 1852 442 cujus

106 458 261 524 Februarii,
278 455 324 510 die
340 453 497 521 Dominica,
515 454 581 507 luua
593 454 695 524 prima,
712 453 783 508 obiit
797 455 824 510 S.
840 456 949 509 Aman-

104 546 157 600 dus
171 559 312 599 annorum
328 541 440 597 circiter
453 541 621 612 nonaginta.

104 657 284 697 ARGUMENTUM
314 656 369 701 QUO
394 655 517 694 Teneone
546 655 651 694 BEATUS
677 655 830 694 CONFESSOR
858 656 951 694 ΔΜΔΝ·

263 728 314 766 DUS
334 727 383 765 VEL
402 727 486 765 NATUS
508 726 555 764 VEL
574 726 725 766 perductos
745 727 792 764 sm.

140 812 178 866 ue
192 815 323 882 tempore
345 808 501 863 nativitatis
521 813 549 862 et
564 824 649 862 cursu
673 807 738 862 vitae
759 813 843 880 atque
870 808 952 863 obitu

61 888 64 892 ⁴
102 900 181 954 beuti
195 897 337 967 pontilicis
353 895 457 951 Christi
475 895 608 962 Amandi,
628 894 725 966 aliqua
741 894 856 949 lectioni
871 894 950 949 inse-

103 1004 166 1042 rere
182 987 219 1041 ob
243 987 357 1058 plenam
373 983 568 1054 cognitionem
585 983 742 1054 legantium
758 985 950 1038 necessarium

104 1076 257 1132 duximus:
274 1074 323 1145 qui
341 1074 413 1127 sicut
429 1071 573 1144 probabili
585 1075 758 1144 argumento
775 1071 902 1126 historiis
920 1086 952 1125 ac

103 1163 245 1219 chronicis
262 1163 317 1216 sibi
334 1162 550 1216 concinentibus
565 1161 808 1232 investigavimus,
825 1177 900 1214 anno
916 1160 952 1215 ab

105 1251 304 1307 incarnatione
320 1250 434 1304 Domini
449 1250 539 1304 nostri
553 1251 617 1304 lesu
632 1250 734 1305 Christi
750 1250 950 1321 quinquagen-

1004 454 1129 508 secundo
1145 470 1221 508 auno
1231 455 1357 526 imperii,
1371 457 1468 528 utjam
1482 457 1617 527 diximus,
1634 459 1758 530 quierat
1768 476 1853 514 auum

1005 540 1118 594 Domini
1135 543 1359 607 sexcentesimus
1372 545 1500 615 quintus,
1517 546 1672 616 Gregorius
1686 563 1763 618 papa
1778 548 1851 610 obiit,

1004 634 1170 700 postquem
1199 632 1229 685 B.
1257 633 1412 700 Amandus,
1440 633 1511 687 vixit
1534 635 1617 689 aunis
1644 635 1851 707 quinquaginta

1005 734 1069 783 sex;
1085 718 1218 789 quintum
1233 721 1356 775 Romani
1373 722 1485 791 imperii
1505 723 1667 792 principem
1686 725 1850 790 Heraclium,

1005 811 1113 860 sextum
1134 808 1354 862 Constantinum
1374 812 1396 875 b,
1414 811 1568 879 septimum
1582 811 1714 880 ejusdcm
1731 813 1849 868 nominis

1006 895 1235 963 Constantinum,
1258 896 1340 966 cujus
1364 913 1439 952 anno
1463 898 1543 969 regni
1567 897 1709 970 vigesimo
1736 901 1849 967 tertio‘,

1005 983 1124 1053 quierat
1136 999 1227 1037 annus
1243 983 1399 1039 Dominicae
1411 985 1617 1040 lncarnationis
1634 989 1850 1042 sexcentesimus

1005 1071 1197 1140 sexagesimus
1213 1072 1324 1141 primus
1339 1072 1473 1127 ultimum
1495 1075 1645 1146 praesentis
1666 1076 1720 1129 reri
1745 1081 1849 1148 tempus

1005 1175 1080 1230 soepe
1095 1160 1187 1214 dictus
1199 1161 1283 1214 Pater
1295 1161 1428 1231 explevit.

1041 1248 1120 1312 Quod
1138 1248 1162 1302 si
1188 1254 1213 1303 el
1239 1249 1384 1320 principes
1404 1250 1486 1321 regni
1512 1251 1688 1307 Francorum
1715 1254 1766 1324 qui
1784 1258 1848 1309 tem·

104 1341 207 1394 tesimo
217 1339 637 1410 septuagesimoprimo,b'onis
648 1339 711 1392 llaii
721 1338 836 1404 mensis,
846 1337 877 1391 iu
888 1353 952 1407 pro·
1004 1351 1074 1406 pore
1104 1337 1168 1391 vitae
1192 1338 1254 1408 ejus
1279 1337 1391 1408 regium
1411 1344 1578 1409 tenuerant,
1603 1340 1712 1412 aliquis
1729 1358 1847 1412 quaerere

104 1428 196 1483 vincia
219 1426 451 1499 Aquitaniorum,
478 1431 595 1496 etpago
611 1427 735 1497 praefatm
753 1427 877 1496 regionis
903 1442 951 1480 vo·
1005 1424 1127 1478 voluerit
1154 1427 1328 1497 (quanquam
1353 1427 1381 1481 id
1405 1443 1463 1481 non
1483 1426 1564 1482 facile
1585 1439 1707 1501 propter
1723 1430 1846 1484 historia·

105 1517 205 1571 cabulo
222 1515 402 1581 herbatilico,
416 1531 449 1568 ex
468 1521 549 1585 patre
564 1515 681 1583 Sereno,
695 1515 833 1586 genitrice
846 1517 950 1570 lmau·
1006 1528 1070 1567 rum
1097 1514 1285 1584 semiplenam
1309 1514 1478 1585 indaginem
1502 1516 1635 1571 videatur
1658 1517 1725 1572 fieri
1751 1522 1842 1589 posse),

104 1603 328 1671 tia;uativitatis
350 1603 589 1664 initiumhahuit,
610 1602 810 1658 annoscilicet
831 1603 951 1674 septimo
1006 1601 1171 1672 diligentius
1200 1602 1289 1657 animi
1326 1603 1475 1658 vivacitate
1509 1605 1700 1675 perspiciens,
1733 1607 1844 1678 reperiet

105 1710 162 1765 quo
175 1692 326 1748 Iustiniani
340 1708 486 1746 successor
500 1692 629 1746 lustinus
645 1691 748 1756 minor,
763 1707 829 1746 curn
846 1691 952 1761 Sophia
1006 1694 1137 1760 ternpore
1151 1689 1217 1744 vitea
1234 1690 1295 1760 ejus
1312 1691 1364 1745 hos
1378 1691 1454 1762 apud
1472 1693 1594 1747 Francos
1616 1692 1728 1749 honore
1745 1695 1843 1750 functos

104 1780 543 1853 coujugejurepublicoarcem
560 1780 676 1852 imperii
693 1781 816 1847 leuabat,
835 1796 891 1851 quo
909 1779 952 1835 vi·
1007 1777 1087 1848 regio
1105 1778 1158 1832 hoc
1179 1778 1298 1832 ordine:
1326 1777 1451 1849 primum
1468 1780 1673 1851 chilpericum,
1693 1783 1840 1838 secundun

105 1870 208 1925 delicet
228 1876 358 1940 tempore
379 1869 503 1923 Joauues
517 1868 644 1938 pontifex
662 1870 797 1923 Romanae
823 1868 952 1922 Ecclesiae

105 1959 134 2014 iu
156 1958 257 2013 ordine
282 1957 449 2028 pontificum
463 1956 656 2027 sexagesimus
672 1957 772 2011 tertius
787 1956 952 2012 cathedram

104 2048 234 2118 ejusdem
252 2047 331 2102 urbis
355 2061 430 2100 anno
453 2046 497 2100 sui
520 2046 689 2116 presulatus
714 2051 813 2099 octavo
836 2050 952 2100 strenue

105 2135 291 2205 gubernabat.
314 2133 522 2203 Computantur
542 2138 638 2186 autem
655 2133 690 2186 ab
705 2149 781 2187 anno
797 2132 953 2187 nativitatis

105 2222 215 2294 praefati
227 2221 280 2275 viri
297 2221 346 2275 Dei
362 2221 485 2275 dmaudi
500 2236 591 2292 usqua
607 2221 642 2276 ad
655 2220 765 2275 obitum
780 2221 871 2292 ipsius
885 2237 953 2291 pon-

106 2310 194 2365 tifices
223 2311 359 2364 Romame
391 2310 464 2365 sedis
487 2310 640 2378 sexdecim,
665 2327 680 2363 a
706 2311 814 2364 Joanne
847 2311 954 2364 scilicet

105 2399 275 2471 incipientes
294 2399 450 2463 numerari,
467 2399 547 2469 cujus
566 2403 665 2453 octavo
679 2415 754 2453 anno
768 2399 953 2469 pontificatus

107 2490 256 2552 natusest,
273 2485 327 2541 hoc
351 2487 436 2541 modo
452 2503 458 2540 :
482 2487 594 2557 primus
610 2487 686 2542 idern
701 2488 832 2553 loannes,
848 2503 952 2542 secuu-

105 2575 157 2630 dus
182 2574 360 2641 Benedictus,
383 2573 485 2629 tertius
513 2574 654 2644 Pelagius,
673 2580 793 2647 quartus
813 2576 953 2631 mirabilis

105 2665 205 2720 doctor
219 2662 352 2718 Ecclesia
368 2663 531 2733 Gregorius,
551 2664 579 2717 iu
596 2664 676 2733 cuius
695 2664 883 2719 ordinationis
897 2665 953 2719 ini-

106 2753 146 2807 tio
167 2752 211 2806 vir
234 2753 284 2806 [tei
310 2751 459 2805 Amandus
483 2751 651 2806 vicesimum
677 2753 834 2807 secuudum
862 2753 953 2807 aetatis

106 2841 209 2910 agebat
221 2856 339 2909 aunum,
355 2839 385 2894 iu
400 2838 480 2894 obitu
490 2855 555 2895 vero
566 2840 656 2911 ipsius
672 2856 762 2911 prope
773 2841 953 2912 trigesimum

1009 1865 1186 1932 Lotharium,
1210 1867 1328 1920 tertium
1350 1868 1553 1938 Dagobertum,
1570 1875 1708 1941 quartum
1723 1870 1841 1943 Sigeber·

1007 1958 1079 2020 tum,
1102 1955 1221 2025 ejusque
1237 1955 1355 2009 fratrem
1372 1955 1533 2011 lodoveum
1548 1957 1695 2028 quintum,
1709 1961 1790 2030 cujus
1803 1959 1840 2014 dlii

1007 2042 1124 2097 fuerunt
1145 2042 1185 2109 hi,
1207 2043 1369 2110 hetherius,
1396 2044 1562 2110 llildericus,
1586 2061 1618 2098 ac
1638 2047 1840 2102 Theodericus:

1008 2132 1056 2185 scd
1073 2130 1203 2185 bethario
1225 2131 1255 2184 in
1272 2132 1422 2201 juveutute
1439 2138 1564 2201 mortuo,
1581 2150 1613 2187 ac
1635 2133 1742 2189 deinde
1762 2134 1837 2190 llilde-

1008 2220 1066 2274 rico
1090 2237 1106 2273 a
1136 2221 1308 2274 Francorum
1333 2221 1504 2291 primatibus
1529 2222 1691 2289 interfecto,
1718 2223 1839 2294 regalem,

1007 2324 1094 2379 quam
1120 2324 1212 2379 nuper
1227 2312 1390 2363 tonsoratus
1405 2310 1550 2376 amiserat,
1570 2310 1766 2365 Theudoricus
1776 2327 1838 2365 rece·

1007 2397 1050 2468 pit
1064 2392 1253 2467 dignitatem:
1270 2397 1303 2452 ad
1324 2398 1405 2468 cujus
1421 2415 1512 2469 usque
1533 2404 1664 2470 tempora
1682 2399 1796 2454 beatum
1807 2399 1838 2452 vi·

1007 2486 1081 2539 xisse
1100 2484 1264 2539 Amandum
1286 2486 1449 2540 chartarum
1472 2487 1672 2541 instrumentis
1695 2503 1760 2559 quae
1779 2485 1838 2558 apud

1008 2590 1060 2628 uos
1082 2574 1218 2627 hactenus
1234 2574 1378 2629 habentur
1396 2574 1541 2629 docemur.
1565 2574 1676 2640 Quibus
1691 2577 1776 2630 ctiam
1791 2575 1836 2630 die·

1008 2663 1060 2718 hus
1084 2662 1222 2717 Ehroiuus
1243 2663 1439 2741 majordomus
1462 2664 1598 2718 nefandas
1619 2680 1709 2736 reguo
1731 2666 1838 2720 Franco·

1008 2768 1072 2805 rum
1096 2751 1210 2805 fraudes
1232 2750 1372 2806 inferebat
1392 2752 1577 2820 calamitates,
1593 2768 1703 2823 augens
1719 2753 1754 2808 da
1767 2751 1836 2808 dicia

1009 2838 1084 2893 diem
1101 2855 1191 2911 usque
1208 2839 1241 2893 ad
1263 2855 1355 2893 seram
1371 2840 1507 2894 scelerata
1523 2841 1635 2911 piacula
1656 2847 1790 2906 mortem;
1801 2837 1836 2910 qui

43 2936 46 2940 '
106 2930 250 3001 quintum,
268 2930 317 3001 qui
332 2934 393 2984 erat
407 2945 499 2983 annus
512 2946 528 2983 a
542 2929 690 2984 nativitate
706 2930 820 2984 Domini
835 2946 954 2984 sexcen-
973 2928 1124 3007 Gregibus
1149 2943 1214 2982 cum
1235 2928 1314 2982 omni
1338 2930 1446 3000 populo
1468 2929 1641 2999 perturbatis
1666 2930 1702 2984 ad
1722 2929 1836 2983 ultiman

106 3018 225 3073 tesimus
248 3019 375 3090 quintus,
398 3018 480 3089 regni
505 3023 600 3073 autam
617 3019 716 3073 Phocae
731 3019 848 3074 Caesaris
862 3035 953 3073 annus
1008 3017 1137 3071 omnium
1153 3017 1294 3070 malorum
1311 3032 1429 3070 suorum
1440 3018 1588 3071 cumulum
1603 3018 1633 3071 B.
1650 3005 1858 3088 Leodegariuu'

107 3108 259 3175 secundus,
286 3106 358 3161 sicut
374 3108 448 3162 Beda
465 3106 642 3161 Venerabilis
658 3108 809 3178 presbyter
824 3109 854 3162 in
870 3107 952 3162 chro·
1007 3105 1125 3159 diversis
1151 3109 1363 3159 tormentorum
1397 3105 1488 3176 poenis
1518 3105 1713 3160 excruciatum
1750 3101 1836 3160 Christi

107 3194 177 3248 uicis
192 3194 250 3248 suis
265 3193 361 3248 refert.
379 3195 412 3247 Et
427 3199 460 3248 ut
474 3200 600 3264 roeptum
622 3210 779 3266 persequar
801 3197 951 3263 calculum,

107 3298 251 3338 successor
279 3282 410 3353 Gregorii
440 3283 584 3352 pontilicis
618 3283 737 3353 quintus
771 3283 952 3351 Sabinianus,

107 3377 201 3426 sextus
216 3371 386 3438 bonifacius,
404 3371 542 3440 septimus
562 3371 634 3425 alter
649 3371 820 3439 bonifacius,
839 3377 953 3426 octavus

108 3458 272 3525 Densdedit,
297 3474 391 3512 nonus
405 3458 575 3524 Bouilacius,
593 3458 720 3512 decimus
733 3460 883 3524 Honorius,
900 3476 953 3514 un·

107 3547 234 3601 decimus
247 3546 406 3612 severinus,
422 3546 609 3600 duodecimus
621 3547 753 3609 Joannes.
766 3549 866 3602 tertius
877 3549 952 3603 deci·

107 3633 353 3700 musTheodorus,
364 3637 482 3704 quartus
493 3633 621 3688 decimus
632 3636 953 3702 ldartiuus,B.Amando

107 3711 357 3787 familiarissimus,
388 3720 504 3792 quintus
529 3723 657 3778 decimus
677 3725 832 3795 Eugenius,
855 3734 953 3781 sextus

107 3809 235 3864 decimus
259 3808 425 3874 Vitalianus,
453 3811 534 3881 cujus
558 3811 642 3866 tertio
667 3828 742 3866 anno
770 3813 953 3882 pontificatus

106 3898 137 3953 B.
155 3898 301 3953 Amandus
323 3903 365 3952 est
380 3899 539 3966 defunctus,
565 3906 664 3954 octavo
685 3901 751 3955 idus
774 3902 879 3956 mensis
902 3900 950 3957 Fe·

106 3986 233 4043 hruarii:
258 3991 344 4058 atque
368 3987 406 4040 ita
429 3989 585 4057 computati
599 3988 634 4042 ah
650 4005 725 4043 anno
745 3990 953 4044 iucarnationis

1008 3197 1163 3264 martyrem
1178 3193 1251 3247 fecit.
1266 3193 1294 3248 Si
1312 3193 1377 3264 quis
1391 3209 1459 3248 vero
1473 3194 1551 3248 huuc
1566 3210 1729 3249 sermonem
1745 3194 1779 3249 ab
1793 3190 1835 3246 exi·

1008 3283 1116 3353 gnitate
1127 3281 1263 3352 ingenioli
1276 3282 1365 3336 nostri
1378 3281 1581 3352 depromptum
1592 3283 1676 3354 quasi
1690 3283 1783 3337 minus
1791 3280 1835 3334 ido

1007 3386 1094 3425 neum
1116 3370 1280 3424 severitate
1296 3368 1445 3425 suffultum
1461 3371 1604 3441 probabili
1619 3375 1788 3442 argumento
1800 3368 1834 3423 iu·

1007 3459 1148 3529 vestigare
1164 3458 1297 3523 voluerit,
1319 3457 1396 3512 hunc
1411 3474 1573 3522 monemus,
1589 3465 1621 3513 ut
1636 3460 1733 3529 primo
1748 3471 1835 3513 annun

1007 3549 1102 3603 obitus
1116 3545 1227 3618 praefati
1241 3546 1409 3601 confessoris
1424 3546 1527 3602 Christi
1542 3548 1678 3613 Amandi,
1694 3547 1745 3619 qui
1762 3547 1809 3601 fuit
1824 3559 1836 3597 a

1007 3635 1153 3690 nativitate
1170 3635 1284 3690 Domini
1297 3636 1519 3688 sexcentesimus
1534 3636 1731 3705 sexagesimus
1744 3636 1836 3705 primus

1007 3724 1159 3793 diligenter
1184 3723 1332 3776 memorius
1347 3721 1425 3792 ligat,
1450 3722 1517 3794 quia
1532 3721 1561 3776 iu
1585 3738 1630 3791 eo,
1649 3722 1722 3778 sicut
1745 3723 1835 3794 priore

1007 3812 1098 3867 nostri
1113 3811 1197 3865 uobis
1220 3827 1278 3865 non
1303 3810 1396 3864 solum
1415 3811 1444 3864 iu
1470 3810 1561 3878 libris,
1583 3810 1633 3866 scd
1650 3811 1736 3866 etiam
1750 3807 1834 3882 lapidi·

1006 3901 1060 3955 hus
1085 3916 1120 3955 ue
1145 3898 1292 3954 obliterari
1317 3905 1415 3969 posset
1438 3901 1577 3970 scriptum
1601 3895 1833 3971 reliquerunt,rh

1007 3990 1059 4044 hoc
1079 3989 1187 4042 mundo
1207 3988 1241 4041 ad
1259 3989 1410 4042 hominum
1426 3986 1549 4042 transiit.
1567 3987 1648 4043 Unde
1663 3989 1719 4043 hoc
1733 3998 1833 4042 numam

109 4075 263 4132 Dominicee
292 4076 541 4147 quingentesimus
570 4077 797 4147 septuagesimus
828 4078 950 4149 primus,
1007 4075 1831 4149 quusifundameutoinanimostabilitercullocato,ahipst

107 4165 157 4236 qui
181 4169 242 4219 erat
265 4180 358 4217 annus
380 4169 495 4217 octavus
519 4165 689 4235 praesulatus
714 4164 830 4220 Joannis
856 4183 950 4237 papae,
1007 4167 1124 4221 demum
1136 4165 1172 4219 ad
1188 4165 1338 4235 superiora
1353 4164 1521 4219 calculando
1535 4165 1696 4236 nonaginta
1710 4174 1829 4219 annorum

105 4252 248 4323 usquead
273 4267 381 4306 anuum
407 4252 521 4306 Domini
549 4252 787 4307 sexcentesimum
807 4255 949 4325 sexagesi-
970 4247 1110 4328 liquibus
1125 4253 1195 4308 vixit
1215 4269 1368 4308 numerum
1383 4257 1541 4324 computet,
1558 4258 1587 4307 et
1607 4254 1648 4307 sic
1663 4254 1697 4309 ad
1711 4255 1829 4326 quingen·

106 4355 186 4394 mum
202 4339 340 4410 primum,
362 4339 412 4410 qui
428 4345 489 4393 erat
503 4355 595 4394 sunus
616 4341 797 4411 episcopatus
819 4342 951 4419 Vitaliani

105 4443 187 4499 papae
208 4428 309 4482 tertius
329 4442 352 4493 ι,
375 4444 432 4499 quo
452 4428 479 4483 S.
496 4430 641 4484 Amandus
657 4430 739 4496 obiit,
765 4431 952 4485 inveniuntur

106 4516 175 4570 abui
189 4515 253 4570 vitre
268 4517 379 4587 prelati
394 4517 508 4589 patroni
520 4518 690 4588 nonaginta,
707 4519 811 4589 quibus
828 4535 952 4589 praeseu-

30 4625 34 4629 ’
106 4604 142 4658 tis
156 4605 222 4659 vitae
238 4621 343 4659 munus
356 4605 488 4675 explevit.

140 4692 232 4748 Simili
264 4693 350 4748 etiam
383 4695 468 4748 modo
505 4695 528 4748 si
563 4695 729 4764 reipublicae
763 4694 951 4766 imperatores

106 4783 246 4850 revolvas,
283 4787 391 4853 septem
420 4783 449 4836 in
479 4788 607 4852 tempore
632 4783 696 4838 ritae
720 4783 828 4854 prefati
860 4784 950 4838 Patris

103 4871 225 4926 Amandi
250 4872 328 4941 regio
352 4870 446 4926 oflicio
467 4870 579 4924 functos
604 4871 733 4926 iuvenies
757 4873 811 4926 hoc
828 4873 949 4929 ordine:

104 4961 232 5030 primum
252 4959 405 5014 Justiniuui
418 4975 608 5013 successorem
633 4961 775 5016 lustinum
792 4961 950 5032 juniorem,

103 5049 186 5119 cujus
200 5048 322 5120 septimo
337 5063 413 5102 anuo
429 5049 510 5117 regni
524 5051 607 5102 natus
623 5053 678 5115 est,
695 5051 851 5105 secundum
867 5051 952 5107 Tibe·

138 5200 151 5226 ¹
170 5191 302 5245 Vitaliani
323 5191 506 5260 pontificatus
524 5191 638 5248 initium
652 5194 743 5265 illigat
758 5202 857 5250 auctor
872 5212 948 5252 auno

103 5263 164 5316 658.
184 5262 321 5317 Barouius
333 5277 400 5315 vero
419 5278 496 5316 antro
510 5265 570 5317 655.

120 5333 151 5409 ‚b
172 5334 357 5387 lleraclonam
374 5332 551 5388 Constantini
566 5334 668 5401 filiurn,
683 5335 862 5391 Constantini
875 5338 948 5393 alte-

103 5414 163 5451 rius
179 5417 227 5454 seu
243 5404 403 5459 Constantis
417 5404 533 5459 fratrem
549 5406 664 5459 omittit.

132 5478 150 5546 f>
172 5485 240 5539 crgo
256 5474 457 5528 Constantinus
479 5491 512 5528 cx
528 5481 623 5530 mente
637 5476 763 5530 auctoris
777 5493 853 5532 auno
867 5479 947 5534 Chri·

104 5541 139 5589 sti
154 5538 205 5590 639
231 5556 353 5611 regnum
371 5544 445 5599 iniit.
466 5544 519 5599 Cui
540 5547 648 5601 calculo
662 5547 738 5603 favet
759 5548 947 5620 Fredegarius

1005 4345 1140 4400 tesimum
1154 4342 1396 4413 septuagesimum
1412 4343 1539 4413 primum
1551 4343 1710 4398 nativitatis
1724 4337 1829 4398 Domini·

1005 4449 1045 4487 cae
1059 4448 1167 4486 anuum
1185 4447 1241 4502 quo
1256 4436 1340 4485 natus
1355 4435 1396 4484 est
1410 4447 1485 4499 saepe
1498 4431 1590 4485 dictus
1608 4431 1694 4486 Pater
1712 4427 1828 4502 gradatim

1005 4521 1160 4593 perveniet.
1178 4519 1225 4573 llis
1248 4519 1337 4589 igitur
1363 4518 1475 4574 duobus
1490 4519 1616 4583 calculis,
1637 4535 1696 4575 uno
1711 4524 1790 4581 ortus,
1808 4514 1828 4567 el

1005 4610 1094 4664 altero
1111 4608 1206 4663 obitus
1217 4608 1370 4678 diligenter
1381 4608 1476 4662 animo
1485 4608 1705 4677 commendatis,
1718 4605 1826 4662 adhibeat

1005 4699 1060 4752 sibi
1074 4697 1208 4752 historias
1225 4712 1327 4767 regum
1348 4695 1399 4768 qui
1414 4712 1448 4750 eo
1463 4700 1592 4766 tempore
1610 4698 1661 4767 Jus
1684 4700 1786 4768 regium
1799 4698 1826 4746 te

1004 4792 1141 4852 nuerunt,
1157 4786 1277 4856 insuper
1298 4789 1327 4839 et
1339 4783 1486 4839 chronicas
1501 4784 1709 4840 venerabilium
1724 4787 1824 4843 esuum,

1003 4890 1114 4930 necnon
1141 4879 1168 4927 et
1194 4874 1300 4928 librum
1327 4873 1361 4927 de
1387 4873 1575 4928 Pontificibus
1599 4867 1827 4944 apostolicaesedis

1004 4964 1112 5018 editum
1127 4978 1133 5015 :
1155 4977 1261 5033 eosque
1276 4961 1358 5031 quasi
1377 4966 1442 5014 ante
1457 4965 1485 5014 et
1508 4967 1583 5014 retro
1598 4963 1728 5016 oculatus
1741 4957 1827 5016 liincet

1004 5051 1070 5106 inde
1089 5066 1190 5104 seusus
1204 5049 1352 5103 vivacitate
1367 5049 1589 5120 circumspiciat,
1606 5055 1694 5121 atque
1715 5048 1762 5122 qui
1775 5060 1828 5118 apo·

1003 5196 1032 5250 in
1049 5196 1154 5251 Chrou.
1181 5209 1243 5264 cap.
1261 5195 1304 5261 at,
1327 5192 1376 5264 qui
1397 5191 1551 5246 lleraclona
1574 5192 1610 5248 ob
1631 5193 1714 5260 regni
1727 5190 1830 5248 brevita-

1003 5272 1060 5320 tem
1081 5266 1214 5319 simititer
1236 5269 1388 5333 expuncto,
1406 5263 1627 5318 Constantinum
1644 5263 1785 5319 Constanti
1803 5261 1831 5312 lo

1003 5353 1067 5390 curn
1084 5336 1196 5389 dedisse
1218 5350 1293 5388 anno
1318 5334 1399 5404 regui
1422 5334 1578 5388 Chlodovei
1591 5336 1715 5406 junioris
1730 5329 1833 5390 secondo

1002 5407 1145 5461 affirmat:
1171 5404 1285 5460 tametsi
1312 5404 1453 5459 baronius
1473 5405 1637 5460 Constantis
1660 5405 1833 5478 principatum

1002 5479 1037 5533 ub
1050 5494 1126 5533 anuo
1143 5477 1190 5531 llll
1207 5475 1328 5530 orditur.
