3930 6098
103 166 156 261 oie

103 339 167 392 bier
204 337 237 392 m
256 335 380 404 Septeno
402 331 534 402 denoque
554 329 744 385 Nouembrem
763 327 815 399 qui
830 327 948 382 venien·
968 345 990 397 q

537 181 539 185 ’
649 195 905 253 wnnhnlnantl
926 192 1136 252 nubulariam
1156 193 1314 253 honneur

893 423 951 471 tem

246 508 413 580 Praesignat
430 507 526 564 Gallus
549 507 652 562 colitur
664 506 832 574 confessor3
847 414 952 560 et[una

246 598 293 654 Bis
308 603 424 653 centum
446 601 475 652 et
496 596 589 652 decies
613 599 723 669 septem
739 598 950 661 memorantur,

822 683 951 754 [iniquus

246 776 322 842 Quos
336 775 418 831 furor
437 775 474 831 ob
489 774 633 831 Christum
652 773 740 828 simili
755 774 889 829 mactavit
904 779 951 826 tro-

868 877 949 916 nore.

282 955 314 1008 tn
336 953 445 1019 Africo,
467 952 560 1007 notate
577 955 733 1006 sanctorum
752 951 832 1007 Nerei
851 860 876 1004 e[t
900 950 951 1005 So-

319 1045 436 1097 turnini.

1145 327 1348 399 chrysantum,
1374 327 1557 398 Duriumque,
1587 342 1663 382 noro
1684 342 1744 400 quo

1146 506 1237 560 Roma
1251 519 1326 560 nunc
1339 510 1445 570 vectos,
1463 505 1582 559 tumulis
1607 414 1746 561 Nogea]

1147 684 1208 748 Qua
1228 683 1321 739 Rheni
1344 683 1426 738 celsis
1450 683 1604 738 succedunt
1629 589 1746 754 aequor}

1148 772 1261 828 Hilarus
1282 772 1328 827 hic
1351 773 1438 827 etiam
1458 772 1531 828 nitet
1552 772 1648 844 amplo
1671 787 1746 842 pras

1181 950 1282 1005 Eodem
1307 949 1352 1004 dte
1375 951 1468 1005 nutotc
1492 952 1581 1004 suncti
1602 951 1735 1003 Frontoni

1223 1043 1257 1108 pt
1271 1043 1297 1092 et
1309 1040 1481 1105 confessoris.

196 1135 227 1186 ll
246 1130 427 1188 sedecimum
442 1144 521 1184 moer
544 1130 663 1184 antistes
684 1126 844 1183 Florentius
858 1130 949 1182 ornat.
1006 1128 1068 1181 Dies
1104 1129 1137 1182 26
1166 1127 1318 1184 Pontifices
1361 1128 1446 1195 fama,
1476 1127 1576 1198 signis,
1600 1126 1746 1201 tumulisq*

166 1213 174 1225 ’
283 1220 316 1274 In
336 1219 646 1288 danninum-nomin,
669 1222 825 1272 sanctornm
851 1218 952 1271 Donati

318 1312 344 1362 et
357 1311 443 1363 Des...

197 1402 229 1455 18
249 1399 336 1455 Luchs
349 1402 392 1451 ter
414 1395 536 1467 quinum
554 1395 625 1450 testo
647 1393 801 1466 cilicioque
813 1392 951 1458 dicatum,

246 1487 394 1555 Monstrat,
409 1484 506 1551 Paule,
526 1490 576 1538 tuo
591 1483 734 1538 Christum
755 1497 887 1536 sermone
908 1482 949 1536 to·

847 1570 950 1640 [cutus.

247 1664 338 1735 Regni
360 1661 493 1717 calcatrix
514 1661 597 1732 juxta
620 1665 649 1715 et
668 1659 824 1731 Triphonia
853 1659 950 1714 clarel.
971 1646 991 1700 Β

247 1751 393 1823 (Scorpius
409 1750 541 1805 autumni
556 1749 624 1804 hinc
639 1748 806 1804 moderatur
820 1752 951 1818 tempora

852 1834 950 1908 [total

280 1931 313 1985 ln
328 1929 446 1989 Oriente,
470 1927 614 1981 traintutie
632 1930 753 1995 corporis
768 1928 856 1980 suncti
873 1926 952 1980 buca

317 2018 497 2085 mannetistae.

194 2109 226 2162 lb
248 2106 400 2162 Beronicus
414 2105 458 2160 bis
471 2107 591 2174 septeno
609 2106 694 2173 alque
711 2101 827 2174 Pelopia
841 2102 949 2174 iulget;

244 2196 320 2261 Quos
335 2194 443 2268 pariter
465 2191 656 2265 quadraginta
681 2195 768 2263 atque
783 2207 886 2246 novem
902 2208 952 2246 co-

786 2278 947 2352 [mitantur.

282 2375 314 2428 tn
347 2371 495 2428 Antiochia
537 2371 624 2439 Syriai
663 2369 756 2423 arctate
792 2373 951 2424 sanctornm

315 2463 441 2530 Pelopia,
467 2463 492 2514 et
513 2460 630 2513 otiorum
662 2457 850 2526 quadruplata
882 2463 949 2513 octo.

192 2552 228 2605 20
246 2552 451 2623 Ternumoum
465 2548 540 2603 deno
557 2546 672 2618 Caprasi
692 2551 800 2617 martyr
814 2545 950 2602 honoras.

193 2644 224 2697 ‘ll
246 2639 396 2711 Presbyter
418 2637 546 2691 haterius
573 2635 707 2691 duodeno
731 2635 795 2690 luce
822 2639 952 2690 coruscat

247 2728 377 2800 Egregia,
398 2729 504 2782 multos
525 2724 622 2782 docuit
636 2725 686 2796 qui
699 2724 813 2779 uincere
827 2730 951 2793 sanctos,

247 2817 378 2889 Undique
393 2814 468 2870 bella
483 2814 537 2887 piis
559 2813 661 2869 duram
681 2812 846 2869 minitantia
866 2829 952 2884 ¹mor-

861 2900 950 2975 [tamt

246 2995 326 3050 Hunc
341 2998 370 3050 el
385 2992 511 3063 llilarion
527 2992 617 3048 eremi
632 2992 727 3048 bonus
742 2992 838 3046 accole
852 2991 950 3046 comit.

246 3085 324 3140 Tunc
337 3099 492 3139 numerosa
506 3082 592 3138 simul
608 3081 703 3138 Rheni
716 3096 769 3153 per
782 3081 880 3137 littora
900 3080 954 3135 lut·

867 3167 952 3242 [gent

247 3261 358 3318 Christo
375 3259 514 3329 virgineis
529 3265 625 3315 erecta
640 3263 749 3330 tropaea
764 3257 899 3329 maniplis

246 3349 414 3423 Agrippinae
428 3349 506 3418 urbi,
521 3365 644 3421 quarum
666 3347 747 3402 furor
761 3347 869 3419 impius
882 3346 953 3401 olim

245 3438 333 3493 hiillia
356 3437 489 3492 mactarit
511 3436 688 3491 ductricibus
706 3437 805 3491 inclita
834 3435 949 3491 sanctis.

207 3526 244 3583 22
264 3524 453 3580 Undecimum
475 3524 547 3579 festo
567 3523 717 3595 Philippus
732 3523 884 3595 episcopus
901 3538 951 3577 au·

874 3614 932 3679 [get
943 3629 949 3666 :

248 3702 365 3758 tiermes
383 3701 438 3757 hoc
461 3701 523 3772 ipso
538 3710 551 3736 ⁸
576 3700 660 3769 nitet,
676 3699 871 3773 Eusebiusque
885 3701 963 3755 hea·'

886 3791 950 3856 [tus.

281 3881 314 3935 tn
341 3879 457 3935 Thracio
477 3883 596 3941 civitate,
624 3883 718 3950 pusato
738 3881 827 3934 suncti
851 3877 951 3933 Leode-

316 3971 383 4038 poli,
397 3973 423 4023 et
438 3973 527 4024 suncti
541 3968 663 4037 Philippi
677 3970 813 4037 episcopi.

193 4061 227 4115 2³
247 4058 392 4122 Severius,
419 4063 484 4113 tuos
505 4056 615 4112 decimo
639 4071 720 4110 sacer
743 4055 809 4110 iude
836 4054 953 4109 colonos

246 4149 400 4219 inspectas,
417 4144 505 4216 primi
520 4143 633 4198 radians
650 4144 685 4198 de
699 4142 825 4197 culmine
839 4142 950 4214 templi.

281 4237 314 4290 ln
331 4235 509 4303 Tch'unopoti
521 4234 613 4289 Severi
624 4236 650 4287 et
663 4235 773 4293 Donati,

192 4324 228 4379 il
243 4324 323 4379 Nouo
338 4321 516 4394 quadrageni
532 4321 670 4393 effulgent
681 4337 787 4394 sexque
801 4321 952 4392 triumpho

247 4412 353 4479 Roma,
369 4409 473 4465 militia
486 4415 515 4465 et
527 4415 625 4465 sancto
648 4410 805 4465 certamine
819 4409 898 4464 olari.

247 4500 461 4572 llartinumque
487 4501 501 4543 b
529 4514 612 4554 arrum
636 4498 784 4554 celebrans
813 4499 953 4554 Verlanus

811 4586 952 4660 [adornat.

283 4678 316 4731 tn
337 4678 494 4734 Nicomedia
528 4681 616 4733 suncti
652 4677 760 4739 Vitatis,
801 4676 898 4731 Felicis
929 4680 954 4729 et

323 4767 451 4823 Victoris.

194 4858 229 4911 25
253 4855 390 4912 Octavum
428 4854 579 4926 Crispinus
613 4854 701 4910 habet
738 4869 804 4909 cum
847 4852 953 4926 Crispi·

844 4942 955 5012 [uiano‚

248 5034 391 5090 Flammas
410 5033 461 5106 qui
475 5033 549 5105 passi
563 5049 670 5088 savum
681 5033 775 5088 vicera
788 5037 953 5105 tyrannum.

1147 1304 1291 1376 Septimus
1306 1303 1440 1373 ostendit,
1461 1320 1528 1360 vero
1551 1304 1586 1359 de
1611 1303 1746 1359 nomine<

1147 1482 1368 1553 vedastumque,
1405 1481 1490 1537 simul
1521 1481 1630 1537 meritis
1659 1487 1688 1536 el
1720 1486 1746 1536 te

1717 1570 1746 1641 [jl

1183 1660 1215 1713 tn
1239 1659 1394 1716 Nicomedia
1421 1661 1514 1714 notate
1541 1664 1697 1714 sanctornm
1725 1660 1746 1714 l

1217 1749 1359 1803 Marcioni.
1399 1749 1555 1804 Transtutto
1595 1753 1717 1818 comonis

1218 1836 1350 1892 elmundi.

1109 1926 1144 1980 27
1164 1925 1234 1981 Hinc
1264 1930 1376 1980 sextum
1400 1930 1509 1996 martyr
1536 1941 1669 1996 pugnans
1689 1923 1746 1979 Vim

1147 2102 1289 2159 Christele
1328 2104 1383 2158 hoc
1425 2103 1541 2174 pariter,
1578 2102 1744 2173 Sabinoque

1670 2191 1746 2264 [triu]

1181 2285 1217 2336 Et
1239 2284 1336 2351 cipitia
1358 2283 1541 2351 apostotorum
1570 2282 1687 2336 Simonis
1714 2286 1741 2335 et

1092 2374 1127 2427 28
1146 2369 1273 2426 Simonis
1285 2375 1314 2425 et
1326 2370 1408 2425 lule
1430 2370 1576 2440 praecellet
1594 2368 1746 2441 quintush

1146 2460 1223 2524 Quos
1237 2460 1373 2530 opulenta
1389 2461 1447 2515 Deo
1463 2459 1555 2513 Persis
1565 2459 1697 2513 mittente
1711 2472 1746 2513 re

1147 2549 1231 2604 Fides
1243 2548 1381 2620 martyrio
1406 2553 1435 2603 et
1451 2548 1541 2620 signis
1556 2547 1700 2602 tumulare
1715 2562 1746 2619 pa

1147 2637 1320 2705 Promeruit‚
1337 2637 1404 2693 lidei
1427 2637 1529 2691 cultrix
1559 2636 1582 2690 si
1609 2635 1715 2691 deindo
1743 2650 1746 2690 1

1148 2727 1234 2799 Virgo
1259 2726 1374 2793 animis,
1399 2731 1428 2782 et
1455 2726 1501 2781 cui
1533 2725 1633 2780 Decius
1661 2724 1740 2780 haud

1148 2902 1197 2958 llic
1212 2902 1299 2958 etiam
1313 2902 1450 2958 Matronae
1464 2902 1567 2958 colitur
1587 2918 1639 2973 per
1655 2901 1746 2956 littori

1094 2995 1129 3048 99
1149 2991 1300 3063 Presbyter
1323 2991 1389 3047 hinc
1407 2992 1535 3046 retinens
1557 2995 1692 3063 quartum
1713 2991 1746 3044 Za

1183 3170 1215 3224 In
1229 3172 1362 3232 Lucieno,
1388 3171 1481 3224 nutele
1499 3173 1588 3223 sancti
1611 3168 1739 3234 Quintini

1220 3260 1324 3313 ticiani.

1095 3349 1129 3402 30
1148 3347 1241 3402 Terno
1256 3346 1403 3402 llarcellus
1418 3345 1523 3402 Christi
1545 3345 1675 3415 galeatus
1690 3359 1746 3399 amr

1130 3435 1296 3491 Centuriam
1322 3434 1393 3490 coelo
1420 3434 1537 3506 dignam
1560 3433 1735 3505 geminaque

1148 3612 1318 3684 btartyribus
1339 3611 1383 3668 his
1403 3615 1518 3666 centum
1540 3615 1568 3666 et
1588 3610 1634 3666 his
1659 3609 1742 3665 denis

1183 3792 1219 3845 Et
1249 3791 1394 3846 translatio
1429 3793 1550 3859 corporis
1588 3792 1677 3843 suncti
1710 3788 1746 3844 Su

1219 3883 1347 3949 episcopi.

1113 3971 1143 4025 Sl
1166 3968 1336 4034 Quintinum
1352 3968 1446 4040 pridie
1459 3967 1606 4023 celebrant
1626 3982 1679 4022 sua
1694 3981 1746 4038 ges

1148 4145 1202 4211 Qui
1214 4145 1321 4219 insigni
1333 4150 1363 4202 et
1376 4145 1455 4201 vario
1476 4145 1511 4201 ob
1536 4144 1681 4201 Christum
1695 4157 1746 4199 cer

1149 4321 1324 4378 Octimhrem
1343 4322 1439 4378 clauso
1459 4321 1607 4392 componit
1627 4320 1657 4374 iu
1682 4319 1746 4375 orbe

1219 4501 1255 4554 Et
1266 4504 1355 4555 suncti
1368 4501 1494 4555 Fuitnonl
1503 4502 1645 4568 martyris.

1336 4640 1532 4696 NOVEMBER.

1151 4766 1231 4820 Nunc
1245 4780 1367 4837 quoque
1390 4764 1456 4836 quis
1478 4765 1566 4835 longa
1588 4763 1687 4834 vigilet
1707 4778 1746 4818 su

1150 4943 1227 5008 Quos
1261 4942 1389 5013 igilando
1429 4946 1512 4997 canat
1536 4847 1746 5012 promulgo}

1727 5027 1746 5103 [s

249 5123 383 5180 Gemmas
420 5122 550 5196 martyrii
602 5121 732 5193 gomirm
786 5136 957 5177 veneramur
1010 5123 1073 5175 Dies
1110 5120 1283 5177 lCaesarius
1317 5119 1410 5190 prima
1447 5117 1581 5190 designat
1611 5116 1706 5173 fronte
1743 5118 1746 5174 ἶ

831 5207 955 5284 [eodem,

108 5409 278 5534 Egntgsermea
304 5407 353 5463 troc
374 5411 443 5478 ipso.
472 5407 503 5462 lu
533 5405 629 5462 codice
654 5407 725 5478 Rog.
753 5410 780 5462 et
806 5406 837 5462 in
862 5407 956 5478 bigot,
1013 5409 1060 5533 d'b
1076 5409 1286 5533 tpprrtinumque.
1315 5407 1395 5463 Hunc
1419 5421 1532 5461 versum
1563 5403 1746 5476 ascripsimus

209 5520 215 5531 .
1033 5495 1075 5533 me
1115 5494 1191 5551 egro.
