3930 6098
727 324 911 383 th'l'ltdlilil
926 320 1158 382 conantnasts
1176 319 1332 380 uoaacltt

705 709 707 711 ,
797 619 1261 724 RATRAMNI

850 828 1053 876 COllllEllib'SlS
1076 828 1219 874 montem

154 1005 281 1151 DE
329 994 782 1148 CORPORE
828 992 955 1139 ET
1005 987 1499 1137 SANGUINE
1551 987 1907 1136 DOMINI

953 1237 1111 1336 arnan,

154 1407 206 1475 Ab
226 1407 319 1473 omni
334 1404 495 1471 novitatis
510 1406 569 1468 aut
582 1400 722 1466 haeresis
745 1399 948 1466 calvinianae
968 1398 1166 1463 inventione
1181 1401 1239 1462 aut
1263 1397 1458 1481 suspicione
1473 1397 1678 1476 vindicatus,
1696 1398 1738 1463 ad
1762 1397 1908 1462 amicam

198 1499 378 1562 honestam
397 1500 429 1558 et
444 1493 642 1557 litterariam
664 1490 933 1554 confutationem
964 1487 1218 1551 Dissertationis
1242 1486 1279 1550 ll.
1298 1486 1333 1550 P.
1359 1486 1501 1551 loannis
1517 1487 1693 1566 Harduiul,
1734 1487 1908 1551 societatis

198 1587 348 1650 nominis
363 1584 457 1658 lesu,
479 1579 519 1645 de
530 1582 746 1646 Sacrameuto
764 1574 894 1654 ultoris,
911 1577 946 1638 in
962 1595 1042 1657 qna,
1064 1575 1181 1640 relicto
1198 1577 1374 1658 proposito
1390 1576 1431 1641 de
1447 1577 1575 1641 tuendo
1591 1576 1736 1658 epistola
1755 1575 1789 1641 S.
1806 1575 1907 1640 loan-

199 1675 253 1738 nis
276 1673 507 1756 chrysostomi
534 1671 575 1734 ad
601 1669 784 1733 Caesarium
805 1664 1025 1741 monachum,
1047 1669 1222 1728 auctorem
1245 1665 1324 1728 dicti
1345 1665 1422 1728 libri
1446 1661 1486 1728 de
1508 1664 1654 1752 Corpore
1676 1675 1709 1728 et
1735 1662 1910 1749 Sanguine

197 1759 334 1826 Domini
348 1763 496 1824 inventae
522 1777 560 1821 ae
580 1758 730 1821 defensae
755 1755 941 1836 primulum
956 1753 1099 1817 haeresis
1119 1752 1322 1818 calvinianae
1338 1755 1480 1819 crimine
1498 1755 1687 1831 accusavit;
1709 1759 1907 1817 —auctore

197 1850 323 1916 Jacobo
338 1849 491 1926 Bornunu,
507 1846 670 1925 theologo
691 1842 888 1908 Parisiensi.
905 1841 1116 1919 -Parisiis,
1135 1847 1232 1907 litt.

753 2138 1006 2213 PRAEFATIO
1036 2137 1306 2213 HISTORICA.

189 2412 241 2467 'lot
255 2409 310 2466 riri
324 2408 399 2466 docti
414 2411 501 2481 atque
515 2405 649 2462 homines
663 2405 768 2461 cruditi
791 2406 846 2461 hoc
878 2411 1042 2478 apuam-A
1060 2407 1119 2463 sire
1136 2408 1256 2464 diverse
1270 2408 1358 2480 partis
1372 2409 1406 2464 de
1421 2424 1455 2465 eo
1479 2407 1659 2464 mentionem
1679 2406 1779 2462 iecerit
1802 2406 1833 2462 in
1845 2407 1908 2463 riu·

91 2495 92 2498 ’
155 2499 215 2557 lum
233 2500 385 2573 quodproe
399 2495 869 2565 manibushabes,tectnroptime,
886 2495 920 2551 de
936 2496 1005 2551 Cor·
1060 2497 1165 2554 dictam
1177 2503 1226 2553 ant
1238 2498 1472 2570 profligationem
1498 2496 1626 2553 veritatis
1647 2496 1809 2568 presentiae
1832 2512 1908 2552 verae

154 2604 225 2661 pora
244 2592 272 2644 et
285 2586 432 2658 Sanguine
448 2584 564 2641 Domini
579 2583 784 2655 conscriptum,
807 2584 889 2655 jussu
904 2582 1005 2654 ,Caroli
1059 2587 1153 2641 carnis
1166 2586 1279 2655 Christi,
1301 2592 1351 2642 aut
1364 2585 1559 2643 conversionis
1570 2585 1653 2658 panis
1675 2590 1704 2641 ct
1716 2585 1776 2641 riui
1800 2587 1831 2642 in
1846 2603 1909 2642 cor-

155 2677 234 2735 eatvi
250 2675 442 2750 imperatoris,
455 2673 624 2746 octingintis
639 2672 743 2728 abhinc
752 2671 845 2739 annis,
866 2676 1006 2728 nocturna
1059 2691 1114 2747 pus
1129 2679 1158 2731 et
1177 2676 1361 2748 sanguinem,
1388 2691 1476 2750 quam
1496 2674 1625 2746 theologi
1653 2673 1740 2746 hujus
1769 2676 1909 2747 temporis

154 2782 244 2823 manu
263 2765 425 2837 diurnaque
455 2767 539 2818 aetate
568 2765 668 2817 nostra
694 2776 856 2831 versarere,
885 2760 1005 2832 ejusque
1059 2764 1184 2834 majores
1212 2765 1570 2821 transsubstantiationem
1593 2764 1784 2837 appellavere.
1802 2764 1910 2820 Unicus

137 2852 268 2927 'generis
283 2859 430 2909 auctorem
446 2851 606 2924 genuinum
621 2851 762 2907 laboriose
784 2849 902 2905 scrutati
916 2852 1005 2920 lauat,
1059 2856 1088 2906 et
1101 2852 1245 2908 solitarius
1270 2859 1370 2909 auctor
1396 2869 1559 2926 anonymus
1585 2853 1716 2922 incurrit,
1745 2853 1828 2925 cujus
1852 2869 1910 2909 ser·

154 2948 188 3000 ut
203 2957 304 2999 eorum
320 2941 533 2998 lucubrationes
555 2939 767 2995 accessionibus
780 2937 1005 3011 {quibuscunque
1060 2955 1159 2995 mones
1173 2940 1235 2996 sine
1250 2958 1336 2997 sensu
1353 2946 1382 2998 et
1395 2941 1646 2999 sententiaomues
1659 2942 1763 2998 eruditi
1776 2942 1910 3000 homines

154 3032 302 3088 cumulare
316 3047 375 3087 non
389 3031 484 3085 solum
499 3027 713 3094 inconsiderati,
731 3041 830 3082 rernm
846 3026 932 3082 etiam
947 3025 1005 3081 otio
1060 3044 1120 3084 esse
1135 3028 1261 3086 latentur
1277 3033 1375 3103 :cujus
1389 3037 1459 3087 aetas
1468 3019 1610 3104 impervia
1625 3037 1652 3088 et
1667 3032 1910 3104 neminilhomini

155 3126 185 3178 et
213 3121 317 3176 litteris
339 3121 569 3192 intemperanter
596 3116 740 3173 abutentis
770 3115 917 3187 scriptoris
945 3131 1006 3171 esse
1060 3119 1184 3174 litterato
1219 3120 1355 3175 adnotata
1383 3125 1435 3185 est,
1452 3120 1502 3192 qui
1528 3120 1605 3175 hunc
1633 3121 1804 3193 scriptorem
1830 3122 1909 3177 inter

155 3209 295 3266 videatur.
309 3210 515 3265 Verumtamen
529 3223 595 3263 cum
610 3208 641 3264 in
656 3207 753 3262 animo
770 3205 939 3277 neutiquam
955 3205 1006 3260 ha·
1059 3207 1238 3263 adversarios
1268 3209 1356 3266 sancti
1390 3209 1534 3265 Paschasii
1565 3209 1703 3266 liudberti
1732 3211 1909 3268 recensuerit

154 3300 269 3356 buerim
285 3315 350 3372 qua
365 3299 442 3355 dicta
456 3303 524 3354 sunt
538 3298 619 3372 prius
635 3296 670 3352 ab
685 3296 749 3352 aliis
760 3294 859 3350 incudi
874 3293 1005 3361 reddere,
1060 3296 1172 3352 abbatis
1186 3296 1374 3367 Corbeiensis,
1387 3296 1484 3370 quide
1497 3298 1627 3369 ejusdem
1643 3298 1686 3354 rel
1696 3315 1803 3371 genere
1819 3305 1907 3357 mate-

155 3393 184 3445 et
210 3388 286 3444 male
312 3391 427 3444 tornata
453 3401 622 3459 recoquere,
652 3382 916 3456 pertimescendum
946 3397 1006 3437 uon
1059 3384 1133 3440 riam
1159 3386 1296 3457 expolivit
1311 3387 1414 3442 eodem
1448 3386 1508 3442 iere
1530 3392 1670 3459 tempore,
1702 3393 1751 3445 aut
1777 3390 1905 3462 suppari,

156 3493 216 3533 esse
232 3477 304 3532 mihi
320 3476 482 3548 persuadeo
513 3475 584 3547 quin
612 3490 629 3528 a
659 3471 814 3527 lectoribus
840 3468 963 3525 eruditis
978 3473 1007 3524 ct
1060 3488 1118 3543 quo
1135 3473 1292 3529 monachus
1306 3475 1435 3531 constitit
1444 3475 1571 3546 ejusdcm
1586 3475 1905 3533 abbatiaeCorbeieusis:

156 3563 335 3637 sapientibus
350 3568 575 3635 nouacceptum
590 3562 626 3617 iri
642 3565 674 3617 ut
702 3559 894 3631 injucundum
909 3558 1005 3613 eonsi-
1060 3576 1147 3632 quem
1161 3561 1314 3632 scriptores
1327 3562 1446 3618 diversas
1462 3563 1551 3634 partis
1566 3562 1732 3635 intelligunt
1746 3569 1775 3619 et
1788 3580 1846 3618 non
1860 3563 1908 3635 {in-

155 3653 229 3709 tium
243 3668 301 3724 qno
315 3668 419 3708 noram
433 3651 588 3707 editionem
600 3648 844 3706 benefaciendum
858 3662 924 3703 cum
938 3662 1006 3702 cura
1059 3648 1122 3705 flmi
1134 3648 1210 3704 inter
1224 3649 1365 3705 litteratos
1379 3651 1475 3706 meriti
1489 3650 1543 3706 sibi
1558 3651 1734 3724 persuadent
1754 3651 1841 3708 tuisse
1853 3653 1907 3708 ab·

156 3747 186 3798 et
200 3741 257 3797 tlde
271 3740 394 3807 decrevi,
412 3739 644 3797 adnotationibus
660 3742 689 3794 et
711 3735 934 3810 cogitationibus
948 3737 1002 3791 cir·
1019 3723 1039 3777 Β
1059 3739 1153 3794 batem
1169 3737 1358 3794 orbacensem
1383 3739 1414 3794 iu
1429 3739 1551 3805 {diaecesi
1575 3740 1772 3797 suessionensi
1795 3758 1830 3798 ex
1844 3741 1907 3798 loco

156 3833 345 3901 cumseptam,
362 3828 467 3902 quibus
489 3827 715 3900 auctorishujns
745 3824 879 3899 opusculi
898 3824 1003 3880 doctri·
1060 3827 1125 3883 libri
1154 3842 1190 3882 111
1218 3827 1349 3884 ilistoriae
1375 3828 1545 3885 llhemensis
1574 3829 1726 3886 Flodoardi
1752 3831 1839 3903 capit.
1860 3834 1905 3888 28.

156 3932 225 3973 uam
237 3916 274 3972 ab
282 3917 362 3973 omni
372 3917 478 3972 erroris
489 3917 665 3972 contumelia
679 3915 861 3971 defenderem
876 3918 906 3970 et
919 3913 1005 3970 tidem
1062 3916 1148 3973 tlavid
1164 3917 1330 3973 blondellus
1346 3917 1376 3972 iu
1392 3916 1563 3973 adversariis
1586 3918 1805 3974 enodationibus
1818 3921 1854 3976 de
1867 3922 1907 3976 lle

156 4005 289 4062 sectasse
313 4005 460 4061 catholice
489 4005 602 4075 placitis
627 4004 808 4070 concordem,
837 4002 873 4058 de
898 4003 1005 4058 Gallico
1060 4006 1260 4074 Eucharistica,
1278 4007 1426 4078 eapitel3‚
1453 4023 1519 4079 pag.
1543 4008 1612 4074 ‘ffll
1638 4007 1762 4063 lacobus
1776 4008 1906 4065 Usserias

155 4109 290 4150 sermone
305 4094 404 4149 Latine
424 4093 561 4165 scriptam
577 4092 896 4164 tuendamreciperem.
1059 4095 1190 4151 llistoriae
1214 4096 1411 4165 Gotteschalci,
1446 4098 1538 4167 capite
1557 4098 1598 4166 ll,
1615 4112 1682 4168 pag.
1712 4099 1773 4152 268.
1796 4098 1906 4155 Revera

191 4183 268 4239 Nihil
282 4182 407 4238 inveniri
422 4186 518 4254 potest
530 4186 653 4239 caretate
665 4181 758 4237 Caroli
774 4180 851 4236 Calvi
866 4179 1004 4252 scriptum
1058 4184 1237 4257 praeclareat
1255 4183 1400 4240 fortunate
1412 4183 1504 4255 egisse
1519 4183 1591 4239 mihi
1611 4184 1745 4241 videntur
1767 4202 1833 4242 cnm
1849 4187 1902 4243 isto

156 4272 235 4345 quod
250 4271 440 4326 meditatione
455 4272 583 4326 humana
601 4275 630 4327 et
651 4269 825 4343 cogitatione
844 4269 937 4340 magis
955 4268 1005 4325 de·
1058 4288 1202 4345 anonymo
1235 4272 1389 4344 scriptores
1415 4272 1535 4345 posteri,
1566 4272 1728 4329 tenuissimi
1757 4279 1904 4350 uteunque

156 4359 222 4415 beat
234 4359 372 4430 tepuisti·
386 4358 498 4430 Quippe
514 4358 628 4414 nullum
653 4373 725 4430 ⁰9⁰⁸
740 4357 775 4412 td
800 4355 1005 4425 nutricandos,
1058 4361 1155 4416 meriti
1169 4360 1288 4417 homine
1302 4360 1438 4428 litterato,
1455 4376 1519 4415 cnm
1535 4362 1696 4432 praesertim
1711 4364 1773 4434 ejus
1799 4379 1905 4419 nomeu

157 4453 187 4504 at
201 4447 396 4519 explanandas
417 4447 545 4503 historice
571 4447 705 4515 salebras,
729 4460 793 4518 quae
808 4442 878 4501 tidei
905 4444 1004 4499 catho-
1059 4449 1125 4504 solis
1139 4449 1291 4504 annalibus
1305 4447 1738 4520 emporeuticisinscribendum
1751 4450 1905 4507 omissione

158 4536 218 4592 lice
234 4536 458 4609 perpetuitatem
477 4541 608 4609 spectant
631 4536 667 4591 da
688 4551 719 4590 re
735 4532 922 4590 Eucharistiae
946 4532 1004 4614 sive
1058 4536 1169 4593 sincera
1197 4535 1439 4605 oblitteraverint;
1469 4553 1522 4593 uec
1546 4538 1689 4594 infelicius
1714 4539 1905 4611 descriptore

157 4625 274 4681 veritate
290 4624 421 4697 eorporis
439 4625 546 4682 Christi
561 4625 687 4681 iussero
702 4622 839 4696 mysterio
862 4621 1003 4677 reconditi
1058 4627 1121 4698 eJus
1133 4625 1248 4698 generis
1262 4627 1382 4682 meritus
1397 4643 1458 4682 esse
1472 4628 1621 4683 videretur
1650 4629 1733 4684 Pater
1756 4628 1904 4696 Cellotius,

156 4714 249 4787 magis
269 4713 450 4770 conducibile
472 4718 502 4770 at
520 4714 724 4770 necessarium.
752 4711 1004 4767 verumenimvero
1057 4715 1175 4785 lesuita,
1188 4715 1223 4784 si,
1239 4716 1398 4788 postposita
1421 4720 1501 4773 tanta
1524 4715 1684 4785 curatione,
1710 4716 1771 4787 ejus
1785 4733 1858 4790 opus
1875 4717 1905 4773 iu

156 4804 265 4861 librum
286 4805 322 4860 de
343 4805 513 4876 eorporsget
535 4802 682 4876 Sanguine
697 4800 801 4858 Christi
828 4816 887 4855 non
908 4800 1004 4855 minus
1058 4804 1182 4859 tenebris
1197 4803 1371 4877 reliquisset,
1386 4819 1440 4860 nec
1454 4809 1496 4861 tot
1512 4804 1694 4861 notationum
1709 4810 1738 4861 et
1758 4821 1905 4862 commen·

157 4895 301 4949 occultum
316 4893 486 4948 remansisse
500 4893 532 4948 in
554 4892 683 4948 obscuris
698 4890 769 4947 noni
784 4893 813 4944 et
836 4887 940 4944 decimi
955 4904 1005 4943 see·
1057 4891 1416 4948 tariorumaccessionibus
1426 4897 1573 4948 onerasset
1582 4897 1612 4948 et
1625 4893 1829 4966 intemperanti
1851 4909 1906 4950 usu

156 4982 215 5039 cuti
229 4982 333 5055 speleis
361 4982 503 5039 lateamus
533 4997 649 5038 necesse
678 4984 742 5037 est:
773 4982 892 5051 scilicet,
920 4978 1003 5033 abeo
1057 4981 1269 5054 typographica
1295 4981 1363 5036 artis
1386 4981 1495 5052 publici
1514 4981 1590 5053 juris
1614 4998 1673 5037 nou
1695 4980 1810 5040 fecisset
1830 4998 1907 5040 anuo

157 5077 287 5144 tempore
302 5070 379 5145 quod
394 5071 553 5143 primulum
570 5086 623 5126 oro
638 5071 769 5125 exclusus
788 5074 832 5127 est
846 5069 882 5126 ad
895 5082 1003 5123 annum
1019 5031 1040 5088 C
1058 5070 1163 5127 Christi
1180 5072 1258 5139 1555,
1281 5071 1331 5126 sed
1357 5069 1479 5125 rectioui
1502 5084 1535 5124 ac
1559 5069 1721 5142 prudentiss
1747 5071 1907 5129 doctissimi

159 5163 238 5229 lter,
249 5176 307 5233 qno
320 5161 497 5233 primariae,
510 5159 698 5216 obtetricante
712 5175 801 5216 mauu
818 5156 1001 5232 typographi,
1056 5159 1154 5217 iacobi
1188 5159 1343 5225 Sirmondi,
1377 5159 1519 5214 societatis
1541 5161 1609 5215 lesu
1655 5161 1792 5233 perennis
1820 5177 1907 5217 orna·

158 5247 189 5303 in
203 5250 297 5305 lucem
313 5250 433 5306 eductus
449 5253 502 5305 est.
519 5248 597 5304 Nihil
612 5247 691 5303 enim
705 5249 798 5320 magis
812 5248 936 5304 excitare
950 5262 1004 5318 po·
1057 5248 1149 5305 menti
1177 5248 1413 5318 obtemperasset,
1441 5248 1492 5319 qul
1519 5248 1663 5318 ejusmodi
1691 5250 1804 5321 generis
1831 5235 1907 5322 op‘us

158 5340 215 5392 test
227 5337 259 5392 in
273 5338 418 5394 mentibus
437 5337 589 5393 huminum
614 5338 804 5392 litteratorum
831 5335 1005 5393 admirabili·
1058 5339 1120 5394 luce
1136 5337 1329 5408 publicarum
1352 5335 1499 5408 plerisque
1518 5353 1577 5392 suas
1592 5337 1683 5393 artatis
1706 5339 1839 5394 litteratis
1856 5340 1908 5395 ho·

159 5419 248 5480 tatem
264 5440 352 5496 quam
367 5425 498 5482 ducentis
511 5424 615 5496 clapsis
633 5426 716 5480 anuis
730 5431 793 5496 post
814 5429 935 5480 mortem
949 5440 1005 5479 au·
1057 5425 1184 5482 minibus
1197 5426 1349 5499 iudignum
1361 5424 1547 5494 iudicaverat,
1564 5443 1630 5481 cum
1657 5427 1770 5482 Usserio
1784 5427 1907 5485 diversas

160 5512 256 5582 cteris,
272 5514 456 5589 sciliest‚quo
471 5519 602 5586 tempore
619 5513 705 5586 erepit
719 5529 872 5587 erumpere
886 5512 1005 5569 haeresis
1057 5513 1148 5586 partis
1160 5514 1309 5586 scriptore,
1337 5512 1388 5586 qui
1415 5530 1449 5573 ex
1477 5513 1653 5571 bibliotheca
1678 5515 1849 5572 Cottouiana
1875 5533 1906 5573 se

160 5603 337 5675 berengarii,
361 5604 459 5661 nullus
476 5602 599 5675 scriptor
622 5601 830 5659 ecclesiasticus
856 5601 1004 5658 catholice
1059 5600 1215 5675 pervidisse
1230 5600 1316 5658 ralert
1330 5602 1424 5676 capite
1440 5607 1468 5659 lt
1487 5603 1554 5661 libri
1564 5603 1599 5659 de
1619 5602 1808 5660 Ecclesiarum
1821 5602 1907 5661 chri-
