3930 6098
32 277 53 321 ·.
86 268 90 276 ·
128 250 181 305 nor

312 398 345 437 ru
374 393 469 436 rrsro
491 393 620 434 suucrra
646 394 792 434 unsrun.

163 475 276 527 AEterne
300 472 380 526 Deus.
409 471 463 523 Per
488 468 632 523 Christum
657 468 811 522 Dominum
832 473 970 523 nostrum.

128 563 182 616 Pro
197 560 282 631 nuJ'm
300 557 418 612 nomine
434 572 585 628 poeuarum
603 556 762 628 mortisque
776 563 972 626 contemptum

126 650 156 702 in
172 653 293 718 utroque
310 661 378 700 sexu
392 645 521 700 iideiium
535 644 644 698 cunctis
659 644 791 698 aetatibus
808 645 971 699 contulisti:

40 774 44 781 -
125 742 158 793 ut
172 736 247 791 inter
261 734 388 790 felicium
405 738 563 803 martyrum
585 735 696 802 palmas
709 733 840 804 Agathou
855 749 971 806 qunque

124 824 320 880 beatissimam
342 823 484 894 virginem
513 821 621 875 victrici
643 821 782 892 patientia
806 838 969 877 coronares.

124 913 193 978 Quae
209 929 260 966 uec
274 911 361 967 minis
376 911 485 977 territa,
515 925 567 963 nec
581 910 729 981 suppliciis
759 915 902 981 superata,
937 908 971 963 de

124 1001 230 1056 diaboli
245 1001 355 1054 saeritia
368 998 544 1068 trimphavit,
563 998 631 1070 quia
648 998 677 1052 in
696 1003 752 1052 tnae
777 998 889 1053 deitatis
904 1013 971 1053 con-

123 1090 245 1145 fessioue
260 1088 429 1160 permansit.
447 1089 479 1141 Et
495 1088 568 1142 ideo.

199 1193 235 1233 ru
255 1192 351 1233 rasro
374 1191 548 1231 narusoun
568 1191 593 1231 s.
614 1191 708 1230 rarnr
733 1190 899 1231 arosroar.

161 1287 274 1339 AEterne
290 1284 374 1338 Deus.
391 1282 425 1335 Et
455 1287 482 1335 te
513 1281 629 1335 laudare
653 1281 816 1337 mirabilem
832 1283 922 1337 iteum
940 1281 970 1335 iu

125 1374 230 1427 sanctis
249 1370 315 1436 tois,
338 1370 367 1424 in
393 1369 498 1441 qrribus
525 1369 701 1440 gioriiicatus
726 1387 756 1424 es
775 1371 969 1439 veliementer,

124 1477 177 1533 per
191 1476 262 1531 quos
282 1457 428 1527 Unigeniti
451 1459 493 1510 tui
517 1474 630 1511 sacrum
659 1474 763 1529 corpus
790 1475 920 1526 exornas,
943 1464 972 1513 et

124 1551 153 1603 in
169 1548 273 1620 quibus
294 1547 422 1599 Ecclesiae
435 1551 490 1599 tuo
507 1545 693 1600 fundamenta
704 1547 867 1613 coustituis3
882 1563 969 1618 qnam

703 243 872 299 nutriatur
893 241 1155 302 SANGALLCNSlS
1172 239 1328 301 tuuarts'
1823 251 1869 304 908

993 379 1188 434 Anachorum
1212 380 1307 450 gregis
1334 380 1439 451 dignus
1474 382 1560 435 Pater
1591 380 1709 436 eiinisit.
1743 381 1867 453 Quidqud

1028 468 1114 521 sacris
1130 468 1278 522 admonuit
1292 467 1385 535 dictis,
1400 468 1504 523 sanctis
1520 470 1653 540 implerit
1676 471 1828 541 operibus;
1843 476 1868 525 nl

1028 571 1114 627 qnam
1129 556 1233 610 divinis
1247 556 1431 611 inchoaverat
1451 557 1574 611 oraculis
1597 558 1746 624 semitam,
1776 559 1867 613 incidit

1027 649 1201 699 monstraret
1214 644 1362 715 exemptis.
1377 646 1412 699 Ut
1421 645 1546 716 gloriosa
1563 645 1774 700 monachorum
1784 646 1865 717 plebs,

1027 738 1147 803 paterna
1162 732 1277 787 intuens
1297 733 1426 804 vestigia,
1444 733 1479 788 ad
1503 739 1645 804 perpetua
1663 734 1740 790 lucis
1760 740 1865 790 aeterne

1027 821 1147 892 praemia
1163 822 1261 876 venire
1272 825 1440 876 mereretur.
1454 823 1508 877 Per
1520 823 1688 890 Christum]

1082 942 1114 983 itt
1130 943 1226 985 FES'i'O
1242 943 1524 984 auunurrariouts
1541 943 1671 985 SANCTAE
1692 943 1817 985 liniat.

1061 1036 1175 1090 AEterne
1198 1037 1282 1098 Dens.
1308 1035 1363 1100 Qui
1387 1036 1477 1091 bealae
1499 1035 1593 1090 liariae
1613 1035 1735 1106 virginis
1760 1040 1862 1107 partun

1026 1123 1156 1178 Ecclesiae
1167 1129 1224 1178 tuas
1241 1123 1368 1178 tribuisti
1384 1124 1529 1178 celebrare
1543 1123 1676 1177 mirabile
1693 1123 1861 1194 mysterium,

1027 1215 1054 1264 et
1069 1211 1261 1266 inenarrabile
1279 1216 1503 1276 sacramentum,
1525 1212 1555 1265 iu
1578 1226 1636 1282 qna
1655 1216 1755 1265 manet
1769 1213 1862 1265 intacta

1026 1300 1150 1364 castitas,
1163 1300 1256 1371 pndor
1270 1299 1392 1371 integer,
1418 1300 1501 1354 iirma
1516 1299 1687 1354 constantia.
1713 1300 1781 1364 Quas
1795 1300 1860 1354 lata·

1025 1391 1071 1440 tur
1087 1387 1163 1459 quod
1177 1388 1259 1458 virgo
1275 1389 1417 1460 concepit,
1434 1389 1509 1461 quod
1530 1388 1591 1443 coeii
1608 1386 1767 1443 Dominum
1788 1387 1860 1442 castis

1025 1476 1152 1545 portavit
1166 1476 1332 1543 visceribus,
1352 1476 1427 1547 qraod
1448 1478 1527 1547 virgo
1543 1476 1632 1532 edidit
1647 1481 1765 1547 partum
1780 1474 1860 1530 admi·

1024 1564 1144 1619 rendam
1174 1565 1280 1618 divinae
1306 1565 1529 1635 dispensationis
1551 1565 1763 1635 operationem,
1806 1579 1857 1634 qua

123 1635 152 1688 5¹¹
179 1634 347 1706 patriurchis
370 1633 506 1699 ftffldffilb
524 1633 554 1688 5¹¹
576 1634 724 1705 limpheffl
741 1636 921 1706 itsaeilffl‘asib
940 1636 969 1690 5¹¹
989 1658 1010 1712 Β
1025 1652 1117 1706 virum
1131 1668 1190 1706 nou
1204 1653 1348 1722 coguovit,
1375 1659 1403 1707 et
1422 1658 1514 1707 mater
1532 1658 1590 1719 est;
1602 1657 1631 1707 et
1646 1657 1714 1723 post
1727 1651 1858 1707 iiliumest

122 1723 258 1793 apostolis
273 1721 434 1776 condidisti.
454 1723 491 1775 Ex
505 1723 609 1792 quibus
635 1724 749 1778 beatum
767 1724 883 1778 Petrum
898 1740 969 1794 apo-

122 1812 260 1865 stolorum
279 1811 448 1882 principem,
466 1811 501 1864 ob
524 1812 732 1866 contessionem
749 1813 879 1882 ejusdem
905 1812 970 1866 nui·

121 1899 212 1971 geniti
227 1900 289 1953 Filii
305 1900 357 1966 tui,
383 1916 435 1968 per
453 1916 485 1953 os
498 1900 629 1969 ejusdem
651 1901 731 1955 verbi
757 1901 799 1954 tui
815 1901 966 1955 confirma-

121 1993 195 2056 tum,
219 1989 248 2042 in
274 1989 461 2042 fundamento
482 1989 584 2043 domus
604 1994 671 2055 tuae,
699 1995 810 2044 mutato
835 1991 968 2059 nomine,

121 2076 278 2132 coelestium
309 2077 498 2130 claustrorum
528 2079 682 2148 praesulum
697 2079 902 2150 custodemque
930 2080 969 2133 fe·

121 2166 195 2227 cisti.
211 2165 307 2219 divino
323 2165 348 2218 ei
372 2166 437 2234 jure
466 2182 610 2232 concesso,
634 2170 666 2219 ut
681 2182 745 2237 qnae
767 2168 913 2222 statuisset
937 2169 968 2223 in

121 2251 205 2306 terris
229 2257 412 2304 servarentur
435 2251 464 2304 in
492 2252 593 2305 coeiis:
622 2253 651 2306 iu
677 2253 758 2321 cnjus
784 2253 968 2308 veneratione

121 2339 262 2392 hodierna
275 2339 321 2393 die
345 2339 487 2407 majestati
507 2347 563 2394 tuas
590 2341 652 2394 haec
671 2341 744 2395 testa
767 2343 966 2412 persolvimus,

119 2431 148 2480 et
173 2427 331 2496 gratiarnm
356 2442 388 2480 ae
414 2427 506 2481 laudis
536 2428 661 2483 hostiam
688 2430 881 2484 immolamus.
913 2430 968 2485 Per

119 2515 253 2569 eumdem
270 2514 375 2569 Christ.

209 2666 215 2674 ,
275 2634 307 2674 ru
328 2634 423 2675 rasro
446 2634 472 2672 s.
493 2634 625 2674 narnia
647 2636 814 2677 arosrotr.

153 2710 267 2762 AEterne
285 2711 366 2763 Dens.
382 2709 416 2762 Et
438 2714 464 2762 te
485 2709 603 2763 laudare
625 2711 789 2765 mirabilem
819 2713 910 2766 iteum
934 2712 965 2767 iu

117 2796 208 2850 beatis
222 2796 361 2865 apostolis
383 2795 449 2862 luis,
467 2796 496 2849 in
516 2797 621 2866 quibus
637 2798 815 2868 gloriiicatus
829 2815 858 2853 as
878 2800 964 2854 rehe-

117 2888 239 2950 menter,
255 2900 307 2953 per
321 2899 394 2953 qnos
408 2883 552 2954 rruigeniti
572 2885 614 2938 tni
631 2902 742 2940 sacrum
770 2903 873 2957 corpus
884 2889 962 2943 colii·

117 2971 171 3043 gis,
196 2976 224 3026 et
241 2971 392 3042 inquibus
415 2971 546 3025 Ecclesiae
567 2977 623 3026 tues
645 2973 833 3028 fundamenta
857 2974 960 3028 eonsti-

116 3061 196 3114 tuis:
220 3060 294 3114 nude
325 3060 470 3130 poscimus
501 3060 684 3133 clementiam
718 3068 808 3131 lnam,
833 3062 961 3134 piissime

116 3149 299 3220 omnipotens
324 3150 407 3215 lieris,
438 3154 470 3203 ut
490 3149 694 3204 intercessione
717 3152 747 3205 B.
770 3152 896 3221 apostoli
919 3152 962 3206 tui

116 3239 237 3307 ilinthioe,
253 3238 334 3308 cnjus
352 3238 493 3309 passionis
510 3239 688 3308 triumphum
703 3239 869 3294 solemniter
887 3241 962 3294 ceie-

115 3327 242 3393 bramns,
268 3343 431 3380 mereamur
452 3342 467 3379 a
491 3331 674 3397 peccatorum
696 3333 862 3383 nostrornm
885 3329 961 3383 nexi—

115 3414 260 3482 bussohvi,
277 3419 305 3469 cl
320 3420 436 3468 aeternae
449 3413 514 3468 ritae
528 3414 659 3469 felicitati
680 3416 771 3482 reddi,
797 3423 883 3488 atque
899 3434 962 3471 sau·

114 3508 224 3558 ntorum
240 3508 354 3557 tuorum
372 3502 491 3556 cratibus
506 3503 719 3557 connumerari.
741 3505 796 3558 Per
814 3505 958 3560 eumdem.

272 3616 286 3642 ⁸
303 3610 346 3675 [ru
367 3622 462 3663 rasro
480 3623 505 3663 s.
525 3623 679 3664 ohannau
694 3623 794 3665 rien.

147 3699 261 3752 AEterne
294 3697 377 3751 Doris.
405 3696 458 3760 Qui
476 3697 592 3752 beatum
617 3699 788 3768 Gregorinm
812 3698 958 3754 contesso-

111 3800 173 3840 rem
197 3789 279 3839 tuum
304 3789 391 3855 alque
416 3784 583 3854 pontificem
608 3785 732 3840 latiiicas
754 3786 785 3840 in
807 3802 896 3858 regno
908 3792 958 3841 tuo

112 3873 142 3928 in
168 3873 344 3927 beatitudine
369 3888 483 3942 semper
507 3873 568 3927 sine
590 3874 664 3941 iiue;
692 3879 724 3928 ut
747 3876 843 3928 omnia
867 3875 959 3946 possit

111 3962 207 4017 videre
236 3962 264 4015 iu
290 3966 338 4015 tua
359 3962 486 4016 claritate
511 3961 672 4017 mirabilis:
700 3963 750 4017 ubi
774 3963 957 4034 refrigerium

111 4047 266 4113 iueiiabiin,
297 4051 325 4098 rt
356 4046 455 4098 latitia
480 4044 696 4112 inenarrabilis;
725 4046 776 4100 ubi
804 4049 957 4117 praesentia

111 4133 263 4191 Salvatoris
279 4133 341 4187 Filii
358 4133 400 4185 tui
428 4133 543 4186 Domini
566 4133 667 4199 nostri,
688 4133 719 4187 in
738 4150 825 4205 quem
845 4151 958 4207 semper

1026 1739 1125 1810 virgo:
1155 1739 1267 1794 dnobus
1295 1742 1372 1794 euim
1409 1741 1507 1810 gavisa
1537 1741 1719 1803 muneribus,
1750 1741 1856 1795 miratur

1024 1827 1101 1898 quod
1130 1827 1211 1899 virgo
1246 1830 1370 1900 peperit,
1397 1830 1510 1883 laetatur
1545 1830 1621 1900 qrrod
1647 1829 1856 1900 Redemptoren

1024 1916 1125 1970 mundi
1153 1917 1244 1972 edidit
1272 1919 1368 1972 iesum
1384 1917 1529 1972 Christum
1553 1917 1712 1974 Dominum
1728 1923 1853 1985 nostrum,

1023 2006 1189 2076 Perqnem.

1025 2128 1056 2167 itt
1086 2128 1444 2181 uaratrss.r1anur11‚
1464 2128 1656 2181 thsshiiill,
1678 2129 1714 2169 iii
1734 2128 1851 2169 nexili.

1057 2220 1172 2273 AEterne
1198 2221 1280 2274 ilens.
1311 2220 1343 2274 Et
1368 2220 1398 2274 in
1430 2224 1593 2275 sanctornm
1623 2226 1783 2291 martyrum
1803 2224 1852 2275 luo

1021 2322 1085 2360 rum
1098 2306 1252 2361 festivitate
1267 2308 1394 2374 laudare,
1410 2308 1461 2379 qui
1486 2325 1598 2379 semper
1622 2326 1652 2363 es
1670 2309 1852 2364 landabiiisin

1019 2401 1134 2448 tuorum
1151 2397 1423 2452 commemoratione
1434 2402 1609 2463 sanctornm,
1627 2398 1679 2469 qui
1702 2405 1729 2451 rt
1751 2413 1849 2468 magne

1019 2482 1088 2537 iidei
1103 2483 1217 2554 largiris
1237 2485 1380 2551 niicctum,
1397 2489 1424 2539 et
1439 2484 1619 2539 tolerantiam
1639 2486 1744 2540 tribuis
1760 2486 1851 2558 passio

1021 2589 1101 2638 urim,
1119 2576 1147 2626 et
1162 2573 1274 2643 antiqui
1293 2573 1383 2627 hostis
1403 2573 1471 2627 facis
1495 2590 1630 2644 superare
1651 2575 1851 2629 machinamen-

1020 2663 1082 2712 tum
1099 2676 1106 2714 z
1123 2675 1181 2731 quo
1196 2660 1305 2731 egregii
1322 2667 1462 2732 martyres
1472 2661 1514 2715 tui
1529 2663 1563 2717 sd
1579 2662 1751 2733 capiendam
1767 2677 1849 2733 super·

1020 2762 1124 2801 norum
1136 2748 1343 2804 beatitudinem
1359 2750 1558 2820 premiorum,
1569 2751 1657 2806 nullis
1672 2751 1850 2823 impediantur

1019 2837 1185 2890 retinaculis
1198 2838 1472 2893 blandimentorum.
1491 2841 1522 2893 Et
1535 2839 1610 2894 ideo.

1160 2941 1203 3015 [ru
1222 2959 1338 2999 urrani
1357 2959 1385 3002 s.
1398 2959 1529 3001 naoanu
1544 2960 1724 3001 uuarrurs.

1051 3050 1164 3103 AEterue
1193 3050 1275 3104 Dens.
1300 3051 1353 3104 Per
1376 3050 1521 3105 Christum
1540 3051 1695 3107 Dominum
1724 3055 1844 3107 nostrum.

1015 3137 1070 3191 Pro
1098 3138 1178 3208 cujus
1212 3138 1329 3192 nomine
1358 3141 1520 3194 veneranda
1546 3140 1727 3196 confessione
1764 3141 1845 3195 maha

1016 3232 1124 3296 martyr
1138 3226 1276 3297 Georgius
1303 3228 1413 3281 diversa
1442 3228 1583 3298 supplicia
1607 3229 1754 3294 sustinuit,
1780 3234 1844 3283 etet

1015 3315 1177 3379 devincens,
1203 3315 1405 3387 perpetuitatis
1438 3316 1598 3388 promeruit
1631 3333 1776 3373 coronam.
1797 3316 1844 3386 3i’rr

1015 3402 1129 3472 eurise]

1142 3505 1175 3545 ili
1194 3505 1314 3547 urrani
1331 3507 1357 3547 S·
1377 3507 1476 3549 nauci
1494 3508 1737 3550 EVANGELISTAE.

1047 3596 1161 3649 AEterne
1191 3597 1264 3651 Deus
1287 3613 1339 3667 per
1367 3598 1510 3653 Christum
1537 3599 1696 3654 Dominum
1720 3603 1837 3655 nostran.

1013 3683 1099 3753 Cujus
1119 3683 1210 3754 gratia
1227 3686 1341 3739 beatum
1367 3686 1491 3742 Marcum
1507 3687 1537 3741 in
1551 3688 1745 3743 sacerdotium
1760 3686 1836 3758 elegit,

1014 3771 1143 3826 doctrina
1153 3773 1187 3827 ad
1201 3774 1415 3842 predicandum
1430 3776 1547 3842 erudiit,
1564 3776 1695 3848 potentia
1722 3777 1756 3832 ad
1768 3789 1837 3848 perse

1012 3860 1167 3914 verendum
1178 3862 1358 3915 confirmarit
1374 3879 1380 3917 :
1401 3869 1434 3917 ut
1448 3880 1500 3935 per
1512 3865 1719 3920 sarerdotaiem
1738 3864 1835 3920 iniuian

1011 3948 1174 4018 perveniret
1189 3953 1217 4002 et
1238 3949 1272 4003 ad
1294 3950 1425 4020 martyrii
1447 3953 1584 4021 palmam.
1602 3954 1769 4024 Docensquo
1786 3950 1835 4004 suiv

1012 4035 1086 4090 ditos
1100 4036 1292 4108 praedicando,
1312 4038 1458 4094 instruens
1478 4041 1591 4095 vivendi
1622 4045 1765 4113 exemplo,
1783 4053 1833 4093 con·

1010 4124 1129 4179 iirmaus
1148 4125 1303 4196 patiendo:
1333 4133 1367 4183 ut
1388 4128 1423 4182 ad
1447 4134 1475 4183 te
1494 4130 1677 4185 coronandus
1699 4123 1833 4202 pervenerit

110 4223 240 4277 laetantes
268 4221 433 4290 prospicere
455 4221 619 4275 desiderant
632 4223 738 4292 augeli,
753 4225 874 4279 adorant
900 4225 955 4280 do·
973 4213 1059 4284 liqui
1072 4218 1288 4284 P0f⁹⁰⁰⁰l⁰1¹¹1m
1304 4214 1396 4270 minas
1420 4217 1580 4288 intrepidus
1606 4223 1774 4289 superasset·
1795 4216 1832 4269 0¹¹·

110 4309 292 4374 minutiones,
309 4312 437 4362 tremunt
450 4313 504 4363 etc.

505 4414 581 4470 Atta.

143 4505 255 4557 AEterne
273 4504 356 4557 Deus.
375 4501 448 4567 Quia
462 4502 501 4557 sie
522 4503 624 4558 tribuis
653 4505 806 4561 Ecclesiam
829 4513 908 4563 tuam
924 4508 952 4565 S.

107 4586 237 4659 Gregorii
252 4590 393 4662 pontificis
414 4591 455 4644 tui
473 4596 747 4650 commemoratione
766 4598 901 4666 gaudere,
923 4604 954 4653 ut

106 4691 170 4731 eam
184 4694 298 4749 semper
312 4679 389 4733 iilius
404 4686 433 4734 et
452 4681 606 4735 festivitate
620 4682 756 4750 laetiiicrs,
775 4690 803 4739 ct
821 4688 952 4758 exemplo

105 4767 160 4836 pia
186 4767 413 4821 conversationis
432 4784 575 4836 exerceas,
595 4776 623 4823 et
633 4772 719 4825 verbo
740 4773 951 4843 praedicationis

105 4855 230 4922 erudias,
247 4861 385 4928 grataque
401 4856 452 4910 tibi
465 4858 674 4929 supplicatione
688 4858 815 4932 tuearis]
852 4896 854 4900 =

201 4960 246 5032 [ru
268 4976 362 5017 rasro
382 4977 609 5019 oreosrrrours
626 4979 650 5019 s.
668 4980 851 5022 aauaorcrr.

140 5050 255 5105 AEterne
287 5052 371 5105 Deus.
398 5051 601 5106 iionnrandnm
639 5053 727 5107 i’atris
754 5056 898 5111 Benedicti
922 5061 951 5112 et

103 5136 261 5208 gloriosum
279 5138 455 5192 celebrantes
478 5139 565 5206 diem,
589 5140 691 5212 inquo
715 5142 770 5196 hoe
793 5144 873 5199 triste
893 5162 949 5200 soe·

102 5226 200 5281 cuium
213 5226 356 5293 deserens,
371 5227 404 5280 nd
421 5227 543 5281 coelestis
565 5229 668 5298 patrias
681 5231 786 5300 gandia
813 5232 949 5304 migravit

103 5316 220 5369 telerna.
236 5313 291 5379 Qui
306 5314 395 5369 sancti
411 5315 533 5386 Spiritus
549 5317 653 5387 repleti
668 5318 753 5387 douo,
776 5320 871 5376 decori
886 5338 946 5377 mo-

1006 4303 1054 4372 J'ns
1084 4302 1263 4358 interventus
1295 4321 1358 4371 nos,
1383 4322 1591 4377 qnaesnmus,a
1616 4302 1829 4362 nostrismuntu

1010 4388 1131 4457 delictis,
1148 4390 1197 4461 qni
1211 4390 1263 4445 tibi
1278 4392 1385 4462 placuit
1414 4397 1458 4448 tot
1474 4393 1620 4449 donorum
1648 4388 1828 4467 prerogativis

1009 4476 1064 4531 Per
1075 4492 1172 4548 quem.

1237 4583 1270 4624 ru
1295 4584 1412 4625 urrani
1432 4584 1458 4625 s.
1484 4585 1629 4626 viratas.

1045 4674 1096 4742 (G,
1110 4673 1178 4744 ttS.)
1201 4676 1234 4729 Et
1255 4675 1433 4745 majestatem
1447 4682 1528 4731 tuam
1543 4677 1712 4749 suppliciter
1726 4683 1822 4733 exorasti
1882 4664 1888 4695 '¹

1007 4765 1105 4815 utnon
1121 4777 1172 4815 uos
1187 4769 1293 4819 nostras
1309 4765 1437 4833 maiitiae,
1458 4766 1507 4821 sed
1522 4766 1713 4839 indulgentiae
1740 4770 1824 4831 sempr

1006 4851 1157 4918 proveniat
1167 4852 1292 4907 eiiectus.
1309 4853 1364 4917 Qui
1376 4869 1429 4908 nos
1443 4854 1562 4909 ancxiis
1577 4856 1823 4928 voluptatibussen·

1005 4953 1056 5008 per
1078 4939 1220 5011 expediat,
1250 4946 1278 4995 et
1305 4957 1322 4995 a
1348 4942 1502 4998 mundanis
1540 4942 1671 5000 cladibus
1698 4941 1822 5001 elementer
1883 4942 1888 4983 t

1005 5025 1117 5097 eripiat.

1041 5147 1073 5188 ru
1093 5148 1212 5190 uaraur
1229 5149 1463 5192 arosroaoanu
1477 5152 1626 5194 rarurrrr
1640 5153 1677 5194 aa
1693 5146 1798 5194 aaroni·
1883 5197 1888 5213 .

1038 5236 1095 5309 (G.)
1106 5240 1220 5294 AEterne
1235 5241 1319 5295 Dens.
1337 5242 1391 5306 Qui
1408 5242 1562 5298 Ecclesiam
1588 5249 1669 5301 tuam
1690 5245 1720 5300 in
1738 5240 1822 5313 aposit-
1882 5218 1888 5248 ³

1001 5325 1057 5379 iica
1082 5327 1224 5384 soliditate
1249 5330 1380 5398 firmasti,
1405 5331 1440 5387 de
1470 5348 1594 5404 quorum
1620 5334 1758 5391 consortio
1773 5326 1822 5383 suri

136 5477 150 5503 ⁸
161 5469 349 5528 Recentiorl).
366 5472 588 5545 Gregoriiaetate
602 5492 691 5548 quare
700 5477 781 5534 uncis
795 5479 869 5536 hanc
880 5484 909 5536 et
922 5481 1031 5539 similes
1041 5484 1222 5542 inclusimus.
