3930 6098
162 358 213 417 tta
744 358 925 414 lte't'tteulll
943 359 1168 434 centulensis
1188 359 1344 417 nonnulli
1455 382 1460 391 ·
1858 357 1911 414 liu

162 495 255 563 detur,
273 493 322 549 sed
337 492 372 548 ad
399 492 554 564 perfectam
578 492 643 547 libri
671 491 820 548 itatramni
843 491 1006 564 intelligen·
1021 496 1043 552 t
1060 494 1170 550 cerebri
1197 511 1282 550 sensu
1309 495 1350 551 uti
1370 492 1499 551 rideatur
1527 495 1701 550 Retramnus
1714 508 1826 549 necesse
1840 496 1910 547 est:

162 583 236 640 tiam
255 582 366 638 diluere
385 596 500 636 necesse
514 585 566 635 est.
583 580 623 635 Ex
636 584 761 652 quatuor
782 579 851 636 locis
865 579 953 653 hirtus
966 597 1014 636 au·
1066 599 1131 638 cum
1148 582 1175 638 ei
1189 584 1268 638 nulla
1282 583 1395 640 intersit
1407 583 1582 639 concertatio
1598 586 1647 638 aut
1669 581 1827 655 disputatio
1845 597 1913 637 cnm

164 672 252 729 cteris
268 669 406 740 erumpit,
423 673 451 724 et
471 669 575 740 quibus
588 668 734 723 traductor
746 668 870 724 Gallicus
894 668 1013 722 diversae
1066 673 1206 743 theologis
1221 672 1288 728 viris
1302 677 1421 745 propter
1438 677 1583 744 receptam
1609 679 1658 728 aut
1672 671 1707 726 ab
1732 669 1800 742 ipsis
1816 670 1913 725 defen·

162 761 252 832 periit
279 759 421 814 Vindicate
445 761 537 813 teniat
561 757 649 812 leibO
680 758 919 824 manifestationis,
950 755 1014 811 sive
1067 764 1325 835 sampraesentiam
1349 763 1476 836 corporis
1505 762 1619 831 Christi,
1648 763 1697 818 sed
1723 761 1818 834 potius
1845 761 1915 816 dicti

163 848 323 903 manifeste
344 844 609 912 demonsiruiifflin
637 845 825 900 Rutramuum
852 844 1013 916 significare
1067 851 1269 921 corporisvsri
1294 851 1366 908 etin
1381 851 1557 908 Eucharistia
1583 849 1724 906 reconditi
1750 849 1916 922 patefactio·

164 937 287 992 uoluisse
301 936 464 992 realitatem.
487 933 542 989 Sed
557 949 590 988 ex
606 935 651 989 his
664 939 789 1005 quatuor
803 934 872 989 locis
896 949 1014 1004 prorsus
1066 955 1197 994 nemsau
1225 941 1406 996 manifestam
1434 940 1726 1004 demonstrationem,
1751 939 1832 994 omni
1852 938 1915 994 velo

163 1025 340 1081 contrarium
357 1023 488 1078 euincere
504 1022 574 1077 mibi
589 1021 701 1076 facilius
730 1022 850 1090 ridetur,
868 1027 896 1077 et
915 1037 1012 1077 econ·
1066 1027 1225 1099 postposito
1244 1033 1273 1083 et
1294 1029 1388 1101 figura
1409 1027 1622 1100 pretermissa;
1644 1027 1752 1099 quippe
1779 1026 1836 1081 sibi
1849 1042 1914 1097 pcr-

163 1117 208 1168 tra
222 1113 399 1184 apertionem
428 1126 478 1164 seu
508 1109 731 1182 patefactionem
759 1110 891 1166 sensibus
920 1111 1014 1182 subje-
1068 1118 1263 1174 suasisseutat
1279 1119 1375 1175 animo
1394 1118 1707 1176 habereutabsurdum
1726 1120 1755 1172 et
1778 1130 1914 1186 superra-

164 1199 378 1270 ctamcorporis
391 1198 507 1254 Christi.
1067 1219 1188 1259 cuneum
1208 1222 1269 1261 essa
1294 1207 1428 1278 frangere
1448 1205 1613 1261 albedinem
1636 1209 1685 1259 aut
1708 1203 1916 1258 rotunditatem

200 1286 313 1343 Primus
335 1288 417 1341 locut
437 1285 625 1340 assumitura
645 1285 802 1342 Retramno
821 1300 854 1340 ex
878 1285 1015 1341 orationi·
1067 1291 1160 1362 panis,
1178 1293 1226 1348 sed
1243 1293 1302 1348 imo
1318 1310 1433 1349 necesse
1453 1310 1514 1348 esse
1538 1293 1600 1348 lore
1620 1308 1725 1363 corpus
1753 1288 1859 1344 Christi
1875 1289 1916 1344 al·

165 1376 282 1430 busseu
311 1374 442 1430 Collectis
466 1372 597 1428 Ecclesia
629 1373 774 1440 Romanae,
797 1373 1014 1429 mediolanensis
1067 1375 1136 1430 bum
1163 1382 1192 1433 ct
1219 1380 1385 1447 rotundum,
1417 1380 1592 1450 disruptum,
1620 1377 1661 1433 uti
1688 1376 1862 1447 intelligitur
1881 1392 1915 1430 ex

165 1469 193 1519 st
207 1463 381 1518 Sunonensis
396 1473 418 1518 ⁸.
448 1464 552 1529 Pronus
571 1466 677 1517 eterrrae
704 1465 769 1517 uite
792 1465 937 1532 captoriae,
963 1463 1013 1516 bu·
1068 1467 1187 1520 tractatu
1216 1466 1347 1523 Abbaudi
1377 1468 1487 1523 abbatis
1512 1474 1541 1523 et
1555 1468 1679 1524 aliorum
1702 1468 1764 1538 ejus
1780 1466 1914 1536 opinioni

166 1552 268 1607 militer
301 1552 479 1619 imploramus
516 1556 548 1605 ut
581 1551 653 1619 puori
685 1553 715 1604 tn
753 1553 870 1618 imapina
906 1550 1012 1606 contin-
1068 1565 1127 1605 non
1140 1552 1340 1623 abnuentium,
1354 1555 1413 1610 imo
1427 1555 1454 1611 ei
1464 1555 1596 1627 religiose
1612 1553 1843 1626 propitiantium.

167 1643 256 1709 pimus
288 1641 462 1703 sacramenti,
497 1641 645 1705 manifesta
679 1640 892 1708 participatione
923 1653 1014 1693 suma·
1103 1639 1230 1696 Tertium
1242 1648 1447 1713 argumentum
1464 1641 1593 1697 exoritur
1605 1658 1639 1696 ex
1652 1657 1772 1696 numero
1787 1644 1835 1696 aar
1853 1645 1918 1712 post

166 1744 236 1785 mns.
254 1731 290 1784 Er
306 1729 432 1784 hisvero
450 1726 630 1781 luceclarins
645 1731 724 1798 patet
742 1726 896 1781 Ecclesium
911 1742 1014 1799 rogare
1068 1728 1222 1782 secundam
1247 1728 1416 1796 orationem,
1445 1728 1475 1783 in
1507 1744 1564 1800 quo
1592 1730 1840 1794 manifestationem
1863 1743 1911 1781 seu

168 1818 258 1871 Deum
284 1817 391 1871 claram
422 1819 451 1870 et
479 1820 610 1885 apertam
639 1813 860 1886 patefactionem
887 1813 1016 1885 corporis
1033 1795 1052 1849 Β
1070 1818 1215 1873 ueritatem
1229 1817 1396 1888 neutiquam
1409 1818 1563 1872 realitatem
1590 1817 1711 1889 opponit
1726 1816 1841 1871 uocibus
1855 1830 1917 1887 spe·

168 1903 283 1970 Christi,
298 1903 339 1958 uti
354 1918 453 1957 revera
475 1902 506 1957 in
531 1905 639 1956 aeterna
664 1902 758 1973 gloria
782 1903 922 1970 consistit,
937 1902 1018 1975 quod
1071 1905 1123 1958 cici
1137 1908 1165 1958 et
1193 1907 1370 1973 apparentia,
1393 1909 1426 1959 ut
1451 1904 1558 1976 passim
1587 1904 1617 1960 in
1641 1904 1752 1976 integro
1781 1909 1914 1959 tractatu.

168 1992 343 2062 intempore
358 1989 410 2046 sub
426 1991 577 2062 paropside
593 2007 642 2045 seu
667 1991 831 2046 velamento
848 1991 1018 2046 sacramenti
1072 1989 1127 2045 Sed
1139 2007 1173 2046 eo
1189 1990 1241 2046 loci
1261 1992 1357 2046 nullus
1385 1993 1566 2064 responsioni
1580 1994 1659 2049 locas
1685 1993 1783 2049 adesse
1808 1996 1915 2063 polest.

169 2079 316 2153 possidet:
341 2078 420 2150 quod
439 2078 588 2133 manifeste
616 2078 795 2134 demonstrat
810 2079 937 2152 aliquam
952 2095 1019 2134 con·
1072 2077 1242 2150 Neutiquam
1271 2078 1350 2135 enim
1376 2081 1477 2152 negari
1500 2086 1593 2153 potest
1620 2081 1715 2153 ipsum
1743 2079 1919 2136 intellexisse

170 2169 270 2224 sistere
284 2167 315 2221 in
329 2170 507 2220 sacramento
530 2167 655 2236 liguram
680 2171 709 2221 et
731 2166 761 2221 in
778 2182 812 2221 eo
838 2183 902 2238 quae
918 2183 1017 2222 recon·
1072 2165 1265 2237 coguitionem
1293 2167 1421 2237 corporis
1452 2168 1557 2224 Christi
1585 2184 1636 2240 per
1664 2168 1844 2223 manifestam
1870 2168 1916 2223 de.

170 2257 230 2312 dita
241 2260 318 2321 sunt,
334 2270 393 2309 uon
412 2254 544 2324 patelieri
565 2255 714 2320 manifesta
728 2255 785 2310 luce
810 2256 951 2322 clarescet,
977 2255 1018 2310 uti
1072 2253 1321 2322 monstrationem,
1338 2253 1457 2310 minime
1471 2270 1540 2312 vero
1555 2254 1648 2326 ipsam
1672 2254 1853 2310 existentiam
1869 2259 1919 2309 aut

172 2341 329 2399 adversarii
341 2341 490 2397 Retramni
509 2341 606 2396 auimo
620 2341 819 2409 intendebant,
836 2344 886 2415 qui
908 2344 1018 2399 nullam
1072 2356 1168 2395 veram
1200 2340 1394 2412 presentiam.
1428 2341 1540 2414 Quippe
1572 2358 1637 2397 cum
1667 2347 1725 2397 tota
1757 2341 1918 2398 differentia

172 2429 362 2485 admittebant
385 2445 434 2484 seu
464 2429 708 2501 recognoscebant
724 2433 753 2485 in
781 2431 918 2502 mysterio
944 2432 1018 2503 figu-
1072 2443 1159 2498 quam
1172 2444 1232 2482 esse
1248 2429 1427 2499 recognoscit
1441 2429 1518 2484 inter
1541 2445 1644 2502 corpus
1669 2430 1775 2485 Christi
1801 2428 1832 2484 in
1858 2431 1917 2484 Eu·

172 2518 495 2581 ramsedimoomnia
520 2518 649 2573 sensibus
665 2519 816 2574 oculorum
844 2519 1018 2575 acicmsub-
1072 2514 1207 2570 charistia
1233 2516 1359 2570 velatum
1389 2520 1418 2570 et
1448 2515 1602 2582 occultum,
1624 2520 1652 2570 et
1678 2516 1756 2571 idem
1781 2515 1919 2586 ingloria

173 2606 215 2661 ire
229 2611 258 2662 et
272 2607 403 2661 sensibus
436 2607 546 2677 subjici.
563 2607 650 2662 Plura
676 2607 820 2677 conceptis
844 2607 937 2662 verbis
959 2624 1018 2663 non
1072 2610 1235 2659 sanctorum
1250 2603 1363 2675 fulgens
1387 2608 1416 2659 et
1436 2604 1620 2676 patefactum,
1644 2604 1798 2659 consistere
1816 2603 1918 2658 asserit

174 2693 340 2765 significant
351 2709 416 2766 quae
429 2694 618 2766 proferuntur
632 2712 665 2750 ex
679 2695 808 2751 oratioue
824 2697 948 2751 secunda
963 2712 969 2750 :
986 2698 1019 2752 Ut
1072 2692 1147 2765 quod
1163 2692 1319 2763 gloriosum
1334 2708 1437 2765 corpus
1449 2709 1500 2764 per
1526 2695 1745 2748 resurrectionem
1757 2691 1818 2762 jam
1834 2691 1920 2760 ptari·

173 2799 233 2854 pue
247 2799 318 2839 nunc
332 2785 420 2852 specie
437 2786 566 2852 perimus,
582 2800 671 2839 rerum
685 2788 800 2840 ueritate
822 2784 988 2856 capiamus-i
1011 2804 1019 2852 ;
1071 2781 1181 2848 nuatum
1195 2783 1365 2847 connascitur
1378 2797 1443 2836 cum
1469 2784 1537 2836 satis
1551 2783 1650 2848 suisset
1672 2781 1770 2844 dicere,
1796 2780 1921 2850 iamper

174 2871 283 2943 quippe
298 2887 364 2926 cum
379 2887 433 2926 vor
449 2875 552 2927 ueritas
565 2872 636 2928 nibil
652 2878 759 2945 preter
772 2876 1019 2943 manifestationem
1072 2871 1293 2924 resurrectionem
1325 2869 1508 2941 glorificatum
1540 2871 1643 2924 existit.
1691 2868 1774 2933 Quod
1801 2867 1920 2939 quidem

174 2961 383 3026 etmanisestam
402 2959 655 3016 demonstrationem
679 2961 842 3033 significet:
866 2978 930 3033 qnae
953 2966 1018 3017 sunt
1072 2956 1242 3011 vocabulum
1257 2973 1342 3012 usum
1359 2962 1442 3012 aetaca
1473 2956 1620 3012 Rutuamui
1643 2956 1768 3011 subierat
1783 2957 1818 3011 ed
1834 2954 1922 3027 sigui·

174 3049 238 3120 ipse
251 3048 337 3103 verba
351 3047 499 3104 Retramni
512 3049 673 3104 etaliorum
689 3050 917 3122 quisenteutiam
931 3066 1018 3122 quam
1074 3044 1217 3101 fluendum
1235 3061 1338 3116 corpus
1350 3044 1454 3100 Christi
1478 3046 1534 3100 boc
1554 3059 1661 3099 nomen
1682 3059 1740 3097 non
1760 3042 1855 3098 solum
1873 3044 1921 3097 ba·

174 3136 357 3208 impugnavit
371 3135 508 3191 tuendam
531 3143 710 3208 receperunt.
736 3139 856 3210 lusuper
878 3139 960 3194 facile
976 3143 1019 3194 est
1073 3132 1141 3188 bete
1156 3133 1186 3188 in
1202 3132 1387 3201 Eucherium,
1403 3132 1452 3187 sed
1467 3131 1497 3187 iu
1521 3148 1555 3186 eu
1580 3148 1640 3188 esse
1656 3136 1685 3187 et
1705 3131 1835 3187 existere.
1859 3131 1920 3186 Ad·

173 3227 335 3298 intelligers
366 3225 518 3281 Ecclesiam
544 3226 674 3281 Latinam
703 3231 832 3298 acceptas
849 3226 1020 3299 haslpreces
1074 3221 1171 3275 domm
1183 3223 1266 3276 etium
1280 3219 1352 3289 quud
1379 3222 1429 3275 isit
1450 3222 1533 3290 punis
1548 3224 1573 3273 et
1600 3221 1684 3281 culix,
1712 3220 1761 3289 qui
1783 3234 1880 3288 corpus
1896 3223 1921 3274 et

175 3320 204 3370 et
218 3315 364 3370 orationes
378 3314 409 3369 in
428 3314 556 3370 Graecam
569 3314 714 3380 retulisse,
725 3330 758 3369 ex
773 3315 940 3370 lacusancti
957 3315 1020 3369 ilio-
1074 3307 1301 3377 conpunctum
1318 3308 1476 3361 nominatur
1490 3311 1517 3361 et
1538 3307 1633 3360 existit
1648 3306 1734 3376 (num.
1759 3307 1793 3359 99
1818 3310 1844 3360 et
1867 3306 1920 3373 lo).

174 3400 356 3473 nysiicapite
372 3404 387 3456 3
404 3401 438 3456 de
465 3400 640 3469 hierarchia,
652 3417 717 3473 pag.
736 3404 787 3457 286
803 3419 810 3457 ι
828 3401 906 3455 'nita
921 3402 941 3454 ὣ
957 3405 1021 3456 iera·
1110 3395 1250 3460 Quartum
1279 3392 1435 3449 assumitur
1472 3409 1553 3448 num.
1588 3395 1632 3460 97,
1662 3393 1692 3448 in
1724 3409 1780 3464 quo
1800 3392 1923 3464 repetita

175 3492 242 3547 τὰτο
257 3494 300 3540 καὶ
316 3489 370 3562 ἱερὰ
383 3489 481 3561 esterp,
504 3492 711 3563 :inspiramine
727 3509 769 3542 σοι
791 3490 952 3563 capicium
973 3489 1022 3563 ἀμ.
1076 3482 1236 3539 differentia
1265 3482 1341 3538 inter
1370 3498 1474 3553 corpus
1506 3482 1610 3540 Cbristi
1637 3482 1669 3537 in
1692 3486 1871 3536 sacramento
1895 3484 1922 3536 el

177 3578 542 3649 purpuratarum-sparos
564 3576 784 3651 &narniniensis
808 3577 942 3650 caiacum
960 3579 1021 3650 ἡμῖν
1075 3571 1152 3627 idem
1169 3570 1200 3625 in
1230 3570 1333 3644 gloria,
1351 3570 1392 3625 ait
1417 3571 1552 3643 ingloria
1575 3570 1755 3626 reconditum
1779 3586 1838 3625 non
1862 3585 1923 3624 esse

176 3661 362 3734 άναδοὶχθῆτι,
383 3666 484 3726 καὶτὰς
521 3668 609 3738 νοερᾶς
643 3668 715 3738 ἡμῶν
747 3668 815 3738 ὄφεις
849 3669 945 3718 braiao
978 3670 1022 3718 καὶ
1075 3658 1251 3731 subfiguris,
1279 3660 1329 3714 sed
1358 3659 1510 3714 manifesta
1539 3658 1783 3714 demonstratione
1809 3658 1921 3729 patefa-

178 3750 386 3826 ἁπερικοιλὺπτοο
400 3755 482 3822 φωτὸς
498 3753 696 3828 ἀποπλήρωσον.
724 3757 814 3811 Pravo
836 3760 865 3810 et
878 3756 1019 3826 intempe·
1074 3753 1154 3804 ctum
1169 3749 1200 3803 iu
1219 3748 1311 3820 gloria
1335 3754 1364 3805 et
1385 3749 1555 3820 cognitum:
1580 3751 1635 3807 Nec
1651 3752 1680 3804 in
1707 3765 1736 3805 ea
1763 3750 1806 3804 oct
1827 3749 1923 3818 aliqua

178 3839 253 3893 ranti
266 3838 408 3894 ratiocinii
416 3842 530 3911 {genere
557 3846 666 3909 utetur,
691 3841 822 3914 quisquis
836 3858 869 3896 sn
899 3841 944 3898 bis
958 3859 1021 3897 var·
1075 3840 1175 3905 flaura,
1191 3834 1239 3890 sed
1251 3837 1314 3906 ipsa
1333 3837 1375 3890 rei
1386 3837 1574 3902 manifestatio
1595 3837 1773 3905 connascitur.
1800 3835 1922 3890 Concor·

177 3926 222 3982 bis
244 3926 334 3982 sancti
364 3927 491 3998 Dionysii
517 3936 720 4001 argumentum
749 3930 884 3985 adversus
914 3931 1020 3985 realem
1076 3923 1151 3978 ditet·
1177 3922 1212 3977 ed
1230 3938 1264 3976 ua
1291 3938 1356 3994 (11¹ae
1384 3926 1469 3977 antea
1496 3923 1606 3977 onerat
1635 3923 1720 3991 (num.
1750 3924 1794 3989 89)
1820 3937 1923 3993 corpus

178 4016 360 4087 presentiam
377 4016 505 4088 corporis
520 4016 633 4082 Christi,
649 4033 736 4088 quam
763 4019 917 4073 renitentem
946 4034 1020 4073 nun.
1076 4016 1141 4082 post
1168 4011 1403 4065 resurrectionem
1429 4026 1491 4065 esse
1519 4011 1650 4066 sensibus
1677 4010 1840 4081 subjectum
1865 4012 1924 4082 pat·

177 4106 293 4174 cupant,
309 4109 476 4159 assumeret.
496 4105 646 4159 Enimuero
670 4120 735 4160 cum
756 4111 874 4160 econtra
894 4105 1022 4161 adoratio
1074 4099 1167 4172 pabiie
1180 4114 1227 4155 seu
1248 4099 1355 4154 risibile
1382 4102 1464 4156 etiam
1487 4105 1550 4170 post
1565 4101 1797 4168 resurrectionem,
1824 4103 1853 4153 et
1867 4099 1921 4153 boc

177 4191 299 4262 supplex
315 4191 353 4244 sit
367 4190 403 4245 ad
418 4196 638 4259 sacramentnm,
661 4191 789 4249 Θοιοτάτο
805 4195 849 4243 καὶ
865 4192 919 4266 ispu'
934 4191 1021 4250 sciar-i
1077 4193 1120 4244 est
1145 4187 1222 4260 quod
1245 4187 1388 4259 interpres
1416 4188 1603 4244 Protestantis
1630 4187 1719 4259 partis
1734 4185 1865 4242 defendit
1888 4186 1923 4241 ds

180 4295 278 4334 revera
293 4278 429 4334 subaudit
446 4295 496 4334 seu
521 4281 660 4350 supponit
681 4279 711 4333 in
726 4295 760 4333 eo
785 4294 887 4351 corpus
907 4279 1023 4349 Christi,
1079 4276 1186 4332 Latinis
1210 4275 1314 4332 Gallice
1343 4274 1428 4331 scribi
1453 4275 1556 4331 debere
1579 4276 1762 4346 corpusreale
1787 4290 1826 4329 an
1842 4291 1923 4330 coars

180 4382 315 4438 presens,
332 4366 369 4422 ad
383 4381 470 4439 quem
483 4366 589 4434 solum,
603 4382 670 4420 cum
684 4366 772 4433 sitiat,
792 4370 824 4421 ut
844 4367 915 4422 fides
930 4368 1020 4436 docel,
1037 4383 1058 4436 p
1077 4369 1148 4420 nina
1164 4381 1170 4419 :
1184 4363 1234 4418 sed
1248 4363 1301 4418 boc
1315 4368 1359 4418 est
1372 4364 1407 4419 de
1421 4363 1562 4420 lectorum
1575 4363 1741 4419 credulitate
1765 4362 1881 4431 ludere,
1896 4368 1924 4417 et

181 4454 286 4510 unione
306 4453 408 4509 intima
421 4458 532 4508 naturae
551 4453 686 4508 bumauae
710 4468 774 4507 cum
789 4468 912 4523 persona
928 4454 1022 4522 Verbi,
1078 4459 1189 4510 mentes
1204 4453 1344 4508 humanas
1367 4452 1594 4525 intemperanter
1614 4451 1771 4507 ludificare.
1800 4452 1924 4522 insuper

180 4547 258 4597 actus
275 4558 326 4598 seu
340 4542 411 4597 ritus
431 4540 643 4612 implorationis
664 4540 790 4612 praesidii
803 4541 892 4597 divini
913 4547 942 4599 el
955 4544 1023 4598 ado·
1077 4544 1133 4599 alia
1148 4543 1238 4597 mirlta
1266 4546 1420 4614 supersunt
1436 4542 1466 4598 in
1493 4558 1545 4596 usu
1576 4541 1735 4609 intremui,
1763 4540 1921 4613 dequibus

180 4630 300 4686 rationis
314 4631 345 4684 in
361 4630 463 4701 spiritu
477 4628 634 4684 etreritate
648 4629 748 4684 reterri
763 4629 864 4700 potuit.
1078 4635 1290 4704 praeoccupatas
1321 4635 1432 4686 mentes
1475 4635 1646 4702 praevertere
1687 4633 1716 4683 et
1744 4643 1923 4700 precurrere

215 4716 565 4773 Secundumsinamedio
588 4716 720 4788 sequitur
743 4717 894 4788 primurn:
917 4718 1024 4791 qnippe
1078 4719 1381 4790 necessssst:qualis
1405 4723 1517 4774 estrox
1544 4719 1654 4788 species,
1685 4716 1721 4771 de
1738 4732 1795 4788 qua
1825 4716 1924 4771 videre

180 4804 305 4860 cumbis
321 4802 451 4860 terminis
463 4818 512 4858 seu
527 4803 643 4858 vocibus
659 4804 789 4859 admissis
800 4809 936 4876 moneris,
952 4809 1024 4861 ima·
1078 4809 1143 4863 licat
1157 4807 1356 4863 adnotationes
1371 4808 1521 4880 quasdam,
1537 4806 1691 4880 exquibus
1716 4803 1879 4875 intelligere
1896 4808 1925 4859 et

180 4895 253 4962 pinis
268 4894 318 4946 aut
330 4894 434 4961 ngare,
450 4891 512 4945 ait:
539 4891 700 4963 sipiriflcant
714 4895 755 4948 ita
776 4909 842 4961 rem,
858 4895 935 4964 cujus
949 4897 1023 4961 suni,
1079 4894 1452 4966 signiticareapparentiam‚
1473 4911 1532 4950 non
1551 4895 1643 4965 ipsam
1669 4906 1767 4947 rerum
1791 4890 1925 4946 substan·

179 4982 391 5047 noumanisestc
422 4980 576 5049 ostendunt,
613 4998 646 5036 ex
677 4981 782 5054 quibus
815 4983 869 5038 boc
906 4982 1024 5037 verbum
1079 4982 1150 5037 tiam
1165 4987 1372 5049 autnaturam,
1388 4983 1424 5037 ad
1448 4987 1576 5037 mentem
1604 4978 1853 5052 pbilosophorum,
1874 4978 1926 5051 qui

180 5069 323 5126 ostendunt
335 5068 492 5124 distinctim
507 5068 640 5140 indigitat
659 5086 710 5125 sou
731 5070 872 5142 siguificat
885 5069 1025 5141 {objicere
1079 5076 1224 5141 utcunque
1239 5073 1359 5124 utuntur
1372 5068 1671 5137 nominesubstantire,
1684 5067 1827 5140 quoduou
1843 5083 1925 5122 scm»

181 5164 209 5214 et
232 5172 378 5230 opponere
401 5157 523 5229 figuram
539 5162 567 5214 et
585 5157 742 5229 imaginem
761 5157 919 5214 ostensioni
934 5162 962 5213 et
977 5173 1025 5229 ps·
1079 5175 1132 5231 per
1146 5163 1279 5213 naturam
1299 5157 1444 5230 significat
1462 5159 1531 5213 :sed
1554 5158 1704 5231 qualitales
1720 5160 1749 5212 et
1761 5155 1927 5227 proprieta-

180 5246 327 5302 tefactioni
339 5245 381 5301 rai
408 5247 525 5302 occultae
550 5252 579 5302 et
595 5248 758 5303 recondita.
785 5246 815 5302 si
830 5246 907 5301 enim
926 5249 1026 5301 utcun·
1079 5252 1123 5302 tes
1137 5245 1241 5317 quibas
1255 5249 1357 5301 natura
1371 5244 1503 5300 afficitur.
1529 5245 1688 5316 Supersunt
1711 5243 1798 5299 etiam
1814 5259 1927 5316 prseca·

182 5348 239 5403 que
254 5349 298 5389 res
310 5349 370 5389 nan
383 5333 424 5390 its
437 5333 501 5398 fuit,
520 5338 616 5389 mente
630 5333 706 5405 cepti
720 5333 846 5388 bominis
861 5339 890 5389 et
903 5330 1026 5388 tortuosi
1079 5333 1171 5390 reuda
1185 5333 1317 5405 quosdam
1329 5331 1458 5396 nomina,
1483 5332 1591 5390 scilicet
1604 5335 1730 5401 interius,
1756 5335 1879 5389 ceterius
1899 5339 1930 5390 et

218 5479 231 5507 ⁸
245 5471 329 5528 Liber
341 5474 590 5529 sacramentorum
607 5473 736 5529 Ecclesia
751 5473 897 5535 Romanae.
915 5475 934 5530 l.
949 5493 979 5542 u,
995 5477 1025 5531 in
1114 5473 1126 5508 i
1144 5473 1320 5530 sacrament.
1334 5474 1360 5530 S.
1377 5474 1515 5546 Gregorii.

183 5545 281 5597 octavu
296 5544 490 5613 apostolorum
512 5543 588 5616 Petri
602 5549 631 5601 et
655 5543 747 5600 Pauli.
773 5575 807 5586 —
833 5543 945 5604 blissals
959 5550 1026 5603 Aar-

183 5610 352 5706 burianum
367 5614 583 5690 sisenandum.
