3930 6098
106 254 157 310 ate
618 262 758 323 CONTRA
776 266 976 325 GRAECORUM
995 264 1174 324 OPPOSlTA.
1185 291 1216 307 -
1234 264 1297 324 tle.
1316 265 1353 322 il.
1804 274 1856 330 tid

105 387 318 458 qnoddieimns
335 391 474 464 Spiritum
502 400 665 451 sanctuma
695 398 764 455 Filio
791 400 957 473 procedere,
977 404 1113 473 apteras
1128 397 1208 454 nolle
1224 414 1272 454 ros
1286 399 1413 470 recipere
1428 402 1504 473 qnod
1527 401 1557 458 in
1577 402 1732 476 scripturis
1752 406 1857 463 sanetis

106 493 171 533 cum
181 493 232 531 vos
248 479 352 535 dicatis
366 497 433 536 eurn
449 483 562 537 aPatre
576 486 742 556 procedere.
1009 489 1147 560 scriptum
1162 504 1221 543 non
1236 488 1395 560 reperitur;
1420 491 1664 562 quemadmodum
1687 493 1786 550 Ariani
1801 511 1855 551 no·

1009 577 1106 633 lebant
1120 576 1247 648 recipere
1262 576 1347 631 nnius
1361 577 1548 651 ejusdemque
1557 581 1726 638 substantiae
1740 584 1855 640 Patrem

1010 665 1166 732 etlilium,
1186 665 1324 737 quoniam
1348 665 1502 736 Scripturas
1518 685 1605 724 sacrae
1630 686 1688 724 non
1713 670 1774 727 haec
1789 689 1856 728 con·

1009 753 1140 809 tinebant
1155 770 1161 808 :
1179 753 1264 809 dicite
1284 753 1333 809 ubi
1351 754 1480 825 legeritis
1500 757 1576 826 quod
1591 758 1854 832 Constantinopoli·

1009 847 1108 899 tanum
1123 841 1277 899 concilium
1292 843 1322 897 in
1349 842 1478 914 symbolo
1502 845 1598 913 posuit
1612 846 1647 900 de
1663 847 1769 917 Spiritu
1789 866 1856 904 sen·

422 995 428 1005 ,
1008 937 1063 1001 cto,
1088 931 1184 988 dicens
1202 948 1269 987 eum
1288 947 1354 987 enm
1375 934 1458 987 Patre
1473 937 1502 988 et
1527 932 1597 987 Filio
1617 933 1702 988 simui
1734 937 1853 994 adoran·

138 1012 239 1068 Primo
266 1016 782 1085 postulamusarobisauctoritatcm
798 1025 954 1097 majorum,
1008 1021 1078 1077 dum
1094 1020 1421 1091 etconglorilioendnm,
1437 1024 1465 1075 et
1481 1020 1530 1092 qui
1546 1022 1854 1094 locutusesrpersan·

108 1101 238 1158 videlicet
260 1103 466 1160 catholicorum
487 1109 698 1180 episcoporum,
722 1128 779 1182 qua
806 1113 953 1169 decretum
1008 1115 1068 1164 ctos
1089 1110 1253 1181 prophetas.
1270 1108 1351 1175 Quod
1367 1109 1390 1163 si
1415 1110 1514 1164 dicatis
1530 1111 1558 1165 in
1579 1110 1731 1182 Scripturis
1750 1116 1854 1169 sanctia

108 1191 227 1246 teneatis
247 1192 324 1263 quod
337 1195 649 1265 tantopercdetendera
665 1200 821 1256 conamini.
842 1203 954 1258 Nicaenc
1008 1214 1066 1252 non
1085 1198 1168 1253 nudis
1183 1197 1274 1253 verbis
1289 1198 1343 1252 ista
1362 1198 1493 1269 reperiri,
1515 1199 1565 1254 sed
1585 1198 1721 1255 virtutem
1744 1200 1855 1256 intelli·

108 1278 232 1349 synodus
247 1285 441 1336 trecentorum
457 1282 556 1338 decem
571 1289 599 1339 et
609 1291 673 1340 octo
694 1288 893 1360 episcoporum
910 1291 955 1346 ad·
1007 1287 1113 1356 genita
1127 1287 1157 1341 in
1173 1287 1214 1342 eis
1234 1286 1387 1349 contineri,
1399 1290 1431 1342 ut
1447 1288 1591 1359 quomodo
1613 1292 1657 1343 est
1681 1287 1767 1343 unius
1789 1305 1855 1345 cum

108 1382 203 1421 sersus
223 1367 325 1423 Arium
352 1369 405 1424 snb
434 1371 619 1429 Constantino
653 1375 748 1445 primo
778 1376 953 1448 imperatore
1008 1377 1091 1431 Patre
1108 1376 1233 1447 Filioque
1248 1375 1423 1443 substantiae,
1440 1377 1524 1431 nnius
1543 1376 1691 1448 potentiae,
1718 1392 1776 1432 non
1795 1377 1853 1433 dis·

105 1457 233 1523 collecta,
263 1459 465 1530 postquamde
484 1463 780 1522 consubstantialitate
801 1467 865 1522 Filii
888 1484 952 1524 cum
1007 1464 1110 1519 similis
1132 1464 1298 1535 majestatis,
1318 1469 1346 1519 et
1367 1470 1598 1537 proptereacum
1614 1466 1697 1520 Patre
1714 1465 1854 1537 Filioque·

107 1545 188 1600 Patre
200 1546 367 1618 Symbolum
383 1547 507 1616 dictavit,
524 1551 574 1606 ubi
595 1556 722 1620 rentum,
739 1560 783 1611 est
802 1557 839 1613 ad
863 1557 952 1628 Spiri-
1007 1553 1092 1607 simul
1107 1554 1279 1620 adorandos,
1297 1556 1325 1606 et
1337 1553 1613 1624 conglorificandus;
1634 1554 1733 1609 eadam
1748 1569 1854 1609 conce-

105 1639 164 1689 tnm
180 1640 321 1701 sanctum,
342 1636 383 1692 sie
402 1638 441 1693 ait
457 1653 464 1693 ε
481 1641 621 1697 Credimus
639 1647 665 1698 et
687 1646 717 1699 iu
735 1645 870 1713 Spiritum
888 1662 952 1702 son·
1007 1641 1066 1697 dite
1081 1641 1187 1698 Latinis
1206 1641 1347 1708 Ecclesiis,
1363 1645 1394 1697 ot
1408 1641 1474 1697 licet
1492 1641 1577 1697 nudis
1592 1641 1685 1697 verbis
1699 1642 1854 1715 Evangelia

105 1728 175 1777 ctum
192 1740 199 1777 :
219 1724 290 1780 nihil
306 1725 349 1780 val
360 1727 464 1797 majus,
481 1729 525 1783 vel
540 1729 637 1784 minus
651 1747 739 1802 super
752 1733 814 1804 ejus
826 1735 868 1789 rel
884 1735 949 1789 sub·
973 1706 1066 1786 Burin
1089 1731 1184 1787 dicant
1207 1731 1242 1785 de
1267 1729 1337 1786 Filio
1362 1730 1517 1800 procedere
1543 1729 1684 1800 Spiritum
1709 1737 1851 1799 sanetum,

104 1807 212 1861 stantia
235 1808 280 1862 rel
308 1811 491 1880 processione
522 1813 689 1870 decernens.
716 1816 768 1872 Ubi
792 1833 951 1888 ergonune
1006 1818 1104 1874 multis
1119 1825 1216 1873 tamen
1240 1819 1333 1874 modis
1358 1818 1511 1873 ostendant
1533 1817 1671 1888 Spiritum
1691 1834 1752 1874 esse
1778 1818 1850 1885 Filii,

104 1895 204 1965 regula
221 1911 279 1968 qua
293 1913 342 1953 ros
356 1900 474 1968 muniri,
494 1901 538 1957 rel
553 1902 671 1959 Latinos
686 1905 866 1962 arbitramini
882 1923 949 1962 oon·
1004 1908 1078 1963 sicut
1093 1913 1134 1963 est
1148 1906 1270 1978 Spiritus
1290 1908 1390 1971 Patris,
1406 1912 1434 1962 et
1453 1923 1469 1961 a
1491 1906 1562 1963 Filio
1586 1908 1752 1978 procedere,
1778 1906 1852 1961 sicut

104 1982 218 2055 stringi,
235 1989 268 2040 ut
287 1985 367 2041 robis
388 1987 471 2043 liceat
497 1989 591 2045 dicere
613 1993 813 2064 procedentem
831 2013 847 2049 a
868 1997 951 2055 Patre
1005 1997 1159 2068 procedite
1174 1997 1256 2052 Patre
1272 2012 1279 2050 :
1297 1995 1375 2067 quod
1394 1994 1569 2051 sufficienter
1588 1994 1729 2066 superiori
1752 1994 1850 2050 libello

105 2072 243 2142 Spiritum
269 2081 411 2147 sanctum,
437 2078 574 2135 ltomenis
592 2097 651 2136 non
672 2082 757 2139 liceat
775 2084 868 2140 dicere
884 2100 950 2156 pro·
1005 2089 1193 2140 monstratum
1214 2099 1274 2138 esse
1301 2082 1458 2138 credimus.
1479 2083 1536 2137 lsta
1559 2098 1624 2137 cum
1649 2082 1691 2137 sic
1714 2082 1849 2148 habeant,

104 2161 286 2220 cedentema
307 2165 397 2221 Filio?
419 2169 500 2233 Quod
522 2169 546 2224 si
572 2176 722 2242 sequentes
752 2174 951 2229 auctoritatem
1005 2178 1033 2227 et
1048 2174 1082 2228 de
1107 2173 1216 2244 Spiritu
1240 2171 1422 2226 sanctolidas
1436 2170 1575 2225 catholica
1599 2186 1651 2242 per
1674 2172 1849 2228 Salvatorem

105 2250 211 2306 Nicaeni
234 2254 350 2310 concilii
364 2255 437 2312 nihil
454 2259 529 2313 oltra
547 2259 632 2314 ruitis
661 2260 776 2329 addere,
806 2268 950 2318 removete
1004 2267 1032 2316 et
1042 2278 1093 2334 per
1107 2261 1252 2332 apostolos
1269 2260 1388 2316 fundata
1403 2275 1518 2330 semper
1542 2258 1646 2326 tenuit,
1670 2273 1723 2313 neo
1746 2258 1850 2330 predi·

104 2341 443 2414 procedentemaPatre,
459 2347 528 2418 quia
544 2364 602 2403 nou
615 2349 778 2405 continetur
796 2351 826 2406 in
843 2351 950 2407 Nicmni
1004 2350 1189 2417 eereomisit,
1206 2349 1282 2421 quod
1306 2348 1435 2420 ejusdem
1456 2349 1493 2404 sit
1519 2364 1585 2403 cum
1609 2350 1691 2402 Patre
1721 2346 1851 2418 Filioque

104 2429 216 2484 concilii
236 2431 389 2502 Symbolo:
411 2438 440 2490 et
453 2435 582 2491 fortassis
605 2438 689 2493 liceat
710 2439 853 2497 removeri
874 2441 950 2512 quod
1004 2437 1127 2504 virtods,
1156 2443 1185 2493 θῑ
1212 2436 1342 2508 ⁰ju⁸d²m
1378 2435 1553 2503 ⁵⁰b³²³⁰uaer
1583 2435 1776 2507 Ps⁰⁰⁹d⁸²q¹¹⁶
1815 2434 1851 2489 ⁶⁰

104 2518 272 2574 altomanis
292 2523 508 2593 superadditum
535 2531 578 2580 est
602 2528 805 2597 procedentem
827 2547 844 2583 a
868 2530 947 2585 Filio.
1003 2533 1147 2600 utroque:
1165 2526 1234 2599 qnid
1257 2529 1300 2581 est
1315 2541 1392 2581 nnnc
1416 2525 1492 2596 qnod
1508 2525 1675 2580 catholicam
1696 2523 1783 2579 fidam
1805 2539 1850 2578 re·

103 2606 182 2671 Quod
198 2607 224 2662 si
238 2611 447 2680 respondentes
475 2613 613 2682 dixeritis,
633 2616 662 2670 in
687 2617 948 2689 Constantinopoli·
1004 2615 1181 2686 prehendere
1207 2613 1346 2681 nitimini,
1369 2620 1398 2669 et
1425 2620 1528 2669 contra
1549 2613 1687 2669 catholica
1714 2612 1851 2684 dogmata

104 2703 167 2750 tana
179 2697 416 2768 synodoeentum
431 2701 803 2777 quinquagintaepisoopis,
816 2707 947 2778 quiCon·
1003 2704 1099 2759 nescio
1124 2703 1192 2776 quid
1209 2702 1305 2758 moliri
1319 2702 1485 2758 conamini?
1512 2703 1650 2757 Fortassis
1668 2702 1712 2756 rel
1737 2701 1849 2766 Arium,

104 2785 294 2857 stantinepeli
330 2790 495 2861 congregati
523 2796 600 2858 sunt,
631 2793 685 2850 hoc
713 2795 841 2865 positum
872 2812 948 2860 asse;
1003 2794 1046 2847 rel
1062 2793 1256 2848 Macedonium
1272 2792 1440 2847 resuscitare
1460 2791 1632 2860 tentatis,et
1652 2807 1752 2846 eorum
1767 2788 1849 2860 pravi

103 2874 311 2944 respondemus
333 2891 393 2932 non
424 2878 537 2934 licuisse
563 2881 721 2953 quidquam
749 2883 856 2938 Nicaeui
884 2900 950 2938 eou-
1003 2882 1146 2953 dogmatis
1160 2881 1350 2937 cineresolim
1368 2880 1476 2953 sopitos
1490 2879 1521 2934 in
1537 2880 1690 2935 Ecclesiam
1716 2878 1848 2934 introdu-

104 2963 158 3017 cilii
180 2964 320 3034 Symbolo
342 2966 377 3021 de
400 2966 456 3023 fide
486 2969 530 3023 rel
556 2969 682 3038 demere,
709 2972 752 3026 vel
776 2973 880 3028 addere
905 2975 947 3027 vel
967 2988 1076 3059 Caere.
1094 2972 1239 3044 Numquid
1263 2972 1385 3042 majores
1405 2970 1490 3025 vestri
1513 2971 1678 3026 nescierunt
1709 2969 1844 3042 quemad*

103 3051 268 3106 immutare.
315 3052 397 3117 Quod
441 3055 467 3110 si
500 3056 601 3112 dicatis
646 3059 681 3114 de
728 3059 791 3115 Filii
831 3062 950 3116 consub
1004 3061 1171 3116 modnmde
1190 3059 1299 3130 Spiritu
1322 3058 1686 3113 sanctollomanalerebat
1705 3058 1847 3113 Ecclesia?

104 3140 305 3197 staantialitate
328 3158 386 3197 non
402 3143 514 3199 licuisse
528 3147 606 3218 qnod
621 3148 844 3204 determinatum
863 3150 949 3205 estin
1002 3165 1056 3203 nec
1068 3155 1164 3203 tamen
1182 3147 1337 3220 aliquando
1354 3148 1522 3202 allomanoe
1542 3145 1618 3200 sedis
1641 3145 1846 3201 communione

104 3230 150 3284 illo
162 3234 310 3285 conventu
330 3231 487 3303 quidquam
496 3236 663 3306 superaddi;
679 3237 714 3291 de
729 3237 837 3309 Spiritu
851 3243 948 3293 sacnto
1003 3253 1063 3293 sese
1094 3252 1252 3304 removere,
1285 3235 1406 3291 scientes
1427 3234 1574 3290 catholica
1602 3233 1671 3289 fidei
1697 3233 1847 3288 veritatem

104 3319 248 3391 raroquia
264 3335 419 3392 perpurum
431 3322 499 3377 hinc
512 3323 620 3379 dietum
633 3331 686 3393 est,
701 3326 816 3381 licuisse
830 3333 949 3398 propter
1002 3327 1062 3382 lore
1076 3325 1154 3398 quod
1176 3329 1255 3380 tenet
1268 3327 1296 3379 et
1318 3324 1466 3396 praedicat,
1490 3339 1542 3377 nee
1566 3321 1667 3377 merito
1690 3321 1846 3393 reprehen-

103 3408 212 3463 luturas
238 3408 441 3466 hereticorum
465 3413 638 3483 questiones
665 3416 819 3469 secundum
836 3420 947 3470 sancta·
995 3414 1075 3469 sioni
1090 3421 1197 3486 patere,
1226 3412 1480 3486 quodsaneterum
1495 3410 1707 3481 Scripturarum
1723 3408 1845 3465 anctori-

103 3496 387 3567 rnmjanctoritatern
411 3500 623 3572 Scripturarum
639 3518 645 3556 :
662 3505 869 3574 respondemus
893 3502 948 3558 hoc
1001 3508 1058 3558 tate
1068 3503 1207 3558 consistit.

102 3585 176 3641 idem
196 3585 314 3640 licuisse
334 3588 480 3656 Romanis,
510 3595 629 3662 propter
649 3592 760 3646 futuras
792 3592 946 3647 haeretico-
1039 3595 1131 3664 Usque
1144 3592 1181 3647 ad
1195 3589 1255 3646 Arii
1274 3596 1388 3659 tempus
1400 3588 1481 3644 nulla
1493 3587 1623 3643 contusio
1644 3587 1763 3643 vexabat
1785 3601 1845 3641 cre·

103 3691 163 3730 rum
187 3674 367 3747 quaestiones
390 3678 547 3733 secundnm
569 3679 945 3736 divinarumauetoritatem
1001 3681 1113 3748 dentes,
1137 3681 1173 3735 da
1201 3679 1291 3734 Petris
1320 3679 1441 3749 Filiique
1465 3675 1770 3742 consubstantialitate,
1795 3691 1847 3730 neo

101 3763 322 3834 Scripturarnm.
343 3766 487 3821 Neeenim
502 3767 946 3840 convincerepotestismajorem
1001 3771 1156 3825 homousion
1174 3766 1400 3838 predicabatur3
1426 3765 1516 3820 virtus
1542 3770 1639 3819 tamen
1665 3764 1742 3819 illius
1767 3763 1848 3819 rerbi

102 3852 425 3924 Constantinopolitanae
452 3855 573 3910 civitatis
614 3857 824 3926 anctoritatem,
859 3874 946 3930 quam
1000 3857 1176 3914 credentium
1201 3854 1347 3910 mentibus
1383 3853 1470 3908 insito
1496 3852 1680 3918 consistebat,
1707 3852 1847 3924 quoniam

102 3939 223 3994 civitatis
240 3941 390 4009 llomanae,
415 3958 480 4015 quae
504 3949 594 4015 capot
619 3950 662 3999 est
683 3946 813 4001 omnium
843 3946 946 4002 Christi
999 3947 1229 4017 omnipotentem
1246 3944 1350 3999 l'iiinm
1365 3943 1395 3999 in
1408 3943 1488 3998 nulla
1510 3941 1679 3998 dissimilem
1693 3941 1770 3997 Patri
1784 3941 1846 3996 fore
1887 3997 1889 4001 a

104 4028 299 4098 Ecclesiarum,
315 4030 392 4101 quod
415 4031 557 4102 majorum
581 4038 641 4089 tam
667 4038 835 4102 vestrorum,
859 4050 946 4107 quem
1000 4036 1144 4101 credebat,
1160 4035 1232 4089 bene
1252 4032 1360 4088 dictum
1374 4031 1528 4087 salvatoris
1542 4029 1681 4098 recolens,
1700 4029 1844 4085 dicentis:

105 4123 278 4187 nostrornm,
293 4119 456 4176 testimonio
471 4121 688 4192 comprobatur.
704 4123 758 4178 Sed
770 4140 864 4197 nequa
880 4141 946 4179 cen·
1000 4127 1054 4193 Qut
1066 4125 1139 4180 uidet
1154 4138 1195 4178 me
1219 4122 1294 4179 videt
1316 4126 1342 4176 et
1365 4125 1473 4176 Patrem
1487 4121 1575 4188 (loon.
1599 4135 1653 4181 xiv,
1675 4119 1713 4190 9).
1747 4118 1845 4188 Neque

104 4205 394 4280 tum'qninqnaginta
421 4210 622 4282 cpiscoporum
652 4217 730 4266 tanta
756 4216 868 4267 cousmt
895 4231 945 4269 au·
1000 4196 1332 4283 Christumalindquam
1355 4215 1514 4264 creaturam
1531 4213 1678 4264 auctorem
1701 4208 1845 4276 omniurn,

105 4295 226 4364 ctoritas,
254 4302 288 4350 ut
311 4298 453 4353 universis
487 4298 574 4354 totius
596 4299 673 4355 orbis
701 4300 842 4372 episcopis
874 4319 944 4374 pree·
963 4303 1092 4360 [taciens
1106 4318 1140 4357 ex
1157 4302 1267 4356 toanne
1292 4298 1426 4355 dictum:
1453 4299 1550 4354 Omnia
1574 4314 1624 4369 per
1651 4300 1742 4367 ipsum
1769 4299 1847 4364 sueto

106 4385 224 4440 scabere
236 4386 337 4457 possit,
352 4393 386 4440 ut
411 4387 489 4460 quod
503 4387 560 4442 illis
590 4388 681 4456 licuit,
701 4405 760 4444 non
784 4390 868 4446 liceat
887 4395 945 4445 tam
998 4392 1181 4460 luissetloon.
1196 4406 1215 4456 1,
1234 4388 1274 4459 3),
1293 4404 1346 4443 nec
1367 4392 1465 4442 tamen
1491 4387 1521 4442 in
1546 4385 1675 4458 symbolo
1702 4387 1845 4456 apostolo·

107 4471 231 4530 damano
263 4474 405 4546 pontitloi,
435 4491 521 4548 quarn
548 4476 688 4534 universis
713 4478 816 4535 Christi
855 4480 946 4535 Eccle-
1000 4478 1229 4535 rumcollatione
1243 4477 1317 4532 iacto
1340 4475 1542 4530 continebatur
1561 4475 1648 4539 aliud,
1664 4490 1750 4546 quam
1767 4474 1845 4547 quod

107 4561 156 4618 aiis.
1000 4568 1132 4623 norimus
1147 4582 1257 4628 omnes,
1272 4565 1388 4620 credere
1405 4580 1456 4620 nos
1474 4568 1607 4635 oportere
1631 4561 1661 4617 in
1677 4563 1769 4618 beorn
1793 4565 1845 4619 Pa·

134 4651 318 4708 Addiderunt
330 4653 416 4708 etiam
431 4653 473 4708 illi
494 4648 778 4727 symbolo'prrelato,
795 4657 944 4712 dicentes:
1000 4664 1074 4713 trem
1086 4655 1326 4726 omnipotentem,
1343 4658 1371 4707 et
1394 4651 1425 4707 in
1447 4654 1544 4707 lesum
1570 4651 1717 4708 Christum
1741 4651 1844 4708 Filium

108 4741 237 4811 aarum
255 4747 380 4797 sanctum
402 4758 462 4797 cum
489 4745 571 4798 Patre
587 4746 614 4798 ct
627 4746 699 4801 Filio
723 4745 903 4813 odorandum
922 4750 947 4798 et
1000 4747 1062 4817 ejus
1087 4743 1202 4799 unicum
1237 4741 1389 4798 Dominum
1417 4745 1559 4796 nostrum.
1586 4740 1754 4797 Sullieiebat
1792 4739 1846 4794 ista

446 644 560 700 CAPUT
581 647 616 700 ll.

105 784 290 839 Concitiorum
321 787 484 841 auctoritate
514 786 694 844 destruuntur
715 794 841 862 opposito
879 795 953 851 Gra·

481 891 581 932 corum.

109 4830 360 4901 unctoripeandum
389 4833 438 4900 qui
458 4832 560 4888 brutus
572 4838 613 4888 est
634 4849 682 4902 per
701 4841 807 4888 cunctos
829 4835 945 4904 proptre-

110 4922 154 4985 tor,
168 4925 197 4975 et
226 4919 285 4975 alia
309 4919 401 4990 plura.
425 4922 490 4976 llrec
509 4917 762 4991 superadjicientes
787 4937 844 4976 non
873 4937 945 4993 pres-

110 5008 276 5080 seripserunt
303 5007 431 5064 Eooleuis
457 5008 569 5078 Christi,
595 5009 644 5064 sed
669 5010 831 5080 exemplum
860 5011 946 5066 dede·

111 5104 177 5164 runt,
198 5099 223 5153 si
238 5097 308 5168 qnid
322 5098 480 5152 secundum
497 5097 657 5169 Scripturas
671 5102 782 5152 sanetas
809 5100 945 5169 superad-

112 5184 168 5242 dere
180 5188 291 5242 vellent
305 5187 340 5240 de
359 5185 469 5257 Spiritu
493 5191 602 5254 sancto,
627 5186 703 5257 qnod
728 5186 877 5241 haereticos
900 5202 946 5241 ex·

113 5280 252 5346 pugnaret,
269 5279 300 5329 et
319 5275 406 5329 tidem
427 5274 606 5329 credentium
632 5274 788 5330 roboraret.
814 5275 894 5341 Quod
923 5276 947 5329 si

115 5364 207 5419 uelitis
221 5378 383 5435 opponere,
397 5363 602 5435 inveniriquod
619 5378 679 5418 non
688 5362 779 5434 possit
793 5362 821 5416 in
843 5363 948 5417 sanctis

116 5451 278 5525 Euangelus,
304 5451 364 5506 sive
387 5451 497 5507 castoris
523 5450 626 5507 divinis
650 5451 765 5522 paginis
797 5454 946 5522 scriptum,

115 5538 243 5611 Spiritum
270 5545 402 5596 unctum
429 5541 632 5613 procedentem
661 5557 678 5594 a
706 5541 801 5603 Patra,
821 5556 853 5594 ac
880 5557 947 5612 pro·

1001 4835 1072 4890 tides
1105 4831 1283 4888 credentium
1308 4830 1408 4896 saluti;
1434 4846 1499 4902 quae
1525 4830 1682 4884 multorum
1705 4827 1845 4899 sanguina

1002 4927 1171 4992 martyrum,
1187 4925 1215 4974 et
1228 4918 1485 4974 innumerabilium
1502 4935 1552 4973 ora
1576 4919 1769 4972 confessorum
1795 4929 1847 4985 per

1000 5010 1166 5065 universum
1182 5007 1280 5063 orbem
1295 5014 1325 5063 et
1336 5007 1493 5078 approbata
1507 5011 1561 5073 est,
1586 5011 1614 5061 et
1635 5002 1844 5060 commendata.

1001 5101 1105 5154 Verum
1121 5097 1170 5152 ubi
1184 5096 1269 5151 Arius
1285 5097 1471 5168 impugnator
1485 5095 1611 5149 veritatis
1621 5093 1706 5164 coepit
1720 5092 1750 5146 in
1765 5090 1848 5147 Chri·

1001 5189 1035 5241 sti
1051 5185 1229 5242 divinitatem
1255 5184 1393 5255 insanire,
1417 5190 1447 5239 et
1474 5183 1641 5254 blasphema
1671 5195 1727 5234 non
1755 5194 1848 5251 pauca

1001 5274 1119 5346 jaculari
1132 5272 1262 5328 lidelium
1282 5277 1391 5327 mentes
1410 5272 1445 5326 ad
1471 5271 1607 5342 pietatem
1629 5268 1796 5335 incitantur,
1819 5273 1848 5322 et
1947 5282 1949 5291 ·

1002 5362 1127 5416 veritatis
1141 5377 1223 5415 arma
1235 5368 1336 5415 eontra
1356 5358 1514 5429 impictatis
1535 5370 1664 5410 errorem
1687 5355 1846 5425 proterunt,

1001 5449 1170 5506 confodiunt
1190 5465 1248 5504 una
1273 5464 1338 5503 oum
1354 5451 1470 5503 auctora
1484 5443 1606 5515 impium
1628 5443 1744 5515 dogma,
1770 5446 1849 5516 quod

1004 5539 1107 5596 Silium
1123 5538 1339 5595 Deieraaturam
1355 5541 1385 5591 et
1398 5548 1456 5589 non
1470 5535 1505 5588 de
1519 5535 1604 5589 Patre
1624 5533 1765 5606 genitum,
1785 5533 1850 5607 Spi-
