3930 6098
125 241 177 292 867
696 239 865 295 tutentur
885 240 1138 299 studetotensls
1155 245 1303 304 sensns
1817 258 1861 311 868

125 376 228 432 saeculo
244 393 260 430 a
279 375 362 430 malis
374 374 508 428 omnibus
528 373 613 440 tueri,
637 379 665 427 et
688 375 716 429 in
734 375 831 430 futuro
851 381 963 432 sancto·
982 379 1165 447 Anascendi,
1178 382 1238 452 ipse
1259 383 1288 437 iu
1308 399 1397 455 regno
1420 390 1526 440 aeterno
1551 385 1664 442 tribuat
1691 389 1857 446 mansionem

124 460 188 519 ru'm
204 465 322 520 nectibus
336 463 433 517 ascisci
445 463 572 517 valeatis.
591 463 693 519 Amen.

159 551 325 620 mmmm

235 653 308 692 trau
332 654 357 692 n.
383 654 417 691 os
439 653 705 693 uesunnecrionn
730 655 858 695 oculei.

158 727 309 781 Benedicat
324 743 372 780 vos
392 727 574 797 omnipotens
590 729 680 796 Deos,
703 728 752 798 qiu
775 745 823 781 vos
843 730 968 798 gratuita

121 815 301 869 miseratione
331 815 447 880 creavit,
477 818 504 868 et
534 816 563 868 in
587 817 795 870 resurrectione
824 818 966 888 Unigentt

120 903 163 956 sui
179 919 257 974 spem
273 902 355 957 vobis
367 903 537 972 resurgendi
552 905 700 958 concessit.
718 909 818 958 limen.

81 1004 84 1009 ·
156 992 314 1045 Besuscitct
328 1007 377 1044 vos
392 992 425 1045 de
443 991 577 1046 vitiorum
598 993 745 1062 sepulcris,
772 994 821 1064 qui
838 1010 905 1048 eum
921 1011 966 1050 re-

120 1080 266 1134 suscitavit
281 1080 437 1134 amortuis.
454 1082 555 1134 Amen.

158 1169 192 1222 Ut
208 1184 272 1221 crim
292 1184 325 1222 eo
347 1168 408 1221 sine
431 1167 487 1222 fine
503 1168 624 1223 feliciter
642 1171 751 1238 vivatis,
774 1188 861 1242 quem
877 1189 969 1228 resur·

121 1257 254 1311 rexisses
271 1257 389 1311 mortuis
401 1257 540 1311 veraciter
555 1258 679 1312 creditis.
697 1262 797 1313 limen.

157 1346 237 1410 Quod
253 1346 322 1417 ipse.

503 1436 581 1488 Alio.

156 1524 239 1586 Deris,
256 1522 305 1593 iperi
326 1539 376 1592 per
396 1524 634 1576 resurrectionem
657 1524 802 1593 Unigeniti
823 1525 866 1579 sui
887 1525 966 1580 robis

1023 468 1083 522 sino
1099 469 1156 523 fine
1172 471 1294 526 vivendi.
1310 476 1411 528 Arnen.

1058 558 1139 622 Otiod
1155 560 1225 629 ipse,
1241 566 1307 627 etc,
1324 562 1375 632 qui
1387 579 1453 617 cum
1464 565 1558 620 Patre.

1369 669 1434 722 item
1455 670 1521 722 elin.

1059 755 1132 807 Deus
1159 754 1219 824 qtri,
1244 755 1358 809 calcatis
1387 755 1492 810 inferni
1525 757 1648 828 legibus,
1679 759 1853 829 captivitatem

1023 847 1159 908 nostram,
1176 843 1299 896 resoluta
1314 849 1480 898 catenarum
1494 861 1643 916 compage,
1669 847 1800 914 dignatus
1821 856 1853 902 est

1022 930 1056 984 ad
1073 931 1211 986 libertatis
1226 933 1345 1001 premia
1361 949 1504 1001 revocare,
1521 934 1582 1005 ipse
1597 935 1678 989 vobis
1693 941 1804 1006 praestet
1820 939 1849 990 ila

1022 1019 1095 1072 hanc
1110 1019 1196 1072 vitam
1217 1020 1433 1090 transigerent
1454 1022 1482 1075 in
1504 1023 1584 1077 illam
1609 1028 1788 1094 perpetuam,
1802 1024 1850 1095 ipso

1022 1106 1103 1171 dure,
1120 1109 1233 1176 possitis
1245 1108 1363 1163 intrare.
1380 1097 1495 1164 Amen(

1056 1197 1176 1250 Tantum
1193 1198 1318 1267 prebeat
1334 1199 1414 1253 vobis
1424 1200 1565 1254 fervorem
1580 1200 1732 1256 catholicae
1744 1200 1815 1264 fidei,
1829 1207 1851 1256 ol

1022 1285 1112 1338 sancti
1140 1283 1287 1340 adrentus
1307 1287 1387 1341 illius
1421 1287 1483 1342 sitis
1520 1290 1733 1360 exspectatione
1766 1293 1850 1345 securi

1020 1374 1122 1426 Amen.

1058 1461 1092 1514 Ut
1107 1460 1271 1531 quicunque
1292 1461 1339 1515 liic
1360 1470 1527 1519 meruerunt
1547 1465 1666 1536 purgari
1680 1465 1757 1521 unda
1774 1467 1849 1536 bapti·

1020 1548 1084 1613 smi,
1119 1549 1159 1602 ibi
1194 1552 1360 1619 praesentari
1388 1552 1500 1606 valeant
1526 1556 1575 1624 pio
1598 1553 1690 1624 judici
1718 1553 1847 1608 candidati.

119 1607 241 1660 contulit
256 1613 284 1661 et
299 1608 406 1660 bonum
423 1607 626 1675 redemptionis
640 1613 668 1660 et
683 1608 768 1661 decus
788 1609 962 1680 adoptionis,
1018 1638 1121 1690 Amen·

119 1710 177 1750 suae
193 1695 272 1748 vobis
285 1694 412 1748 conseret
429 1696 547 1764 premia
560 1695 778 1751 benedictionis.
793 1700 893 1751 Amen.

153 1784 187 1835 Et
202 1799 259 1853 quo
276 1784 434 1837 redimente
454 1783 619 1853 percepistis
639 1785 745 1838 donum
768 1792 914 1856 perpetuae
930 1787 965 1840 li·

118 1871 245 1937 bertatis,
268 1888 302 1925 eo
324 1872 471 1943 largiente,
494 1877 639 1926 consortes
664 1873 829 1927 efficiamini
850 1879 965 1930 aeterne

118 1960 300 2015 haereditatis.
317 1964 417 2014 Amen.

153 2050 185 2102 Et
216 2050 265 2120 qui
299 2049 513 2104 consurrexistis
547 2048 575 2102 iu
607 2048 776 2120 baptismale
810 2052 963 2119 credendo,

118 2137 234 2207 adjungi
248 2138 416 2192 mereamini
432 2138 462 2191 iu
479 2138 585 2192 coelcsti
605 2139 723 2206 regione
740 2139 962 2195 benevivendo.

116 2229 217 2279 Amen.

152 2314 231 2378 Quod
246 2314 316 2385 ipse.

173 2395 175 2399 ’
466 2405 531 2457 ltem
551 2404 618 2457 olio.

152 2492 235 2555 Deus,
252 2492 300 2562 qui
316 2508 368 2561 pro
391 2491 469 2545 vobis
490 2492 613 2561 suscepit
633 2491 768 2560 iujuriam
791 2493 892 2560 crucis,
911 2494 959 2547 lee-

116 2581 178 2635 titia
193 2596 240 2634 vos
257 2582 373 2635 innovet
389 2596 446 2633 sum
466 2580 693 2633 resurrectionis.
711 2585 812 2635 Arnen.

152 2672 185 2724 Et
200 2669 250 2739 qui
264 2669 401 2738 pendenti
417 2684 513 2721 secum
526 2668 555 2721 in
570 2684 652 2722 crece
670 2670 771 2723 latroni
785 2671 896 2724 remisit
912 2671 961 2725 de·

115 2757 226 2823 lictum,
242 2775 291 2811 vos
310 2758 473 2811 absolvata
493 2757 601 2811 cunctis
623 2758 743 2811 nexibus
764 2765 960 2830 peccatorum,

115 2848 216 2901 Amen.

152 2937 186 2991 Ut
206 2951 258 3006 per
283 2935 488 3006 redemptionis
513 2940 613 2989 vestrae
635 2935 803 3005 mysterium
823 2940 850 2989 et
875 2937 960 3006 digne

114 3025 323 3079 conversemini
349 3024 496 3095 inopere,
519 3028 545 3077 el
570 3024 740 3092 locupletius
763 3030 870 3079 eterna
895 3043 960 3097 per·

113 3114 249 3168 fruamini
265 3114 506 3168 remuneratione.
524 3116 625 3167 limen.

149 3202 228 3267 Quod
241 3203 312 3272 ipse.

458 3291 525 3342 Item
544 3290 611 3343 olio.

148 3379 222 3432 Deus
238 3377 288 3448 qui
305 3393 351 3430 vos
370 3376 439 3430 lavit
460 3393 535 3447 aqua
549 3377 593 3430 sui
608 3378 714 3445 lateris,
730 3384 758 3434 et
777 3380 894 3436 redimit
916 3381 957 3436 ei·

112 3467 223 3521 lusione
252 3465 370 3530 cruoris,
400 3464 460 3535 ipse
490 3465 520 3518 iu
548 3465 629 3520 vobis
657 3467 808 3522 confirmet
835 3470 958 3540 gratiam

112 3555 222 3624 adeptae
237 3552 452 3622 redemptionis.
465 3555 566 3606 Amen.

147 3645 201 3696 Per
215 3658 299 3713 quem
322 3641 413 3695 renati
430 3641 498 3695 estis
522 3658 555 3695 ex
576 3657 651 3713 aqua
664 3647 693 3697 et
713 3644 820 3715 Spiritu
849 3652 958 3715 sancto,

17 3746 21 3753 ’
111 3730 172 3801 ipse
187 3747 235 3784 vos
251 3728 357 3784 coelesti
372 3729 516 3783 consociet
529 3746 628 3801 reguo.
649 3733 749 3786 Amen.

146 3820 258 3890 Quique
275 3818 354 3872 dedit
369 3818 447 3873 vobis
462 3817 545 3872 initia
560 3824 663 3873 sanctae
682 3819 761 3890 fidei,
783 3821 844 3892 ipse
858 3824 958 3877 conle-

109 3913 198 3964 rotet
219 3907 424 3979 perlectionem
440 3908 542 3978 operis,
563 3914 592 3963 et
612 3909 823 3979 plenitudinem
839 3911 958 3967 charito-

108 3999 154 4052 tis.
172 4001 271 4054 Amen.

144 4087 224 4151 Quod
240 4086 312 4156 ipse,
328 4089 395 4152 etc,
411 4084 502 4155 eujus.
578 4136 586 4145 ,

456 4174 524 4228 ilem
543 4173 611 4226 elin.

1056 1725 1137 1789 Quod
1153 1726 1225 1796 ipse,
1240 1731 1293 1781 etc.

1292 1848 1328 1887 on
1350 1847 1471 1889 sinere
1494 1849 1606 1890 cnecn.

1057 1919 1209 1974 Benedicat
1224 1934 1274 1974 vos
1288 1922 1322 1975 de
1340 1922 1416 1976 coetis
1430 1923 1614 1994 omnipotens
1640 1925 1724 1990 Deus,
1740 1925 1785 1995 qui
1805 1940 1844 1995 per

1019 2025 1132 2062 crucem
1148 2015 1177 2063 et
1192 2010 1361 2080 sanguinem
1383 2013 1521 2082 passionis
1536 2029 1596 2068 suae
1610 2030 1660 2068 vos
1676 2014 1842 2084 dignatusest

1019 2098 1159 2152 redimere
1174 2099 1311 2152 interris.
1328 2103 1428 2153 Amen.

1054 2187 1063 2239 l
1067 2202 1115 2256 pse
1128 2203 1175 2239 vos
1189 2192 1306 2241 renovet
1322 2204 1339 2240 a
1354 2192 1492 2242 vetustate
1507 2189 1627 2258 peccati,
1644 2190 1695 2260 qrri
1711 2206 1761 2260 pro
1780 2188 1838 2242 robis

1018 2275 1151 2345 dignatus
1173 2276 1372 2345 estcrucitigi3
1396 2292 1502 2347 vosque
1528 2278 1564 2330 ad
1590 2278 1715 2331 ecelestia
1734 2278 1838 2341 suscitet,

1018 2364 1068 2433 qui
1081 2380 1133 2433 pro
1146 2363 1225 2416 vobis
1240 2363 1347 2417 inleros
1365 2365 1533 2434 penetravit.
1548 2368 1651 2419 Amen.

1052 2453 1144 2505 Vitam
1163 2468 1241 2506 suam
1270 2453 1348 2506 vobis
1372 2454 1509 2508 Dominus
1528 2454 1646 2516 tribuat,
1670 2454 1720 2526 qui
1739 2459 1836 2508 mortem

1017 2546 1138 2594 vestram
1154 2541 1279 2610 suscepit
1289 2547 1317 2595 et
1332 2542 1466 2611 perdidit.
1482 2546 1584 2596 Amen.

1051 2631 1130 2694 Quod
1148 2631 1219 2701 ipse,
1236 2636 1301 2698 cte,
1316 2631 1406 2700 cujus.

1364 2738 1430 2790 item
1450 2737 1516 2790 otio.

1053 2809 1202 2880 Benedicat
1216 2823 1296 2877 vobis
1313 2825 1494 2894 omnipotens
1509 2826 1593 2889 Deus,
1612 2826 1661 2895 qui
1688 2841 1738 2895 per
1752 2825 1833 2893 [uige-

1017 2915 1069 2968 niti
1084 2915 1127 2968 sui
1138 2915 1201 2967 Jesu
1213 2913 1317 2967 Christi
1329 2913 1444 2967 Domini
1456 2913 1547 2967 nostri
1555 2914 1718 2984 passionem
1733 2910 1834 2967 etcrucis

1014 3002 1175 3074 patibulum
1192 3018 1282 3071 genus
1298 3001 1419 3055 redemit
1430 3002 1600 3056 humanum.
1616 3005 1718 3057 Amen.

1050 3090 1249 3161 concedatque
1268 3089 1348 3144 vobis
1372 3095 1404 3144 ut
1422 3106 1488 3144 curn
1512 3092 1647 3145 cornibus
1674 3090 1832 3159 sanctisque

1014 3180 1051 3234 sit
1064 3178 1192 3248 ejusdem
1208 3179 1299 3233 erucis
1322 3178 1485 3249 longitudo,
1502 3179 1634 3242 latitudo,
1656 3178 1833 3233 sublimitaset

1013 3268 1200 3339 profundum,
1227 3272 1321 3322 mente
1348 3266 1449 3321 devota
1474 3267 1720 3337 comprehendere
1738 3264 1831 3338 posside

1013 3361 1115 3412 Amen.

1049 3447 1194 3510 Quatenus
1211 3445 1400 3515 vosmetipsos
1423 3444 1606 3515 abnegando,
1629 3456 1831 3516 crucemquepc

1013 3535 1125 3600 stende,
1146 3535 1185 3588 ita
1208 3534 1238 3587 in
1262 3533 1412 3604 praesentis
1435 3533 1500 3587 vitae
1524 3534 1617 3588 stadio
1639 3534 1830 3604 Redemptorcu

1014 3629 1143 3676 nostrum
1160 3620 1275 3692 possitis
1290 3621 1382 3691 sequi,
1396 3626 1428 3675 ut
1441 3620 1468 3675 ei
1478 3621 1562 3675 'inter
1576 3620 1680 3676 choros
1692 3620 1829 3692 angelorum

1013 3715 1076 3781 post
1091 3711 1202 3764 ebitum
1218 3709 1390 3764 mereamini
1405 3709 1513 3764 ascisci.
1528 3711 1631 3764 Amen.

1048 3798 1127 3863 Quod
1142 3799 1213 3869 ipse,

1174 3920 1201 3959 u.
1218 3921 1247 3960 in
1273 3920 1324 3960 ove
1340 3919 1548 3959 ascensmurs
1568 3920 1698 3961 oduini,

1047 3992 1200 4047 Benedicat
1216 3993 1296 4046 vobis
1311 3994 1493 4063 omnipotens
1516 3993 1603 4060 Deus,
1624 3995 1706 4064 cujus
1721 3986 1826 4061 Unigeni-

1012 4086 1058 4136 tus
1073 4081 1212 4135 hodierna
1234 4081 1280 4136 die
1303 4082 1440 4136 coelorum
1460 4082 1517 4136 alta
1536 4082 1708 4152 penetravit,
1728 4085 1753 4136 et
1770 4075 1826 4131 vobit

1012 4170 1060 4224 tibi
1076 4171 1123 4224 ille
1141 4175 1183 4223 est
1197 4170 1368 4225 ascendendi
1387 4171 1496 4223 aditum
1511 4170 1656 4241 patefecit.
1670 4173 1762 4225 Amen.

144 4261 283 4316 Dominus
309 4262 383 4316 Deus
405 4267 503 4314 noster
526 4276 576 4314 vos
597 4261 735 4330 perducat
765 4262 800 4316 ad
823 4263 998 4321 arboremD
1045 4258 1244 4328 Concedatquc
1255 4258 1396 4330 propitius
1409 4263 1441 4313 ut
1456 4258 1529 4313 sicut
1540 4264 1605 4329 post
1618 4257 1824 4313 resurrectionen

107 4350 183 4416 vitae,
199 4350 249 4421 qtri
264 4350 339 4403 eruit
354 4349 388 4403 de
399 4352 467 4402 lacu
481 4350 614 4403 miseriae.
631 4351 733 4405 Amen.

143 4440 206 4508 lpse
225 4437 306 4492 vebis
329 4439 438 4509 aperiat
454 4439 573 4507 januam
588 4438 722 4510 paradisi.
745 4441 795 4512 qui
816 4441 956 4512 confregit

106 4532 203 4598 portas
220 4527 337 4581 inferni.
357 4531 458 4581 Amen.

143 4618 205 4688 lpse
221 4622 395 4671 reseruata
410 4615 533 4685 flagello,
550 4620 579 4669 ct
593 4615 622 4668 in
644 4632 766 4687 regnum
787 4634 871 4672 suum
887 4635 954 4689 per-

106 4705 191 4759 ducat
207 4704 390 4771 confidentes,
415 4704 464 4773 qui
493 4703 553 4773 pati
572 4702 766 4774 dignatusest
784 4721 835 4775 pro
858 4706 955 4777 impiis

106 4790 256 4846 innocens.
274 4795 377 4845 Amen.

141 4881 220 4944 Quod
235 4880 307 4951 ipse,
322 4886 376 4935 etc
392 4880 442 4950 qui
456 4896 522 4934 cum
536 4881 632 4935 Patre.
708 4896 709 4903 ¹

451 4971 516 5023 ilem
536 4970 603 5023 otio.

142 5056 353 5127 Omnipoteutis
368 5057 417 5111 Dei
430 5061 458 5111 et
472 5057 586 5111 Domini
602 5059 690 5113 nostri
705 5060 954 5117 benedictionibus

104 5144 285 5216 repleamini,
301 5145 382 5215 cujus
403 5145 470 5199 estis
492 5146 635 5215 sanguine
657 5148 783 5218 pretioso
802 5149 951 5220 redempti.

104 5234 206 5288 Amen.

140 5322 206 5392 Ejus
216 5338 266 5375 vos
279 5321 445 5377 indeficiens
459 5324 568 5393 repleat
583 5323 683 5392 gratia,
705 5324 786 5394 cujus
800 5325 954 5383 ineffaBilis

105 5407 257 5477 plasmavit
272 5411 411 5481 potentia.
424 5414 525 5465 Amen,

143 5497 177 5551 Ut
191 5499 241 5568 qui
264 5498 343 5554 robis
361 5499 392 5553 iu
411 5499 465 5553 hoc
481 5499 590 5553 mundo
614 5513 687 5569 prees
700 5498 746 5553 itit
760 5500 951 5558 conditionem

1012 4363 1092 4402 suam
1107 4347 1252 4417 discipulis
1267 4346 1342 4401 vises
1357 4351 1399 4401 est
1424 4347 1602 4406 manifestus.
1619 4347 1660 4401 ita
1672 4348 1748 4402 vobis
1763 4346 1787 4398 io
1794 4342 1824 4410 Jo

1011 4436 1117 4491 dicium
1132 4436 1250 4489 veniens
1263 4436 1392 4489 videatur
1404 4437 1542 4506 placatus.
1559 4438 1662 4491 Amen.

1047 4517 1080 4570 Et
1100 4532 1186 4586 quem
1208 4516 1360 4570 consedere
1380 4516 1457 4569 Patri
1478 4516 1507 4569 in
1531 4531 1583 4569 sua
1601 4518 1747 4586 maiestate
1759 4505 1822 4564 credi·

1009 4604 1056 4671 tis,
1074 4605 1216 4658 vobiscum
1243 4620 1359 4658 manere
1379 4620 1470 4675 usque
1490 4604 1518 4658 iu
1540 4604 1630 4658 linem
1647 4603 1738 4659 saeculi
1755 4609 1837 4654 secun·

1010 4694 1079 4748 dum
1095 4710 1176 4747 suam
1191 4693 1409 4763 promissionem
1424 4693 1562 4748 sentiatis.
1578 4696 1680 4749 Amen.

1045 4782 1125 4846 Quod
1142 4782 1213 4853 ipse.

1192 4903 1219 4941 a.
1242 4903 1274 4942 ru
1297 4902 1425 4943 vrorum
1449 4903 1679 4944 pentecostes·

1044 4976 1195 5031 Benedicat
1215 4976 1296 5031 vobis
1312 4977 1495 5048 omnipotens
1510 4978 1596 5044 Deus,
1624 4978 1660 5032 ob
1674 4977 1752 5048 cujus
1769 4973 1824 5027 Part

1008 5062 1074 5117 cleti
1104 5063 1256 5122 adventum
1282 5070 1393 5118 mentes
1422 5069 1528 5118 vestras
1548 5065 1654 5136 jejunii
1678 5055 1828 5120 oberrantis
1870 5087 1877 5098 ι

1010 5150 1188 5222 preparatis,
1205 5155 1233 5205 et
1247 5158 1417 5220 presentem
1433 5151 1511 5207 diem
1530 5154 1713 5210 solemnibus
1726 5150 1831 5209 teotbn
1872 5150 1877 5161 ’

1008 5239 1166 5295 honoratis.
1183 5240 1286 5294 Arnen.

1043 5328 1137 5384 Instar
1153 5327 1238 5380 modo
1253 5331 1421 5382 renatorum
1440 5326 1596 5383 infantium
1615 5328 1705 5385 talem
1722 5329 1838 5385 innocen·

1007 5417 1078 5470 tiam
1098 5415 1236 5482 habeatis,
1263 5420 1294 5470 ut
1310 5417 1450 5486 templum
1470 5417 1560 5471 sancti
1574 5418 1711 5488 Spiritus,
1730 5421 1788 5491 ipso
1801 5415 1839 5471 tri·

1008 5503 1124 5571 buente,
1139 5519 1200 5559 esse
1212 5504 1336 5575 possitis.
1352 5508 1454 5559 Amen.
