3930 6098
581 244 720 305 contria
741 245 942 307 taumatia
963 246 1139 309 oreostra.
1158 281 1187 295 ·-
1204 252 1271 309 LlB.
1294 251 1337 310 tv.
1783 260 1835 316 3⁰22

80 379 187 434 ationis
202 379 303 447 forma,
321 380 587 447 moerorishabitns,
595 382 784 453 jarcanditatis
799 383 931 450 remotio,
953 383 1124 451 harderat,
1142 385 1217 456 quod
1237 385 1392 441 honestatis
1411 387 1477 458 jure
1503 384 1708 462 religionisque
1733 392 1834 448 decore

77 468 146 536 jure
162 469 276 540 quidem
300 471 433 524 dicantur
450 471 571 525 Romani
589 474 632 525 vet
654 472 746 526 Latini
767 472 931 527 Constanti·
985 474 1130 528 observari
1154 475 1348 544 cognoverint,
1384 482 1411 529 et
1439 477 1473 531 ad
1499 478 1616 531 unitatis
1649 481 1834 537 concordiam

80 557 257 626 nopolitarris
272 560 335 627 patras
346 559 487 628 jejunare,
504 561 642 631 quoniam
659 577 760 616 novem
772 561 930 615 hebdoma·
984 564 1095 632 pacifici
1111 564 1239 626 redeant,
1256 581 1271 616 a
1286 580 1343 634 qua
1359 564 1485 618 deviasse
1503 566 1590 620 stulta
1606 571 1833 641 praesumptione

81 645 168 698 dibus
198 651 290 700 semet
313 647 493 702 humiliando
519 649 625 703 Pascha
649 652 840 719 praeveniunt,
865 650 932 705 lieet
985 668 1043 706 non
1055 651 1220 706 timuerant.

80 733 154 788 illud
179 736 217 789 sit
243 736 431 807 praecipuum.
465 738 545 792 Unde
572 739 792 809 reprehensores
824 741 930 794 ftoma-

80 839 188 877 nornm
214 841 277 878 sese
292 825 398 880 debent
413 825 595 901 redarguere,
612 829 635 880 si
660 833 756 883 tamen
772 829 929 899 disciptinae

79 913 195 981 tegibus
215 914 333 985 capiunt
363 931 426 968 esse
459 915 591 985 subjecti,
635 918 711 987 quod
752 918 929 972 consuetudo

74 1001 232 1071 jejunandi
253 1008 319 1056 ante
334 1010 465 1057 sanctum
482 1005 588 1059 Pascha
603 1006 711 1058 cunctis
729 1007 857 1060 Ecclesiis
873 1023 929 1061 non

78 1090 116 1142 sit
132 1091 295 1157 uniformis,
312 1108 365 1145 nec
380 1092 438 1146 ulla
452 1092 616 1147 divinorum
641 1095 842 1149 mandaturum
868 1096 930 1162 lege
985 1094 1210 1150 Occidentalium
1237 1094 1340 1149 Christi
1376 1094 1564 1149 Ecclesiarum
1597 1111 1655 1149 non
1688 1102 1830 1152 rorantur.

78 1180 320 1249 constringuntur
345 1181 379 1235 ad
405 1184 475 1247 ista;
500 1182 548 1235 sed
582 1183 737 1253 unicuiqae
761 1183 869 1237 licitum
894 1184 931 1239 sit
984 1184 1125 1248 Quaetam
1154 1184 1224 1237 levis
1251 1184 1425 1254 agnoscitur,
1456 1189 1486 1237 at
1512 1183 1583 1237 nihil
1615 1184 1642 1237 ei
1666 1185 1833 1255 responderi

79 1267 213 1321 Ecclesiae
239 1285 356 1323 suorum
387 1269 468 1339 sequi
501 1271 644 1340 majorum
677 1272 927 1327 cousuetudinem.
985 1272 1086 1326 merito
1109 1275 1319 1340 decerneretur,
1341 1289 1375 1325 ne
1398 1274 1515 1326 forsitan
1540 1271 1832 1344 taliumlevitatipa·

81 240 131 302 dil

1326 722 1440 777 CAPUT
1461 724 1490 775 V.

1127 813 1163 865 ae
1178 811 1267 865 tarta
1282 826 1328 865 seu
1342 813 1440 880 capitis
1455 815 1572 866 tonsione
1586 810 1689 882 cipitur.

1019 918 1081 971 iarn
1107 917 1253 972 videamus
1275 918 1351 988 quod
1379 917 1414 972 de
1439 916 1534 972 barbae
1559 919 1692 974 tonsione
1715 922 1833 977 clericos

984 1006 1099 1076 cuipare
1126 1022 1183 1059 noa
1205 1011 1316 1060 tantum
1343 1007 1551 1071 Romanorum,
1577 1023 1675 1060 verum
1703 1011 1832 1064 omnium

78 1354 199 1419 Quodsi
220 1355 375 1421 novissent,
399 1373 457 1410 non
479 1362 536 1411 tam
560 1374 695 1430 procaces
718 1360 748 1413 in
770 1362 929 1431 reprehen-
985 1377 1039 1425 res,
1055 1362 1096 1414 vet
1113 1368 1189 1416 certe
1204 1362 1324 1416 leviores
1340 1361 1519 1416 aestimentur
1530 1361 1580 1432 qui
1591 1361 1701 1416 nullam
1715 1361 1832 1417 habenti

77 1444 161 1498 sione
176 1445 341 1498 viderentur
360 1461 459 1499 eorum
477 1446 598 1500 marimo
618 1447 678 1518 qui,
696 1449 770 1519 quod
787 1455 927 1503 exercent.
984 1450 1124 1503 rationem
1141 1449 1251 1519 objecto
1272 1449 1445 1520 respondere
1462 1450 1571 1521 potius,
1592 1466 1680 1521 quam
1704 1455 1832 1506 contem·

78 1531 238 1600 apostolico
269 1532 385 1602 quidem
418 1533 608 1588 instituuntur
632 1536 808 1612 magisterio,
834 1544 863 1591 et
888 1554 930 1590 ra·
984 1555 1052 1593 aiere
1082 1538 1222 1609 delegere.
1253 1539 1326 1602 Ouid
1355 1538 1431 1592 enim
1460 1539 1547 1593 refert
1574 1538 1609 1592 ad
1631 1538 1750 1608 justitiae
1776 1557 1833 1593 non

77 1623 165 1673 tionis
180 1621 248 1673 satis
264 1621 390 1675 truncatae
406 1623 642 1677 consideratione.
985 1633 1095 1681 tantum
1138 1627 1352 1697 perfectionem,
1398 1643 1498 1680 rerum
1543 1627 1631 1681 etiam
1672 1627 1833 1682 inchoatio·

112 1709 391 1779 lejnnautdenique
410 1709 533 1764 Romani
554 1729 601 1765 ser
625 1721 690 1765 ante
717 1714 822 1766 Pascha
846 1717 929 1784 septi·
949 1686 968 1739 B
985 1733 1051 1769 nem
1068 1716 1164 1770 barbae
1181 1715 1321 1780 detonsio,
1347 1717 1390 1768 vel
1413 1715 1736 1770 cvvnservatiofllieant
1763 1733 1832 1787 ergo

78 1815 180 1852 raanas
204 1798 405 1860 continuatim,
431 1807 536 1868 prater
557 1802 745 1867 Doriiiuicam,
770 1818 827 1873 qua
853 1803 929 1874 jeju·
984 1806 1190 1875 redarguentes
1215 1804 1283 1874 quid
1309 1804 1375 1858 hine
1398 1803 1441 1856 vel
1465 1803 1496 1857 in
1521 1804 1598 1857 Novo
1620 1805 1664 1857 vel
1684 1805 1712 1857 in
1739 1804 1832 1858 Veteri

78 1889 161 1939 niurn
179 1889 302 1941 solvunt.
329 1887 408 1942 Unde
430 1888 453 1940 si
475 1888 640 1958 jejunantes
665 1891 782 1959 triginta
805 1907 853 1944 ser
869 1892 930 1944 dies
983 1895 1164 1947 Testamenta
1183 1896 1357 1963 praeceptum
1384 1892 1562 1963 reperiatur:
1578 1895 1616 1958 et,
1637 1891 1832 1962 utplasinfe

77 1980 206 2046 quatuor
225 1977 320 2028 minus
340 1993 354 2028 a
379 1976 568 2047 quadraginta
590 1979 734 2048 complere
760 1986 928 2047 noscuntur,
981 1988 1056 2047 ram,
1072 1981 1140 2052 quid
1157 1982 1186 2035 in
1208 1983 1404 2050 apostolorum
1425 1980 1549 2051 scriptis,
1567 1981 1608 2033 vel
1627 1980 1832 2034 ecclesiastico-

78 2080 232 2118 rausaeur
256 2063 295 2116 ita
323 2064 427 2117 faciant
447 2063 493 2134 ple
514 2066 693 2120 considerare
721 2068 880 2121 volentibus
902 2073 931 2121 et
985 2087 1048 2124 rum
1069 2069 1230 2124 constitutis
1251 2071 1454 2140 magistrorum
1480 2069 1547 2122 hine
1573 2085 1633 2121 esse
1658 2067 1831 2123 determina-

78 2153 202 2206 bonesta
226 2152 295 2205 satis
317 2157 367 2217 est,
397 2159 426 2206 et
446 2153 475 2205 ia
501 2153 624 2206 evidenti
652 2153 755 2222 posita.
782 2154 928 2224 Siquidem

79 2258 172 2294 annus
188 2241 289 2294 solaris
304 2242 440 2294 trecentis
450 2243 598 2311 sexaginta
614 2244 742 2313 quinque
753 2243 853 2297 diebus
868 2260 930 2313 per·

77 2330 195 2400 agitur;
210 2330 314 2382 horum
329 2330 440 2383 dieram
457 2329 595 2384 decimam
612 2330 635 2382 si
656 2346 795 2394 assumas,
813 2331 931 2401 triginta

79 2435 128 2471 sex
146 2419 209 2471 dies
228 2417 348 2471 habebis
363 2435 369 2471 :
383 2418 520 2487 jubemur
536 2424 631 2473 autem
649 2418 781 2472 laborum
805 2418 930 2474 decimas

81 2511 248 2560 nostrornm
266 2505 368 2560 offerre
394 2507 524 2561 Domino.
542 2507 602 2560 Noa
617 2506 707 2578 igitur
721 2506 865 2561 immerito
880 2509 930 2562 de·

78 2599 168 2649 cimas
184 2597 272 2648 etiam
289 2595 401 2648 dieram
418 2596 459 2649 illi
476 2595 630 2657 offerimus,
648 2601 678 2649 nt
694 2597 744 2667 qui
759 2596 847 2650 totins
861 2597 930 2651 anni

79 2685 175 2753 spatio
206 2682 288 2737 nubis
313 2684 446 2749 atrimae,
474 2683 542 2738 anni
569 2685 695 2738 decimas
719 2685 761 2739 itti
784 2686 930 2741 atterendo

79 2775 207 2838 dierum,
232 2771 356 2826 Domino
377 2774 523 2825 vivamus:
551 2777 582 2826 ut
607 2772 708 2827 delicta
731 2790 795 2845 quaa
819 2791 871 2844 per
889 2784 928 2830 to-

78 2867 141 2914 tam
169 2877 277 2915 annum
302 2860 473 2914 admisimus
496 2861 579 2915 nohis
612 2861 743 2930 vivendo,
774 2879 929 2934 purgemus

78 2966 131 3020 per
146 2951 202 3003 hoe
220 2950 340 3005 Domino
355 2950 414 3003 dies
429 2951 589 3004 serviendo.

115 3038 172 3093 Sed
201 3040 269 3108 quia
297 3039 434 3109 perpauci
461 3046 529 3094 sunt
555 3039 586 3093 iu
617 3040 768 3095 Occidente
797 3043 846 3113 qui
871 3060 931 3099 non

78 3128 271 3198 quadraginta
284 3127 345 3180 dies
361 3133 427 3181 anta
445 3127 551 3181 Pascha
571 3127 733 3199 jejunando
756 3131 928 3201 compleant,

79 3216 145 3269 hinc
161 3215 247 3269 etiam
262 3231 347 3269 cansa
368 3216 513 3270 reddenda
538 3221 590 3283 est,
616 3234 673 3288 qua
695 3219 799 3272 factum
822 3225 873 3285 est,
898 3225 930 3275 ut

78 3304 272 3376 quadraginta
286 3304 399 3358 dierum
424 3321 545 3359 numero
566 3305 624 3359 sint
638 3307 773 3361 contenti.
799 3307 930 3378 Seposita

78 3393 170 3462 igitur
201 3394 371 3447 auctoritate
404 3392 447 3446 vel
483 3394 647 3464 evangeliea
675 3395 719 3448 vei
744 3395 838 3466 legali,
872 3413 928 3466 qua

77 3483 217 3535 docemur
235 3481 382 3536 evidenter
395 3481 586 3553 quadraginta
601 3483 662 3537 dies
676 3499 728 3537 nos
740 3482 852 3553 jejunio
864 3483 926 3538 iore

78 3571 303 3641 mancipandos:
320 3569 464 3641 siquidem
486 3576 554 3625 sunt
573 3571 671 3625 decem
696 3577 838 3642 praecepta
857 3572 929 3640 legis

77 3661 184 3730 quibus
199 3659 305 3713 servire
327 3658 522 3729 praecipimur,
540 3659 697 3713 secundum
722 3659 851 3713 instituta
875 3661 927 3713 l'e-

77 3747 145 3800 teris
179 3746 365 3814 Testamenti,
390 3752 418 3800 et
442 3752 566 3818 quatuor
591 3746 752 3818 Evangelia,
778 3748 884 3819 quibas
899 3749 927 3802 in

45 3900 48 3904 ,
76 3837 234 3889 novitatem
264 3835 328 3889 vitae
363 3835 543 3890 deducimur.
581 3835 688 3899 Ouater
728 3836 834 3890 etenim
861 3835 927 3890 deni

76 3924 341 3994 quadragenarium
376 3923 553 3994 perficiunt:
589 3928 617 3977 et
640 3923 837 3994 unusquisque
872 3925 926 3978 llo·

76 4012 157 4066 mino
173 4011 300 4066 servieus
322 4010 357 4066 ad
380 4011 564 4082 perfectionis
588 4027 730 4065 summam
753 4012 861 4065 venisse
879 4029 928 4066 co·

76 4100 237 4171 gnoscitur,
252 4100 276 4154 si
291 4101 383 4171 legale
400 4101 572 4171 [lecatogum
590 4100 734 4171 Evangelii
753 4100 927 4170 perfectione

77 4189 265 4261 suppleverit.
304 4189 420 4244 Constat
457 4192 542 4243 etiam
577 4189 664 4243 homo
692 4195 826 4260 quatuor,
855 4189 928 4243 sicut

984 2163 1044 2212 tum
1072 2158 1218 2212 insinuare
1233 2158 1376 2228 possunt?
1391 2159 1438 2211 Est
1460 2156 1537 2210 enim
1553 2155 1639 2222 istud,
1656 2156 1729 2210 sicut
1743 2163 1771 2209 et
1787 2173 1833 2210 re-

984 2245 1063 2317 liqua
1088 2247 1188 2312 multa,
1211 2244 1392 2315 singularum
1421 2245 1628 2299 consuetudine
1662 2244 1832 2321 derelictum

985 2335 1182 2400 Ecclesiarum,
1209 2339 1241 2387 ut
1265 2341 1473 2404 prorespectu
1498 2335 1641 2403 majorum
1665 2334 1765 2403 capitis
1785 2350 1832 2388 co·

984 2440 1072 2489 mam,
1090 2423 1149 2476 sive
1164 2422 1294 2483 barbam,
1309 2424 1352 2475 vet
1367 2421 1506 2487 nutriant,
1531 2423 1574 2476 vel
1598 2421 1744 2476 tondeant.
1763 2421 1833 2476 atiis

983 2511 1126 2582 siquidem
1142 2528 1205 2565 mos
1219 2510 1294 2564 inest
1311 2511 1430 2564 barbam
1443 2526 1491 2563 seu
1507 2515 1593 2581 caput
1608 2510 1746 2564 tondere:
1762 2526 1833 2564 uon·

984 2600 1071 2655 nullis
1083 2615 1151 2654 vero
1173 2598 1292 2653 barbam
1308 2598 1425 2669 quidem
1445 2615 1501 2652 aon
1517 2598 1648 2665 tondere,
1665 2606 1751 2668 caput
1767 2614 1832 2653 vero

984 2689 1061 2742 crine
1075 2692 1167 2742 totum
1184 2687 1311 2742 nudare:
1332 2685 1479 2741 nonnullis
1505 2692 1601 2740 autem
1616 2688 1709 2757 placet
1731 2686 1832 2740 faciem

984 2778 1050 2847 pitis
1073 2777 1207 2830 omnihus
1231 2776 1366 2845 spoliare,
1383 2775 1518 2829 verticem
1538 2774 1639 2845 capitis
1664 2774 1831 2845 capillorum

984 2865 1117 2920 tonsione
1133 2866 1292 2935 detergere,
1307 2864 1405 2918 relicta
1420 2864 1588 2933 capillorum
1603 2867 1685 2933 parte
1709 2880 1774 2934 qaae
1791 2863 1832 2917 in·

947 2960 1026 3030 Cter
1042 2953 1140 3008 nirdati
1165 2953 1278 3007 verticis
1306 2957 1402 3022 partes
1425 2957 1454 3004 et
1475 2956 1606 3022 tempora
1633 2950 1772 3004 consistit.
1796 2953 1832 3004 At

985 3058 1051 3096 vero
1068 3042 1185 3114 quidam
1200 3039 1318 3095 barbam
1341 3055 1400 3093 nou
1424 3039 1587 3107 attondent,
1603 3043 1688 3108 caput
1709 3054 1776 3091 vcro
1798 3053 1830 3090 er

984 3135 1063 3201 parte
1080 3130 1209 3195 tondeat,
1227 3134 1255 3182 et
1272 3128 1424 3183 detonsum
1439 3143 1472 3180 ex
1487 3130 1567 3196 perte
1584 3125 1760 3195 relinquunt.
1785 3126 1832 3180 Est

983 3218 1101 3288 quidem
1120 3217 1355 3272 isteclericorum
1371 3214 1486 3269 habitus
1510 3230 1567 3268 non
1591 3214 1744 3267 uniformis
1763 3229 1831 3266 cuu-
1889 3211 1894 3224 “
1941 3285 1945 3293 Ι

983 3306 1034 3361 ctis
1050 3306 1186 3371 ecclesiis,
1202 3306 1251 3360 sed
1276 3321 1328 3375 pro
1345 3302 1552 3358 cousuetudine
1574 3302 1717 3372 majorum
1736 3301 1831 3356 varius

982 3401 1068 3467 atque
1083 3396 1230 3461 diversus;
1250 3411 1302 3448 nec
1323 3392 1390 3447 hinc
1416 3391 1571 3463 aliquando
1600 3393 1677 3445 inter
1699 3389 1831 3445 ecclesias

982 3486 1027 3539 vel
1042 3483 1246 3546 Occidentales,
1270 3482 1314 3537 rel
1336 3481 1494 3537 Orientales
1520 3479 1663 3534 contentio
1687 3482 1754 3533 nata
1777 3483 1829 3545 est,

982 3573 1030 3626 sed
1042 3578 1198 3628 tenraeruut
1213 3572 1336 3642 singulae
1352 3570 1428 3641 qnod
1445 3568 1533 3623 suisa
1552 3568 1710 3639 majoribus
1733 3583 1830 3620 susce·

983 3677 1050 3732 pere
1062 3677 1068 3728 ;
1082 3662 1126 3714 vel
1135 3662 1212 3730 quod
1224 3659 1436 3731 provinciarum
1447 3674 1516 3712 usus
1533 3658 1629 3727 potius
1646 3656 1827 3727 approbavit.

1018 3748 1175 3818 Redarguit
1200 3749 1347 3818 apostotus
1371 3747 1475 3801 Paulus
1499 3745 1663 3799 Corinthios
1686 3745 1761 3816 quod
1778 3743 1830 3797 viri

982 3837 1099 3909 quidem
1115 3837 1159 3890 vel
1174 3851 1286 3890 comam
1311 3835 1485 3896 nutriebant,
1502 3833 1545 3887 vel
1562 3833 1655 3904 capita
1678 3832 1829 3898 velabant;

982 3924 1117 3980 mulieres
1133 3927 1228 3978 autem
1244 3940 1296 3977 nec
1311 3922 1404 3993 capita
1415 3921 1557 3988 velabant,
1574 3938 1627 3975 nec
1641 3937 1752 3974 comam
1777 3937 1829 3973 nu·

980 4014 1113 4069 triebant.
1145 4015 1213 4078 Quae
1244 4012 1423 4065 cousuetudo
1456 4011 1523 4081 jure
1547 4008 1770 4080 reprehenditur
1792 4007 1829 4062 ab

982 4103 1119 4173 Apostolo
1132 4118 1138 4168 ;
1151 4101 1289 4173 quoniam
1301 4099 1355 4154 etsi
1370 4097 1524 4153 Corinthiis
1534 4097 1684 4152 videbatur
1694 4095 1828 4166 probabi·

982 4192 1025 4256 lis,
1044 4196 1155 4246 naturae
1170 4196 1266 4244 tamen
1288 4188 1444 4260 apparebat
1459 4186 1673 4241 inconveniens.
1689 4185 1721 4239 Et
1735 4200 1786 4238 cur
1800 4183 1828 4239 id

78 4277 205 4331 mundus
218 4277 379 4332 elementis.
396 4279 428 4332 Et
443 4278 582 4350 quoniam
603 4278 776 4348 tlecalogum
788 4278 860 4348 legis
874 4294 925 4350 per
946 4276 966 4329 D
981 4279 1206 4350 reprehenderit,
1231 4294 1345 4332 eausam
1371 4276 1521 4331 evidenter
1553 4274 1689 4341 ostendit,
1712 4273 1826 4328 dicens:

77 4365 172 4420 muita
187 4366 425 4437 transgredimur,
453 4384 566 4422 necesse
591 4371 634 4420 est
657 4372 688 4421 ut
712 4367 927 4438 quaterdecies

77 4470 130 4508 nos
145 4454 302 4525 affligendo
315 4455 486 4510 delictorum
500 4455 614 4510 veniam
633 4471 853 4526 consequamur.

113 4542 182 4597 llaec
208 4543 299 4615 igitur
319 4549 462 4598 causaest
481 4559 532 4597 cnr
556 4543 695 4614 placuerit
718 4544 852 4598 Romanis
876 4561 926 4599 seu

78 4633 185 4688 haurris
197 4633 329 4705 jeiunara
352 4635 545 4706 quadraginta
558 4635 618 4689 dies
634 4638 699 4689 ante
715 4634 821 4689 Pascha
837 4651 844 4701 ;
862 4650 926 4705 quae

75 4737 142 4775 cum
166 4722 308 4792 religiosa,
334 4728 396 4777 tom
418 4723 479 4777 fore
503 4723 623 4793 mystica
646 4723 861 4793 comprobatur,
886 4723 927 4776 sic

75 4815 108 4863 ut
132 4810 263 4880 superius
288 4814 435 4865 ostensum
452 4815 503 4865 est.
529 4810 578 4863 Est
597 4810 685 4880 igitur
701 4816 730 4864 et
750 4810 812 4864 haee
827 4826 924 4880 reprc-

75 4897 177 4951 hensio
200 4897 351 4968 jejunandi
375 4914 464 4971 super
493 4899 739 4953 hebdomadarum
772 4914 925 4952 numeram

74 4991 142 5039 ante
170 4986 277 5041 Pascha
303 4994 332 5040 et
359 4986 476 5057 injusta,
503 4992 531 5041 et
553 4988 632 5041 nullo
656 4987 777 5041 rationis
801 4989 926 5058 pondere

74 5073 210 5129 suffulta:
227 5081 406 5147 quapropter
426 5092 478 5146 pro
502 5076 593 5130 nihilo
616 5075 757 5144 ducenda,
781 5075 834 5131 nisi
851 5077 925 5146 qnod

73 5162 208 5227 charitas,
224 5179 290 5234 qua‘
305 5169 411 5233 praeter
424 5164 567 5218 rationem
583 5163 927 5235 objectadeprehendnn-

72 5257 145 5318 tur;
172 5257 318 5323 quatenus
344 5251 459 5324 cognita
483 5252 606 5320 ratione,
633 5252 843 5323 reprehendere
867 5268 926 5306 non

104 5462 118 5490 ¹
132 5447 234 5517 Capita
250 5450 323 5501 ueste
345 5449 510 5516 cooperiant.
536 5447 640 5502 Locum
666 5448 743 5502 hune
766 5447 851 5501 velim
876 5463 926 5501 cx·

67 5519 211 5591 pendam,
228 5517 328 5591 quide
345 5517 523 5574 vestimentis
543 5519 750 5574 monachorum
765 5518 922 5590 disputant.

986 4371 1033 4422 t'ir
1050 4368 1159 4438 quidem
1179 4383 1232 4421 iton
1263 4367 1339 4419 debet
1359 4366 1449 4419 vetare
1472 4368 1554 4432 caput
1588 4378 1676 4428 suum,
1701 4363 1829 4430 quonium

981 4461 1069 4526 imago
1083 4462 1108 4511 ct
1122 4457 1211 4523 gioria
1233 4458 1280 4509 liei
1295 4459 1335 4508 ost
1346 4455 1371 4522 (l
1386 4455 1445 4510 Cor.
1463 4469 1502 4517 11,
1519 4453 1556 4522 7).
1572 4452 1631 4506 Car
1645 4455 1740 4505 autem
1764 4467 1828 4509 rnu-

982 4547 1034 4599 tier
1059 4545 1161 4598 debeat
1180 4543 1224 4596 vel
1248 4557 1360 4596 comam
1386 4540 1506 4608 nutrire,
1532 4540 1573 4593 vel
1606 4542 1692 4607 caput
1724 4537 1827 4607 velare,
1921 4563 1928 4587 e

980 4649 1093 4688 causam
1111 4631 1243 4686 similiter
1257 4630 1366 4696 edocet,
1391 4629 1507 4683 dicens:
1534 4628 1615 4683 Debet
1631 4628 1727 4681 mittier
1754 4633 1828 4697 pote-

980 4728 1076 4776 statem
1103 4721 1200 4776 tiobere
1234 4735 1316 4788 super
1338 4722 1420 4787 eaput
1451 4721 1563 4787 propter
1592 4717 1701 4785 onqetoa
1725 4715 1826 4785 (laid,

979 4809 1034 4879 20).
1053 4811 1123 4865 ltine
1137 4809 1226 4878 igitur
1239 4807 1419 4861 considerent
1440 4804 1534 4859 elerici
1560 4805 1609 4876 qui
1625 4803 1743 4858 barbam
1766 4802 1829 4872 qui·

980 4899 1045 4952 dem
1060 4898 1231 4962 nutrientes,
1247 4902 1276 4950 at
1297 4911 1364 4949 vero
1379 4898 1466 4964 eaput
1484 4894 1599 4964 penitus
1618 4891 1728 4961 capitiis
1749 4888 1827 4943 omni

980 5003 1010 5040 aa
1028 4985 1242 5058 perierandum,
1268 4988 1295 5038 et
1311 4985 1353 5037 vel
1374 4983 1430 5036 rim
1447 4982 1562 5053 frigoris
1577 4980 1620 5034 vel
1636 4979 1737 5033 caloris
1754 4977 1827 5031 terre

980 5093 1038 5129 non
1067 5072 1203 5138 valentes,
1227 5073 1270 5127 vel
1290 5072 1387 5142 potius
1411 5069 1576 5141 hujusmodi
1599 5065 1828 5135 deturpationem

980 5164 1095 5218 habitus
1106 5168 1250 5233 utcunque
1266 5162 1357 5215 celare
1372 5161 1511 5225 volentes,
1527 5157 1620 5227 capita
1637 5162 1713 5208 veste
1729 5168 1829 5223 coope-

980 5253 1059 5308 riunt
1068 5265 1091 5318 ⁸,
1102 5267 1138 5304 an
1153 5255 1251 5305 contra
1261 5254 1438 5320 preceptum
1451 5245 1637 5318 apostolicum
1650 5241 1746 5296 venire
1756 5257 1829 5296 com·

980 5447 1048 5500 Nam
1066 5461 1130 5499 cum
1147 5461 1256 5498 morem
1277 5458 1377 5498 eorum
1399 5441 1449 5512 qui
1464 5439 1555 5509 capita
1570 5436 1686 5504 radunt,
1702 5452 1735 5491 ao
1751 5440 1828 5491 reste

979 5515 1148 5589 cooperiunt
1161 5513 1294 5586 redargui
1307 5520 1451 5583 utcunque
1468 5524 1549 5580 posse
1565 5512 1681 5563 moueat
1694 5508 1825 5564 Hatram·
