3930 6098
103 292 152 344 631
645 282 900 339 wurtbntaaurt
921 282 1135 341 I‘IIUIIIENSIS
1153 281 1311 340 donatist

106 422 277 478 llumcntem
290 416 377 471 volvit
391 413 513 470 breviori
524 413 639 468 tramite
654 412 804 482 Phoebum,

966 415 988 468 Α
1004 413 1185 485 antiquaque
1201 412 1303 468 fricant
1316 412 1477 468 soIIdandes
1492 413 1593 468 arbore
1608 417 1711 480 costes,

105 508 233 573 Quetuor
260 504 387 559 extendit
420 502 571 557 retrahens
604 517 691 574 quum
721 502 838 556 brachia
865 501 948 556 flem—
1003 503 1594 558 CetIneoletometuuutrenabulaferro.

883 588 949 661 [mis
1002 592 1084 658 Quod
1097 596 1234 663 superest,
1249 608 1332 647 curas
1342 592 1463 664 genialis
1478 607 1547 646 cura
1562 592 1709 647 resolvens

103 683 236 753 Scorpius
248 682 408 746 ardentem,
421 681 503 751 juxta
517 680 727 752 Erigonemque
743 678 891 750 relinquit.

104 773 182 828 Ilunc
197 787 326 826 mensem
337 770 431 841 plenis
448 770 569 840 supplex
582 769 729 824 vindemia
745 769 841 836 labris,

1003 681 1136 736 Dulcibus
1149 681 1185 735 ad
1200 681 1327 752 requieur
1347 680 1487 735 illecebris
1510 685 1600 749 vocat,
1624 680 1741 735 horride
1764 697 1814 752 pos

1751 768 1814 841 [qne

103 861 241 916 Omnibus
278 865 364 931 etque
396 858 470 912 arvis
502 857 579 913 mitis
609 874 673 929 quae
707 857 862 930 pampinus
901 872 947 912 or·
1003 857 1448 913 Ruralemcohibeutventorum
1464 855 1707 912 flabraleborem.

876 944 947 1019 [net
1002 945 1073 1000 Tum
1090 946 1186 1001 dulces
1201 947 1271 1013 ludi,
1288 951 1408 1017 tumque
1423 950 1466 1000 est
1475 945 1656 1016 gratissimus
1666 945 1751 1016 Ignis,

104 1038 235 1110 Undique
250 1037 400 1092 conductis
414 1037 523 1090 fervent
536 1037 630 1090 vineta
645 1037 775 1091 colonis:

104 1129 137 1185 lli
151 1128 226 1183 ferro
240 1126 324 1181 mites
340 1125 456 1181 caedunt
468 1126 502 1180 do
517 1125 636 1195 palmite
652 1125 769 1188 fructus,

102 1217 259 1286 Congestos
274 1214 402 1269 humeris
417 1213 446 1268 hi
462 1213 589 1284 gaudent
604 1213 678 1266 ferre
693 1228 831 1279 racemos,

104 1304 228 1374 Longius
238 1303 267 1357 hi
280 1302 372 1358 ductis
387 1305 539 1373 exportant
553 1301 628 1355 vitea
642 1301 781 1371 plaustris

102 1391 228 1457 Munera,
242 1395 271 1444 at
284 1389 313 1444 hi
328 1389 428 1444 aelidis
443 1390 565 1459 praelum
580 1395 715 1460 torquere
732 1388 844 1443 lacertis

104 1481 222 1546 Instant,
240 1495 272 1533 ae
288 1478 364 1533 dulci
375 1477 543 1533 distendunt
558 1477 660 1531 robora
677 1481 780 1531 mirato.

105 1569 137 1622 lli
150 1583 263 1639 quoque
274 1567 317 1621 rel
332 1572 442 1620 veteres
456 1566 617 1620 Instaurant
633 1565 759 1637 undique
774 1580 876 1636 cupas,

104 1655 289 1711 Sufficiuntva
305 1671 392 1709 novas
406 1655 497 1709 solido
510 1654 545 1709 de
561 1653 674 1718 robore,
689 1659 825 1710 cunctum

106 1745 225 1800 Provida
239 1743 304 1815 quis
320 1743 388 1797 anui
403 1743 538 1798 claudant
552 1742 668 1797 cellaria
680 1743 791 1797 riuum.

1004 1040 1096 1106 Atque
1111 1051 1186 1089 noro
1201 1035 1326 1089 oblectat
1336 1050 1469 1089 somnum
1481 1034 1603 1088 iuvitare
1618 1035 1701 1106 lyoeo.

1305 1175 1349 1228 DE
1369 1174 1552 1230 becedam.

1005 1298 1167 1350 Extremum
1180 1295 1294 1350 bissena
1307 1297 1383 1366 regit
1398 1311 1473 1350 nuuc
1489 1295 1564 1349 linea
1573 1311 1715 1361 mensem,

1003 1385 1093 1449 Quem
1108 1384 1250 1438 decirnum
1267 1389 1382 1438 auctore
1395 1383 1507 1454 scripsit
1521 1400 1595 1438 nora
1613 1385 1705 1440 Roma
1718 1385 1814 1450 Quirin

1006 1474 1124 1528 Numine
1139 1474 1188 1545 qui
1204 1490 1356 1528 numerum
1373 1478 1401 1527 et
1413 1473 1527 1528 nimbos
1541 1474 1670 1544 desIgnat
1686 1476 1794 1543 eodem,

1004 1564 1083 1618 Nunc
1098 1563 1183 1616 etiam
1201 1562 1295 1618 lIartis
1310 1562 1403 1617 dictus
1416 1563 1451 1616 de
1468 1578 1564 1616 meuse
1579 1564 1755 1630 December;

1003 1651 1169 1705 Arcitenens
1179 1650 1317 1706 Phoebum
1333 1650 1461 1722 angustis
1477 1651 1524 1705 cui
1538 1650 1669 1706 cursibus
1683 1653 1773 1722 eIIert,

971 1715 990 1768 Β
1005 1740 1105 1794 Tarnis
1119 1755 1151 1794 ac
1164 1739 1244 1794 denis
1259 1739 1433 1810 praefulgens
1443 1738 1558 1810 ignibus
1572 1756 1639 1794 uua.

106 1833 181 1887 Idem
207 1848 289 1886 amor
315 1831 444 1886 ascendit
470 1834 596 1898 cunctos,
627 1831 786 1902 eademque
815 1846 868 1902 per
890 1847 950 1886 om·
1005 1830 1063 1884 lloo
1083 1827 1728 1896 menseaustralemcoelidemissusiuaxem,

890 1917 951 1992 [nes
1005 1916 1171 1987 Exiguoque
1185 1917 1286 1971 orbem
1301 1917 1481 1987 perlustrans
1495 1916 1611 1970 tramite
1627 1923 1757 1972 nostrum

107 2010 131 2063 lt
145 2024 223 2073 cure,
241 2012 269 2062 et
281 2008 412 2080 requiem
427 2007 506 2062 fessis
521 2007 563 2060 ris
577 2007 639 2078 ipse
649 2007 756 2061 referre

105 2098 164 2151 Nox
178 2097 261 2163 valet,
278 2102 446 2167 exercetque
466 2112 566 2150 omnes
583 2096 662 2149 labor
678 2112 751 2150 unus
761 2093 896 2151 habendi

102 2187 179 2240 Tunc
189 2185 276 2239 etiam
291 2184 369 2239 leuto
383 2189 509 2238 mustum
526 2189 659 2254 congesta
670 2200 775 2254 vapore

1005 2005 1064 2070 Sol,
1079 2006 1184 2061 iterum
1199 2003 1234 2059 ed
1252 2005 1368 2059 boream
1381 2005 1521 2059 convertit
1534 2005 1646 2059 IumIna
1656 2007 1772 2062 celsum.

1006 2095 1063 2148 Hoc
1077 2095 1164 2148 etiam
1172 2094 1294 2148 hiberno
1310 2099 1401 2149 terras
1416 2099 1516 2148 urente
1531 2093 1639 2166 rigore,

1005 2182 1126 2238 llaxIma
1141 2199 1194 2237 nox
1209 2181 1328 2236 modicae
1339 2186 1489 2237 causantes
1499 2199 1620 2237 munera
1635 2183 1708 2238 lucis

105 2276 233 2329 Flamma
250 2273 358 2345 coquit,
377 2288 550 2344 spumasque
569 2273 690 2328 undanti
706 2273 829 2328 effundit
846 2275 949 2339 aheno,
1006 2271 1151 2342 Agricolas
1166 2271 1251 2340 foret,
1267 2270 1371 2325 oblitos
1385 2271 1560 2342 tandemque
1575 2271 1693 2339 laboris,

105 2364 243 2434 claraque
254 2362 430 2433 praedulcem
445 2368 558 2416 servant
573 2362 612 2416 sIc
626 2362 690 2416 riou
705 2378 849 2433 saporem,

104 2451 213 2520 Jejunis
226 2451 342 2505 demum
357 2449 469 2505 facilem
481 2451 668 2521 praebentque
683 2450 836 2506 medelam.

104 2543 183 2594 Tunc
198 2556 313 2611 quoque
328 2539 481 2594 contritum
499 2540 575 2594 mola
588 2545 713 2593 vertente
731 2539 824 2610 sinapi

106 2628 226 2683 Prodest
243 2643 362 2681 uvarum
374 2626 468 2698 primo
483 2627 602 2681 miscere
617 2626 734 2698 liquori,

108 2717 178 2769 Ilino
193 2715 292 2785 epulas
306 2715 380 2785 grati
395 2713 523 2769 referent
533 2719 565 2769 ut
577 2713 680 2769 deiude
697 2731 823 2786 sapores.

106 2806 164 2859 lloc
180 2810 208 2858 et
226 2820 323 2858 meuse
338 2819 402 2858 sues
416 2803 487 2857 lucis
502 2804 636 2858 inducere
649 2809 774 2874 tempus,

106 2891 213 2945 llaturo
228 2889 378 2944 hibernam
394 2889 529 2960 frangant
545 2894 576 2943 ut
590 2894 718 2959 tempore
733 2888 879 2959 glandem.

401 3031 445 3086 on
467 3030 655 3087 uoveuour.
720 3103 722 3110 Ι

104 3156 278 3211 Undecimus
293 3172 397 3227 magno
411 3155 619 3211 nuncurrlvitur
635 3156 704 3210 orbe
723 3154 891 3222 November,

105 3251 186 3302 Anno
201 3261 288 3318 quem
299 3261 408 3300 nonum
424 3246 543 3316 antiquo
555 3244 650 3299 dixere
666 3248 809 3315 parentes,

1007 2360 1193 2430 Ingratosque
1206 2359 1259 2414 sibi
1277 2359 1395 2413 blandus
1410 2375 1496 2429 sopor
1511 2359 1613 2430 irriget
1626 2363 1712 2413 artus.

1007 2449 1062 2502 Nec
1077 2453 1174 2503 umen
1187 2448 1336 2503 Imbrifero
1351 2449 1455 2502 desunt
1468 2464 1520 2502 sua
1535 2464 1657 2503 munere
1670 2448 1772 2517 mensI,

1007 2538 1062 2590 Nec
1076 2537 1178 2608 gelidis
1188 2538 1266 2608 cogit
1281 2537 1396 2608 penitus
1411 2553 1520 2591 cessare
1535 2536 1586 2590 sub
1599 2537 1679 2591 euris

1004 2628 1139 2697 Tempus,
1157 2630 1185 2680 et
1196 2626 1225 2679 in
1236 2626 1336 2679 faciem
1351 2625 1435 2679 tellus
1448 2629 1578 2679 contecta
1592 2625 1730 2681 nivosam.

1003 2716 1075 2769 l’um
1089 2730 1203 2785 quoque
1220 2729 1285 2768 cum
1296 2714 1400 2784 pluviis
1413 2730 1530 2785 campus
1543 2719 1685 2785 ventoque
1700 2714 1814 2769 modesti

1007 2804 1126 2857 vomere
1140 2803 1223 2873 gleba
1238 2803 1336 2874 jacens
1348 2803 1484 2857 sulcanda
1499 2807 1552 2871 est,
1567 2802 1675 2858 hordea
1690 2802 1805 2858 demum

1007 2891 1067 2955 Oua
1080 2907 1184 2954 serere,
1204 2892 1360 2945 autlretum
1376 2891 1454 2962 cupit
1469 2907 1600 2945 exercere
1613 2892 1749 2961 legumen

971 3013 991 3067 C
1006 2979 1146 3050 Agricola,
1162 2979 1404 3051 Immundumque
1416 2980 1517 3033 limum
1528 2980 1636 3051 jactare
1649 2995 1702 3050 per
1718 2995 1798 3051 agros

1006 3069 1078 3122 'lium
1093 3068 1177 3122 licet:
1195 3073 1224 3122 at
1238 3084 1303 3122 curn
1315 3073 1392 3122 terra
1404 3068 1499 3122 hebeti
1516 3073 1632 3140 torpore
1646 3068 1772 3140 rigescit,

1005 3156 1092 3210 ldulta
1105 3155 1184 3210 domi
1197 3161 1295 3211 tumen
1310 3161 1338 3210 et
1348 3156 1428 3210 tectis
1445 3171 1601 3226 properare
1616 3156 1669 3210 sub
1680 3156 1760 3226 Ipsis,

1005 3245 1066 3299 ldox
1081 3248 1171 3309 vacat,
1187 3243 1310 3314 algentis
1327 3246 1453 3299 relevent
1467 3260 1532 3316 quae
1543 3244 1653 3315 frIgora
1669 3245 1787 3299 brume.

106 3335 142 3388 Ex
153 3350 273 3388 numero
284 3338 370 3405 atque
380 3333 466 3387 imbri
477 3333 604 3403 priunum
619 3348 783 3403 nomenque
794 3335 950 3388 retentans.
1006 3332 1125 3387 fletibus
1141 3332 1207 3386 bide
1221 3333 1314 3387 varias
1329 3333 1423 3404 pelugi
1433 3348 1568 3403 prensare
1585 3333 1725 3401 volucres,

106 3423 239 3493 Scorpius
252 3421 319 3476 huic
332 3421 414 3477 danis
425 3421 534 3490 pariter
549 3421 635 3475 micat
649 3427 735 3491 etque
749 3420 870 3475 novenis

1005 3425 1062 3474 Aut
1072 3420 1133 3491 igni
1149 3425 1177 3475 et
1193 3421 1287 3475 sonItu
1304 3437 1357 3492 per
1367 3437 1482 3492 campos
1497 3421 1607 3488 fallere,
1620 3421 1679 3476 sire

106 3509 212 3576 Stellis,
236 3510 284 3564 sed
299 3508 424 3564 flamma
444 3525 520 3563 nunc
543 3509 656 3564 Librum
677 3516 801 3580 quatuor
819 3508 950 3580 implent,
1006 3508 1159 3563 Lentendis
1173 3525 1225 3564 usu
1236 3508 1350 3581 pedicas
1364 3513 1464 3579 aptare
1479 3514 1627 3580 repertum

106 3600 253 3650 latrorum
264 3595 368 3651 cultrix
381 3595 481 3650 Chelas
496 3612 567 3666 ques
577 3595 704 3666 repperit
719 3601 799 3664 retas,

107 3685 161 3739 Ter
170 3683 316 3755 quinoque
331 3684 412 3739 ardet
427 3700 502 3738 nuuc
514 3688 626 3738 tantum
642 3684 774 3756 Scorpius
788 3684 865 3756 Igne.

106 3773 164 3827 Iloc
175 3788 272 3827 mense
285 3777 440 3827 autumnus
454 3773 543 3827 hiemi
561 3773 698 3828 decedere
713 3773 792 3828 durae

107 3860 221 3931 lnprit,
237 3864 265 3915 et
276 3860 377 3932 gelidis
394 3861 556 3915 conflentur
569 3861 678 3931 frigora
691 3862 795 3931 ventis,

106 3952 178 4003 Aere
195 3949 245 4003 sed
260 3948 349 4004 dubio
366 3948 506 4003 diversam
519 3954 595 4003 terra
609 3948 733 4019 figuram

107 4037 247 4108 Concipit,
264 4038 294 4091 iu
311 4037 421 4108 pluvius
436 4037 559 4108 zephyro
573 4053 649 4091 nunc
663 4037 750 4091 flante
764 4038 868 4107 soluta,

107 4127 186 4180 Nunc
202 4127 289 4180 borea
304 4125 334 4179 in
350 4125 474 4196 rIgidem
490 4125 613 4196 speciem
629 4131 761 4179 concreta
773 4126 897 4182 furente.

109 4213 178 4267 iiiuc
193 4229 258 4267 cum
273 4212 344 4267 forte
359 4212 431 4267 datis
442 4212 508 4267 licet
523 4228 652 4267 exercere
666 4214 719 4268 sub
734 4215 810 4268 auris

107 4301 234 4367 Terram,
252 4299 399 4371 proscissis
414 4300 593 4354 committere
609 4301 717 4355 semina
732 4302 841 4372 campis

109 4388 233 4454 Prodest,
250 4392 390 4442 autumno
404 4395 541 4459 superant
555 4405 620 4460 quae
630 4390 703 4444 forte
719 4395 845 4460 peracto,

107 4479 321 4548 porcorumque
336 4492 438 4549 greges
447 4476 524 4531 silvis
539 4492 724 4532 consuescere
737 4477 821 4545 foetis,

107 4566 179 4620 Dum
193 4565 331 4636 pinguem
343 4570 427 4619 vento
442 4564 544 4620 tribuit
559 4571 710 4637 quassante
724 4566 837 4621 ruiuam

106 4654 243 4722 Quercus,
257 4659 284 4708 et
295 4652 384 4708 effuse
396 4658 564 4708 sternuntur
575 4670 693 4709 nemora
707 4654 823 4726 glande.

106 4744 184 4798 Tunc
196 4747 224 4797 et
239 4758 309 4813 apro
325 4742 402 4797 silvis
415 4747 535 4798 curaest
550 4759 637 4814 quam
655 4747 779 4798 maxima
794 4743 880 4798 duros

106 4831 250 4900 Quaerere,
266 4836 336 4886 etex
353 4831 417 4886 luco
430 4830 550 4887 canibus
560 4832 717 4904 producere
732 4832 826 4903 nIgro,

107 4920 181 4974 Dum
192 4919 300 4973 validos
312 4920 419 4974 crebris
434 4921 600 4991 praedurant
611 4920 715 4976 ictibus
728 4936 834 4986 armos,

1005 3597 1220 3652 Amnibushiuc
1235 3598 1321 3652 ctiam
1340 3597 1457 3668 piscosis
1469 3614 1577 3668 ponere
1587 3602 1679 3652 crates

1004 3685 1159 3752 vimineas,
1170 3686 1331 3758 densosque
1345 3686 1382 3740 ed
1394 3686 1491 3741 littora
1506 3686 1595 3756 ligere
1610 3687 1712 3750 fasces,

1004 3773 1066 3838 Qua
1081 3774 1153 3829 vado
1169 3775 1303 3845 rapidum
1315 3775 1505 3847 tranquillant
1515 3775 1639 3829 flumina
1650 3791 1767 3830 cursum

901 3918 904 3929 ,
1007 3863 1176 3930 Inventum,
1194 3863 1308 3917 facilem
1327 3864 1441 3934 capiant
1452 3868 1483 3917 ut
1498 3863 1571 3917 retia
1584 3863 1726 3934 predam.

1008 3953 1064 4005 IIoc
1078 3951 1130 4005 sub
1143 3968 1241 4006 meuse
1255 3968 1320 4005 sues
1333 3956 1414 4023 pasta
1425 3953 1486 4024 jam
1504 3953 1607 4023 glande
1623 3952 1780 4022 madentes,

1008 4038 1136 4093 Distento
1151 4044 1179 4094 et
1191 4038 1306 4110 plenam
1323 4044 1516 4096 monstrantes
1531 4046 1631 4095 ventre
1645 4041 1784 4111 saginam,

1007 4127 1131 4195 Credere,
1165 4132 1193 4182 et
1225 4128 1260 4183 ad
1282 4128 1410 4199 tepidum
1450 4145 1511 4183 mos
1536 4134 1579 4183 est
1602 4130 1777 4199 suspendere
1803 4127 1814 4182 I

1755 4216 1814 4288 [mur

973 4287 994 4340 ⁰
1008 4304 1098 4375 Terga
1111 4304 1191 4374 prius
1204 4304 1271 4358 salis
1284 4305 1392 4360 fuerint
1401 4321 1466 4360 cum
1479 4321 1578 4377 sparse
1592 4306 1720 4360 madore.

1007 4391 1122 4446 Dissene
1132 4392 1183 4446 hos
1197 4393 1290 4447 cultus
1307 4399 1446 4448 renovant
1460 4393 1600 4464 vertigiue
1615 4408 1738 4448 menses.

1007 4482 1144 4552 Iluncque
1156 4481 1274 4536 modum
1290 4487 1319 4536 et
1334 4498 1445 4537 morem
1468 4482 1523 4536 sibi
1549 4482 1655 4537 Gallice
1671 4499 1740 4538 rura
1763 4485 1814 4536 rete

1766 4569 1814 4644 [tar

1005 4657 1096 4721 Quem
1111 4656 1236 4713 breviter
1249 4658 1367 4729 signans
1378 4658 1484 4729 digessi
1494 4658 1631 4722 carmide,
1649 4659 1739 4714 lector

1005 4745 1232 4801 Wanniuanurus
1247 4762 1308 4817 ego,
1325 4747 1439 4802 hortatu
1455 4748 1622 4816 compulsus
1637 4748 1734 4813 amici,

1005 4834 1103 4888 Dulcia
1118 4850 1164 4889 me
1180 4835 1341 4908 Rhenique
1356 4844 1485 4906 tempore
1501 4837 1597 4890 liltore
1608 4836 1736 4902 alebant,

1005 4921 1124 4977 ldaxima
1138 4923 1305 4994 AgrippInae
1315 4925 1420 4979 veteris
1433 4924 1499 4996 quis
1512 4924 1618 4979 moenia
1634 4929 1780 4995 prresuut.

713 5154 891 5230 INCIPIT
918 5155 1244 5232 HOROLOGIUM

556 5308 638 5352 PER
671 5309 902 5354 DUODBCIM
937 5311 1144 5357 MENSIUIII
1181 5315 1395 5360 PUNGTOS.

107 5485 184 5549 Quos
197 5503 282 5543 cursu
294 5489 363 5545 solis
372 5489 502 5561 jungunt
516 5505 566 5544 sue
579 5493 708 5560 tempora
722 5505 844 5558 menses,

105 5573 237 5630 Carmine
247 5591 333 5646 nuuc,
349 5578 447 5647 lector,
460 5578 569 5650 paucis,
583 5579 699 5634 adverte
708 5579 825 5635 docebo.

901 5411 1054 5428 —

1000 5494 1091 5549 tenue
1102 5509 1179 5549 nunc
1193 5493 1262 5549 anui
1277 5500 1319 5549 est
1333 5496 1433 5565 lanus,
1443 5496 1568 5568 finisque
1585 5496 1752 5554 December.

1004 5581 1061 5637 llos
1075 5596 1190 5639 menses
1205 5583 1315 5656 puriter
1327 5583 1394 5640 solis
1405 5589 1483 5641 rotet
1495 5584 1588 5641 orbita
1601 5584 1735 5658 punctis:
