3930 6098
559 224 703 282 anuivio
722 226 769 279 itit
789 226 896 301 Vl'thl
915 226 942 283 S.
963 228 1110 285 autaut.
1657 237 1709 307 illo

85 357 116 412 'el
138 354 285 410 monachis
299 354 351 409 sub
368 353 493 426 regulari
513 370 612 410 norma
628 356 801 423 constitutis,
822 356 943 414 alatam
967 358 1054 414 fldem
1076 360 1170 416 eonati
1184 365 1252 417 sunt
1265 360 1425 418 innectere.
1442 363 1554 435 Quippe
1572 367 1709 437 qnoniam

85 446 203 517 sitisque
231 445 380 500 abbatibus
409 449 437 499 et
468 444 602 499 omnibus
629 445 703 499 bene
727 445 804 500 ordi·
859 446 1526 520 ipsamexcludereproperantes‚haereticorum
1538 452 1707 525 dogmatum

85 537 110 590 iil
136 541 314 606 postremum
343 534 472 588 Helnone
497 534 626 589 cienobio
654 535 804 601 aedificato,
861 543 960 589 contra
979 537 1148 592 catholicum
1172 539 1221 593 llei
1245 540 1396 595 Ecclesiam
1413 541 1611 597 contusionem
1636 558 1708 598 con·

85 625 150 680 dein
172 640 238 678 cuin
261 623 319 677 suis
341 639 432 694 usque
455 622 491 676 ad
514 622 686 676 sanctissimi
710 623 806 678 obitus
860 624 1058 692 ciunaverunt,
1075 626 1266 681 anathematis
1284 629 1393 683 ultione
1405 630 1533 701 percussi
1548 635 1624 686 sunt.

85 713 163 767 iristo
175 711 297 766 feliciter
314 710 457 765 militavit.
897 713 1039 768 Praeterea
1083 715 1220 770 Martinus
1261 732 1336 787 papa
1378 718 1560 773 beatissimus
1602 718 1709 774 faciens

94 803 123 854 et
152 799 228 871 apud
257 800 410 855 Martinam
436 798 647 853 sanctissimum
678 814 711 853 ac
738 799 805 854 bea·
861 803 1037 873 exemplaria
1052 804 1183 872 praedicti
1200 805 1355 859 voluminis
1368 807 1523 877 synodalis,
1539 823 1592 878 per
1608 824 1709 863 omnes

85 904 102 943 u
125 903 228 960 papam
255 896 360 943 sauctus
385 893 413 942 et
435 889 597 959 apostolicae
623 888 699 943 sedis
729 888 807 942 urhis
862 893 969 944 tractus
984 891 1108 947 Orientis
1124 897 1152 946 el
1166 892 1329 948 Occidentis
1343 894 1458 960 direxit,
1478 912 1569 967 eaque
1584 912 1636 967 per
1652 912 1711 952 ma·

88 979 137 1050 qni
151 966 381 1048 septuagesimus
395 976 513 1047 quintus
524 981 589 1047 post
606 978 721 1030 Petrum
736 992 806 1047 apo·
862 993 915 1032 nus
929 979 1154 1034 orthodoxorum
1165 979 1293 1035 fidelium
1307 979 1513 1039 disseminavit.
1526 984 1613 1054 Cujus
1623 985 1709 1040 etiam

85 1068 245 1121 itomanam
265 1067 337 1121 rexit
361 1066 524 1131 Ecclesiam,
549 1066 703 1136 plurimam
720 1065 806 1120 lami·
862 1067 1009 1137 exemplar
1035 1067 1065 1121 in
1089 1069 1223 1139 papyreis
1245 1068 1355 1124 schedis
1376 1069 1485 1124 editum
1508 1072 1586 1127 Patri
1611 1079 1710 1129 nostro

85 1171 91 1208 i
114 1171 147 1210 ac
170 1155 336 1210 reverentiae
354 1153 477 1224 gratiam
494 1154 626 1208 obtinuit.
645 1153 696 1209 Cui
720 1155 807 1208 etiam
862 1154 916 1209 sibi
937 1154 1121 1210 dilectissimo
1143 1157 1273 1227 pontiflci
1292 1158 1395 1213 direxit
1408 1159 1547 1227 amando,
1569 1167 1710 1232 quatenus

85 1260 94 1297 s
118 1244 288 1315 apostolicus
316 1244 390 1297 inter
413 1249 515 1297 caetera
534 1247 620 1296 tantae
647 1241 808 1297 dilectionis
861 1242 951 1313 ipsius
965 1243 1142 1298 industriosa
1159 1245 1353 1301 sollicitudine
1374 1246 1502 1316 ejusdem
1526 1256 1711 1305 sacrosanctae

85 1335 174 1400 xenia,
193 1332 298 1386 direxit
319 1332 455 1386 volumen
474 1330 655 1402 synodalium
679 1332 806 1386 decreto·
862 1335 891 1385 et
916 1331 1095 1386 intemerate
1122 1331 1189 1386 fidei
1214 1333 1461 1405 promulgationes
1485 1335 1641 1392 Galliarum
1665 1353 1711 1392 ec-

85 1436 104 1476 Ξ
129 1423 190 1492 ipse
205 1421 307 1485 edidit,
328 1426 430 1491 utpote
445 1423 543 1489 pastor
559 1418 806 1488 vigilantissimus,
861 1418 954 1473 clesiis
969 1420 1165 1490 vulgarentur.
1182 1420 1214 1474 ln
1235 1423 1320 1492 hujus
1335 1422 1453 1493 insuper
1472 1426 1530 1479 line
1546 1427 1710 1492 voluminis,

85 1526 122 1564 ins
146 1526 210 1563 cum
232 1525 345 1563 summa
366 1507 557 1562 sollicitudine
579 1506 608 1560 iu
624 1512 707 1561 nocte
722 1507 808 1577 hujus
862 1509 939 1578 quod
953 1523 1012 1562 uno
1033 1509 1150 1577 quidem
1168 1525 1298 1581 corpore,
1315 1511 1363 1565 sed
1379 1512 1508 1584 quinque
1523 1513 1712 1570 incisionibus

85 1597 188 1669 vigilias
203 1613 291 1668 supra
305 1612 422 1667 gregem
440 1595 621 1650 Dominicum
640 1596 694 1649 sibi
715 1595 807 1650 credi·
862 1596 1003 1650 librorum
1014 1596 1136 1652 divisum
1154 1602 1206 1665 est,
1223 1599 1393 1670 saepedictus
1408 1601 1546 1655 llartiniis
1560 1603 1711 1674 episcopus

85 1703 182 1741 versus
206 1688 290 1756 lupos
312 1702 343 1739 ac
363 1684 541 1756 praedatores
563 1684 693 1740 Ecclesiae
718 1684 807 1738 haere·
829 1658 967 1740 Bsancta
991 1685 1065 1739 sedis
1088 1687 1250 1756 apostolicae
1274 1689 1360 1742 etiam
1384 1690 1535 1760 specialem
1560 1692 1710 1761 epistolam

85 1791 147 1830 rum
161 1774 388 1829 Alexandrinum
401 1774 579 1844 episcopum,
594 1772 727 1843 Sergium
740 1774 809 1827 Con·
863 1771 925 1830 viro
952 1773 1001 1828 Dei
1022 1774 1180 1829 transmisit
1194 1776 1334 1843 amando,
1356 1793 1408 1848 per
1428 1794 1514 1849 quim
1536 1779 1649 1834 decreta
1665 1797 1710 1852 sy·

87 1863 247 1935 politanum
267 1862 445 1934 episcopum,
463 1863 615 1932 Pyrrhum,
630 1862 808 1932 Paulumque
862 1861 987 1927 nodalia,
1004 1878 1144 1933 suamquc
1163 1879 1232 1934 erga
1246 1863 1341 1935 ipsum
1358 1867 1513 1936 benignam
1530 1868 1711 1923 dilectionem

85 1952 162 2013 hain,
192 1965 368 2005 successores
398 1950 497 2021 ipsius,
530 1955 732 2004 concurrentes
756 1949 809 2004 sibi
863 1949 931 2004 satis
951 1950 1123 2021 abundeque
1147 1953 1324 2018 monstravit,
1350 1970 1432 2008 acne
1456 1955 1643 2010 alllictiouum
1659 1973 1711 2011 an·

110 2041 140 2094 iii
172 2043 227 2094 hoc
254 2045 409 2105 certamen,
440 2054 526 2092 unam
556 2037 754 2108 operationem
779 2037 809 2091 iu
864 2038 981 2110 guribus
1001 2045 1191 2094 coarctatusa
1214 2040 1262 2110 pio
1279 2042 1385 2096 mentis
1404 2045 1551 2113 proposito
1566 2045 1712 2100 recederet

95 2128 217 2185 Domino
241 2133 339 2182 nostro
362 2128 419 2182 Deo
440 2126 598 2181 divinitatis
620 2129 649 2179 ot
672 2125 808 2180 humani·
864 2127 1024 2194 admonuit,
1054 2133 1082 2182 et
1107 2129 1285 2183 sermonibus
1311 2130 1430 2202 iusuper
1454 2132 1654 2187 exhortatoriis
1676 2134 1712 2189 ad
1804 2148 1806 2152 ’

85 2218 170 2272 >litori
186 2218 340 2271 audentes:
363 2231 429 2270 cum
445 2214 608 2270 orthodoxa
622 2214 694 2269 sides
711 2214 809 2268 Eccle-
863 2214 1046 2269 tolerantiam
1061 2215 1282 2270 tribulationum
1298 2218 1402 2287 quibus
1416 2235 1432 2272 a
1447 2219 1597 2274 contrariis
1608 2219 1712 2275 divinae

85 2306 179 2362 holicoe
201 2306 251 2376 pio
271 2322 357 2359 sensu
374 2304 543 2359 confiteatur
564 2305 635 2358 duas
650 2304 680 2357 iu
698 2304 810 2358 Christo
864 2301 997 2372 religioni
1011 2303 1184 2374 presbyteris
1198 2319 1249 2359 sen
1275 2305 1451 2375 diaconibus,
1473 2307 1594 2378 aliisque
1621 2324 1712 2363 sacer·

85 2401 163 2450 entes
176 2400 293 2449 naturas
307 2399 335 2448 et
350 2393 541 2463 operationes.
561 2392 701 2462 Operatur
715 2391 810 2463 itaque
865 2391 968 2445 dotalis
984 2391 1071 2446 olficii
1089 2392 1230 2446 ministris
1245 2394 1428 2463 gravabatur,
1445 2394 1573 2450 animare
1592 2397 1711 2452 studuit.

105 2483 200 2538 [orma
216 2483 314 2538 divina
338 2487 423 2552 atque
439 2481 565 2536 humana
578 2481 609 2535 in
632 2497 689 2534 una
713 2481 808 2536 Salva·
867 2480 920 2533 Pro
941 2495 1065 2550 quorum
1088 2487 1188 2551 postea
1209 2482 1431 2552 augescentibus
1455 2483 1485 2537 in
1506 2484 1633 2539 deterius
1653 2501 1713 2540 sce·

85 2573 142 2626 istri
156 2588 280 2644 persona
295 2586 361 2625 cum
377 2570 495 2625 alterius
510 2569 715 2624 commuuione
733 2568 809 2640 quod
865 2566 1021 2622 leratorum
1046 2575 1162 2623 actuum
1186 2568 1432 2640 incorrigibilibus
1451 2572 1614 2626 excessibus
1633 2572 1715 2642 (sicut

86 2676 113 2715 m
135 2666 187 2727 est,
211 2660 303 2715 Verbo
326 2659 445 2730 quidem
467 2665 605 2729 operante
630 2658 707 2729 quod
728 2657 812 2712 Verbi
865 2655 972 2711 librum
994 2656 1057 2710 vitae
1076 2657 1138 2728 ejus
1151 2658 1316 2727 legentibus
1331 2658 1433 2730 liquet)
1449 2660 1535 2714 etiarn
1550 2660 1714 2716 cathedram

85 2763 133 2804 rne
159 2753 256 2803 autem
281 2750 454 2818 exsequente
479 2747 557 2818 quod
583 2745 677 2800 carnis
701 2751 757 2813 est;
784 2749 812 2800 et
865 2744 1005 2816 episcopii
1030 2745 1085 2800 sibi
1107 2746 1253 2800 commissi
1277 2746 1412 2814 deseruit,
1435 2749 1642 2820 pulveremque
1661 2766 1713 2820 pe·

85 2853 179 2892 iorum
194 2840 323 2890 coruscat
344 2834 503 2898 miraculis,
526 2834 605 2888 aliud
626 2840 721 2888 autem
747 2850 809 2888 suc·
866 2832 934 2888 dum
955 2849 1074 2887 suorum
1091 2849 1180 2904 super
1193 2840 1402 2907 contemptores
1425 2852 1484 2890 suae
1500 2837 1715 2908 praedicationis

99 2924 234 2995 injuriis:
266 2929 297 2978 ut
322 2925 359 2977 sit
381 2924 542 2994 proprietas
570 2922 672 2977 divium
701 2929 811 2976 natura
830 2919 945 3012 Cjuxta
958 2920 1153 2991 evangelicum
1165 2921 1279 2976 Domini
1291 2923 1505 2994 praeceptumin
1517 2925 1714 2980 testimonium

99 3012 233 3067 divinitus
255 3013 407 3067 sunivelle
431 3016 460 3066 et
481 3011 593 3081 operari
615 3010 724 3077 divina;
742 3026 810 3082 pro·
865 3008 922 3063 illis
953 3009 1109 3077 excutiens,
1135 3010 1172 3064 ad
1198 3009 1261 3065 loca
1282 3011 1337 3064 alia
1359 3011 1540 3081 demigravit.
1576 3014 1716 3069 Praeterea
1776 3062 1780 3067 .

92 3117 160 3154 vero
176 3102 310 3155 humanae
325 3103 445 3167 naturae,
465 3101 592 3154 humana
608 3099 679 3154 'velle
695 3105 723 3153 et
743 3116 811 3170 ope·
866 3097 952 3152 etiem
959 3096 1122 3167 jamdictus
1131 3097 1307 3169 apostolicus
1316 3098 1444 3169 ejusdem
1457 3100 1546 3154 Patris
1554 3100 1716 3173 ciirieSige·

85 3205 174 3257 mane,
189 3195 222 3243 ut
235 3189 412 3259 approbetur
426 3189 455 3242 iii
471 3204 529 3242 una
545 3187 662 3259 quidem
678 3203 809 3258 persona,
866 3185 979 3241 bertum
994 3185 1148 3257 [tagoberti
1159 3185 1263 3255 illium,
1280 3202 1378 3257 regem
1392 3187 1523 3242 videlicet
1542 3189 1714 3245 Francorum

85 3279 182 3332 luabus
197 3275 308 3331 naturis
323 3278 395 3330 [leus
410 3277 538 3330 ethome
554 3275 725 3329 naturaliter
740 3290 810 3329 esse.
866 3273 1067 3329 commendare
1082 3273 1204 3340 studuit,
1215 3275 1265 3346 qui
1280 3274 1347 3329 oliui
1362 3275 1456 3330 adhuc
1471 3275 1574 3344 insana,
1591 3278 1716 3333 necdum

85 3366 244 3420 columnam
270 3364 435 3418 orthodoxae
466 3362 533 3417 lldei
564 3363 811 3434 sanctasynodus
867 3361 1237 3433 adhucquadragenarium
1263 3362 1526 3419 dierumexcedeus
1548 3381 1713 3434 numerum,

85 3454 201 3508 oneusis
220 3437 329 3519 statuit,
350 3453 608 3523 universorumque
627 3451 731 3506 chorus
755 3453 812 3506 Pa·
869 3449 938 3505 dum
954 3466 971 3505 a
990 3450 1020 3504 B.
1044 3450 1176 3506 Amando
1192 3451 1419 3520 benediceretur,
1436 3457 1522 3510 Amen
1542 3453 1625 3509 dulce
1639 3455 1717 3525 quod

85 3541 261 3598 ‚tholicorum
277 3542 465 3596 confirmavit.
867 3539 989 3594 necdum
1012 3538 1140 3610 corporis
1160 3556 1214 3594 usu
1234 3539 1451 3613 didiceretpro
1477 3543 1548 3596 tanti
1564 3544 1715 3615 poedagogi

85 3631 287 3686 astructionem
319 3631 416 3701 itaque
444 3629 641 3700 suprascripta
668 3629 812 3684 haereseos
868 3627 971 3682 merito
985 3626 1166 3694 declarando,
1182 3628 1259 3682 clera
1272 3645 1338 3684 voce
1360 3636 1426 3700 post
1440 3646 1527 3684 sacrae
1547 3631 1635 3687 linem
1651 3648 1715 3688 ora·

85 3720 309 3792 ipugnationem
325 3717 466 3789 superbias
485 3722 583 3773 contra
597 3718 744 3772 scientiam
762 3717 813 3772 [lei
868 3713 954 3768 tionis
969 3714 1175 3784 pronuntiavit.
1201 3715 1236 3769 Ut
1253 3732 1320 3770 vero
1337 3717 1481 3788 piaedtctae
1497 3719 1648 3774 locutionis
1663 3735 1716 3774 no·

85 3809 166 3875 antis,
183 3826 233 3864 seii
248 3813 277 3864 et
290 3807 539 3864 confirmationem
555 3807 723 3877 dogmatum
741 3806 811 3860 divi·
869 3805 934 3856 strae
953 3801 1070 3856 assertio
1089 3801 1202 3855 deterso
1223 3801 1376 3856 dubietatis
1399 3803 1497 3859 nubilo
1519 3806 1715 3877 confirmetur,

98 3913 185 3970 supra
196 3897 361 3952 nominatus
376 3895 514 3951 llartiuus
527 3894 640 3965 pietatis
651 3896 812 3959 advocatus,
868 3890 1017 3961 praelatam
1034 3888 1186 3961 epistolam
1202 3889 1330 3958 ejusdem
1345 3907 1427 3962 papia
1447 3893 1482 3948 ad
1499 3895 1529 3949 B.
1552 3896 1716 3950 Amandum

85 3985 191 4042 ‚Gestis
203 3984 415 4056 pontificalibus
428 3984 542 4054 legitur,
560 3983 638 4037 misit
653 3989 681 4038 et
695 3998 814 4052 congre·
869 3980 1006 4035 directam
1030 3978 1098 4033 huic
1128 3982 1226 4033 nostro
1250 3980 1376 4036 sermoni
1399 3981 1574 4054 subjungere
1596 3984 1715 4054 placuit,

85 4074 174 4129 ,urbe
188 4075 279 4129 [loma
291 4073 440 4143 episcopos
453 4077 569 4127 eentum
584 4077 611 4127 el
629 4072 770 4143 quinque,
786 4078 815 4125 et
868 4067 949 4137 cujus
968 4067 1020 4122 iste
1037 4066 1139 4122 modus
1157 4071 1218 4121 est:

85 4162 199 4217 nodum
228 4162 386 4216 secundum
410 4161 542 4214 instituta
569 4161 687 4214 Petrum
714 4159 812 4214 ortho·
907 4177 917 4206 i
941 4156 1130 4211 Dilectissimo
1146 4154 1361 4211 [ratrilliiiuuo
1381 4157 1529 4213 ltiiariuus.

85 4267 109 4306 m
116 4251 199 4322 juxta
212 4250 392 4321 episcopium
407 4250 608 4315 lateranense,
624 4246 814 4302 residentibus
834 4254 856 4307 [t
910 4267 924 4295 «
945 4244 1142 4299 Fraternitatis
1163 4250 1231 4308 tuae,
1255 4264 1269 4297 u
1296 4251 1348 4301 etc.
1373 4247 1456 4317 (Vide
1482 4249 1551 4302 boue
1576 4250 1717 4318 epistolum

84 4340 118 4407 is,
135 4339 308 4412 presbyteris
327 4337 487 4393 astantibus
503 4336 670 4392 diaconibus
685 4352 717 4390 ae
737 4336 813 4389 clero
867 4334 939 4386 iuter
951 4333 1041 4401 Opera
1054 4332 1083 4386 S.
1096 4333 1214 4387 [tertiat
1223 4349 1303 4403 papae
1314 4335 1336 4400 l,
1348 4335 1450 4390 Potrol.
1463 4339 1523 4390 tom.
1548 4336 1715 4406 LXXXVII,

85 4443 118 4480 o:
135 4431 163 4480 et
176 4427 441 4481 condemnaverunt
457 4424 572 4496 Cyrum,
590 4423 814 4478 Alexandrinum
868 4420 918 4475 col.
936 4421 1008 4492 l35.)

85 4530 143 4581 nm,
156 4520 183 4569 et
193 4514 333 4586 Sergium,
346 4513 694 4584 constantinopolitanum
705 4511 815 4582 episco-

85 4604 204 4676 yrrhum
220 4603 306 4658 etiam
321 4617 511 4657 successorem
527 4602 598 4672 ejus,
616 4601 735 4656 Paulum
748 4616 816 4671 quo-

85 4692 168 4747 sdem
182 4692 261 4746 urbis
276 4691 479 4762 patriarcham,
493 4690 555 4762 qui,
567 4689 659 4744 inflati
673 4689 816 4760 superbies
904 4687 988 4740 Anno
1007 4685 1211 4740 incarnationis
1227 4686 1341 4740 Domini
1356 4687 1448 4742 nostri
1461 4690 1527 4745 lesu
1543 4691 1647 4748 Christi
1658 4711 1718 4749 sex·

101 4782 236 4834 adversus
258 4785 334 4834 recta
349 4785 453 4832 sauctae
471 4778 521 4831 [lei
538 4777 667 4836 Ecclesiae
681 4777 817 4846 dogmata
870 4774 1026 4829 centesimo
1058 4775 1233 4845 sexagesimo
1256 4775 1350 4845 primo
1372 4785 1394 4844 ⁸,
1421 4779 1577 4834 indictione
1606 4790 1716 4853 quarta,

89 4884 103 4921 r
118 4872 361 4939 presumpserunt
377 4867 503 4938 paternis
517 4864 733 4920 delinitionibus
749 4880 816 4918 con·
871 4869 971 4934 epacta
987 4861 1088 4934 quinta
1110 4863 1230 4927 decima,
1256 4872 1444 4920 concurrente
1468 4874 1580 4938 quarto,
1594 4871 1717 4927 termino

86 4962 171 5028 atquc
187 4957 321 5012 novitatis
336 4959 533 5010 commentum
553 4959 653 5009 contra
677 4954 815 5008 immacu·
872 4952 1042 5008 duodecimo
1063 4952 1203 5006 Kalendas
1227 4953 1341 5022 Aprilis,
1358 4954 1465 5009 Pascha
1489 4955 1590 5027 quinto
1610 4959 1716 5016 Kalen-

85 5064 247 5124 icalculus,
278 5060 462 5134 quantumvis
493 5061 620 5115 studiose
644 5060 678 5114 ab
702 5063 818 5112 auctore
871 5063 939 5130 post
961 5055 1152 5136 childericum
1168 5057 1355 5126 Theoderico,
1376 5076 1410 5114 ex
1433 5060 1524 5128 dictis,
1548 5064 1717 5135 etquidem

85 5150 133 5201 ais,
147 5140 221 5188 stare
237 5135 311 5187 haud
324 5147 468 5202 quaquam
483 5137 587 5202 potest.
606 5132 676 5186 Cum
691 5130 769 5183 euim
784 5145 818 5182 ex
874 5130 919 5184 die
946 5129 1093 5181 [lominica
1116 5143 1147 5178 iu
1172 5127 1247 5181 diem
1273 5136 1383 5182 sextum
1410 5132 1557 5186 Februarii
1581 5133 1675 5189 littera
1698 5137 1717 5190 B

85 5205 178 5259 uuiido
205 5204 279 5274 (uide
302 5205 486 5269 Pctrologi'um
509 5203 546 5255 od
567 5218 612 5255 uu.
639 5203 713 5268 oio),
737 5208 818 5253 etex
873 5199 1027 5270 praeditum
1044 5197 1196 5264 incidente,
1214 5200 1717 5268 utproelaudatiaucloresscribimt.

87 5277 161 5328 itone
178 5274 262 5339 iulia,
278 5275 424 5327 Amandus
446 5274 480 5326 ad
497 5273 663 5352 [lieudorici
679 5270 821 5342 principa·
872 5270 943 5323 Toto
965 5268 1146 5349 Theudorici¹
1158 5271 1232 5350 regis
1251 5269 1412 5352 principatu
1434 5273 1495 5328 dies
1517 5276 1676 5339 [lominica
1689 5278 1719 5332 in

88 5346 223 5409 racherii,
239 5345 484 5414 supervixeritqiie
495 5343 653 5399 Childerico
664 5342 741 5396 haud
753 5348 819 5396 aute
874 5346 985 5394 sextum
1003 5339 1149 5394 Februarii
1172 5340 1272 5394 incidit
1285 5355 1368 5395 anuis
1387 5344 1525 5399 duntaxat
1540 5348 1591 5400 679
1614 5354 1643 5401 et
1656 5349 1718 5402 690.

108 5418 159 5470 613
175 5415 333 5482 interfecto,
356 5416 475 5469 omuino
490 5413 613 5468 rimandi
635 5412 729 5467 obitus
747 5412 820 5465 ultra
873 5411 1017 5465 Posterior
1036 5426 1129 5463 aniius
1144 5411 1267 5466 amandi
1281 5411 1391 5466 obitum
1407 5416 1498 5467 serius
1518 5415 1632 5471 dillert:
1655 5434 1720 5488 pro-

85 5502 190 5540 annum
216 5487 417 5557 producendus
441 5489 492 5539 cst.
519 5484 565 5538 Sic
587 5482 675 5553 igitur
697 5481 820 5538 Amandi
874 5480 940 5535 inde
964 5480 1131 5536 retinendus
1159 5481 1310 5551 posterior,
1336 5485 1576 5552 quemadmodum
1604 5487 1721 5544 Carolus

85 5559 270 5628 imponenda.
294 5557 421 5612 llortuus
445 5561 488 5610 est
512 5554 659 5608 Amandus
681 5558 820 5626 regnante
874 5552 910 5607 Le
927 5552 1018 5607 cointe
1028 5556 1105 5607 recte
1116 5551 1225 5608 statuit.

152 5647 290 5713 Parnoi.
317 5646 419 5712 cxxi.
1503 5653 1542 5712 31

871 4575 1003 4617 riruuus
1031 4576 1069 4616 ult
1099 4574 1194 4617 onitu
1221 4576 1316 4616 uviri
1340 4577 1461 4619 [haubi
1488 4580 1715 4626 courusson1S.
