3930 6098
106 237 160 289 {93

452 378 607 418 nmeousto.

141 469 274 525 Rotunda
297 469 389 524 fatear
412 469 599 524 Retramnum
624 484 792 540 comparare
814 467 955 524 Euchari-

105 541 192 596 stiam
208 557 271 596 eum
286 538 446 612 baptismo;
459 545 489 594 at
502 557 554 611 per
565 541 770 595 Eucharistiam
787 556 845 594 non
862 541 955 595 solum

102 612 243 684 intelligit
267 626 373 683 panem
395 617 424 665 et
437 611 548 679 riuum,
571 627 670 666 verum
687 611 774 665 etiarn
790 611 880 682 ipsam
900 611 955 666 Eu·

102 683 271 737 charistiam
286 687 377 736 totam
389 688 418 736 et
432 682 462 736 in
477 682 599 753 integra,
619 682 725 736 scilicet
741 698 840 736 rerum
851 698 956 753 corpus

103 759 132 808 el
148 770 251 809 rernm
267 753 439 825 sanguinem
460 752 575 817 Christi,
592 753 644 807 sub
663 753 812 824 speciebus
831 754 914 824 panis
928 759 956 807 et

102 824 175 879 vini.
213 825 291 881 lianc
320 841 381 880 esse
411 823 634 893 intelligentiam
662 823 813 879 ltatramni
841 840 955 878 necesse

103 899 171 950 est:
205 896 313 968 qnippe
341 911 406 950 cum
435 910 530 949 reram
563 894 787 949 substantiarum
814 894 954 950 mutatio·

105 982 174 1021 nem
201 971 399 1033 recognoscat,
421 981 480 1019 nau
502 965 573 1020 duas
592 965 757 1020 existentias
779 971 897 1032 asserat,
928 972 955 1020 et

103 1037 216 1107 grande
243 1038 322 1092 naias
343 1040 461 1107 reprrtet
482 1037 606 1107 cogitare
630 1035 669 1090 ibi
691 1052 750 1090 non
772 1053 833 1090 esse
859 1052 955 1108 corpus

103 1110 210 1164 Christi
234 1108 307 1178 quad
331 1111 488 1162 nominatur
514 1113 539 1163 et
561 1110 665 1162 existit.
695 1108 757 1162 iam
782 1123 848 1161 vero
875 1109 898 1161 si
921 1124 955 1162 ea

104 1195 191 1233 sensu
206 1179 381 1234 intellectam
405 1177 609 1233 Eucharistiam
634 1193 701 1232 cum
725 1178 868 1248 baptismo
889 1195 954 1232 con-

104 1250 190 1317 lerat,
221 1249 291 1322 quid
321 1249 389 1303 mali
417 1249 480 1303 falsi
505 1249 533 1303 el
557 1249 725 1319 exprobrari
740 1248 854 1318 potest?
884 1250 954 1304 Nam

104 1320 179 1375 sicut
193 1320 285 1375 uirtus
299 1317 532 1375 sanctificationis
556 1320 592 1373 ad
612 1320 786 1374 elementum
806 1335 887 1390 aquae
901 1335 955 1390 ag-

103 1398 244 1462 gregetur
257 1390 287 1446 in
308 1391 460 1462 baptismo,
478 1390 568 1444 multo
589 1391 681 1461 magis
695 1390 785 1444 virtus
805 1390 954 1444 immorta-

104 1463 193 1516 litatis
210 1468 240 1516 el
251 1461 484 1517 sanctificationis
499 1461 532 1516 ad
547 1477 647 1515 verum
663 1460 766 1516 Christi
782 1477 885 1531 corpus
901 1462 954 1515 sub

104 1532 256 1602 speciebus
285 1533 427 1587 occultum
452 1532 568 1600 accedit,
593 1549 656 1603 quae
681 1531 765 1586 nobis
786 1531 955 1586 immortali·

106 1607 194 1658 tatem
209 1609 238 1657 et
248 1608 364 1658 aeternae
375 1603 439 1658 vitae
454 1602 643 1657 substantiam
653 1602 843 1657 administrat.
860 1603 952 1656 Enim·

105 1691 174 1729 vera
199 1675 255 1728 nisi
275 1690 341 1729 cum
365 1674 420 1728 lide
440 1679 469 1728 et
492 1673 630 1728 charitate
653 1673 688 1728 ad
710 1672 765 1727 hoc
786 1673 954 1744 mysterium

103 1745 285 1814 accedamus,
318 1746 381 1816 ipsa
408 1760 471 1799 caro
500 1744 604 1799 Christi
630 1744 741 1798 occulta
767 1759 820 1798 non
844 1744 955 1813 prodest

102 1816 260 1886 quidquam
275 1832 282 1869 :
303 1818 470 1885 spiritusest
484 1817 533 1883 qui
546 1815 687 1882 vivificat:
704 1815 777 1869 sicut
791 1830 866 1884 aqua
881 1814 954 1870 nihil

102 1888 208 1942 attinet
229 1888 252 1940 si
273 1887 378 1941 virtute
402 1886 636 1940 sanctificationis
659 1890 764 1952 careat,
788 1884 817 1940 id
836 1892 878 1940 est
897 1885 954 1939 uisi

100 1958 220 2012 adultus
247 1973 326 2011 sacra
359 1956 489 2011 initiatus
515 1956 687 2037 baptismate
718 1955 814 2011 credat
841 1961 870 2011 et
897 1956 953 2010 sibi

103 2028 276 2098 persuadeat
284 2029 337 2082 hec
351 2028 455 2081 virtute
469 2027 701 2082 sanctificationis
713 2029 799 2081 vitam
816 2032 951 2082 aternam

101 2099 266 2170 comparari
281 2114 375 2180 posse.
387 2099 448 2152 lVon
463 2097 550 2169 igitur
565 2098 657 2152 solum
674 2098 804 2152 mirabile
819 2103 861 2152 est
876 2099 953 2223 quod

102 2186 208 2242 eorpus
231 2169 335 2226 Christi
357 2169 389 2223 iu
410 2169 586 2224 Eucharistia
609 2169 720 2236 existat,
746 2169 795 2223 sed
816 2185 873 2240 quo
913 2169 953 2223 ibi

101 2241 136 2295 ad
161 2246 292 2295 nostram
321 2239 576 2294 sanctificationem
600 2238 744 2294 consistat.
769 2240 802 2293 ln
824 2255 873 2293 ore
896 2238 951 2294 ini·

101 2327 226 2382 quarum
241 2317 270 2366 et
289 2311 430 2365 bonorum
451 2310 630 2382 aequabiliter
648 2314 808 2381 permanet.
829 2309 883 2365 Sed
900 2310 952 2364 ad·

102 2398 203 2437 versus
224 2383 316 2437 malas
338 2381 509 2436 alimentum
532 2381 642 2447 mortis,
665 2386 693 2436 et
716 2381 953 2452 ergnbonosali-

102 2459 235 2507 mentum
259 2453 325 2507 rite
347 2455 407 2508 cita
430 2453 505 2507 bonis
523 2467 648 2521 morsque
672 2453 784 2506 matiss.
811 2450 952 2506 Caeterum

102 2523 246 2594 ejusmodi
269 2523 445 2595 comparatio
461 2540 513 2578 nec
528 2540 599 2577 nava
619 2539 672 2577 nec
691 2523 816 2577 insolens
840 2527 898 2590 est;
918 2539 952 2577 ea

103 2596 147 2648 usi
168 2600 238 2649 sunl
258 2594 406 2648 tortissimi
428 2595 588 2665 presentiae
604 2595 734 2666 corporis
757 2597 786 2648 el
804 2593 949 2648 transsub-

103 2666 297 2719 stantiationis
311 2665 485 2733 defensores,
508 2665 550 2720 uti
573 2664 761 2735 intelligimus
780 2679 814 2718 ex
833 2664 950 2734 epistola

103 2736 248 2791 Paschasii
263 2736 298 2791 ad
312 2735 509 2806 Frudgardum
526 2751 591 2807 pag.
610 2737 689 2802 isit,
703 2736 756 2790 liu.
774 2735 804 2800 Β,
820 2734 950 2805 etrapite

103 2809 117 2861 3
140 2813 282 2861 tractatus
308 2807 343 2861 de
365 2822 484 2877 corpore
509 2814 537 2861 el
569 2805 709 2875 sangnine
736 2804 859 2871 Domini,
882 2820 948 2876 pag.

105 2880 182 2932 issa.
207 2876 345 2932 Eamdem
370 2877 498 2948 prodidit
519 2877 764 2946 comparationem
786 2875 885 2929 beatus
908 2878 951 2931 hl·

104 2964 199 3019 gerus,
224 2948 316 3018 capite
338 2950 382 3014 l0,
402 2947 452 3002 lib.
475 2963 505 3007 n,
527 2952 555 3001 et
577 2949 592 3002 8
616 2946 665 3000 lib.
684 2963 724 3012 ru,
748 2951 777 3001 el
795 2946 947 3013 existimat,

104 3019 176 3088 quad
197 3019 309 3073 uidetur
329 3021 442 3087 speciem
465 3018 562 3071 batere
587 3019 752 3086 corporalem
773 3017 846 3086 quod
869 3017 989 3091 intel-(3

105 3090 201 3157 liqitur
231 3092 353 3155 fructum
383 3088 480 3143 babere
508 3089 691 3157 spiritualem,
722 3102 781 3141 non
810 3103 890 3140 secus
917 3101 949 3140 ac

105 3160 278 3214 hatramnus
306 3175 387 3214 num.
414 3161 456 3213 rs.
477 3157 640 3214 Secundum
658 3158 735 3212 enim
760 3175 773 3208 a
797 3157 872 3228 quod
892 3172 949 3210 cer-

105 3237 213 3285 nuntur
241 3246 343 3301 corpus
371 3234 491 3301 pascunt
512 3228 697 3300 corruptibile
726 3229 789 3300 ipsa
811 3228 950 3299 corrupti-

106 3302 187 3369 litis,
210 3303 367 3355 secundum
391 3316 458 3355 rere
473 3300 550 3371 quod
572 3299 741 3367 creduntur,
758 3298 869 3354 animas
883 3314 948 3369 pas·

105 3379 169 3426 cunt
184 3373 216 3426 in
231 3378 372 3426 aeternum
383 3371 506 3425 victuros
520 3370 583 3441 ipsa
596 3370 778 3425 immortalia.
812 3390 823 3420 s

134 3443 190 3498 att.
221 3442 299 3514 (Peg.
329 3444 382 3497 itte
406 3441 475 3497 edit.
499 3442 634 3508 Amste1.;
662 3440 728 3495 edit.
754 3440 854 3508 Paris,
881 3455 947 3510 pag.

106 3515 162 3576 li'l,
180 3512 234 3567 lin.
248 3514 287 3581 i).
309 3513 389 3570 Num.
414 3513 431 3567 l
453 3518 478 3568 ct
491 3528 566 3566 num.
584 3514 626 3566 ts.
650 3513 684 3567 ln
700 3511 843 3581 baptismo,
859 3512 950 3580 inquit

104 3584 269 3640 lucanam
284 3585 341 3639 siue
360 3583 470 3650 sederis
491 3585 602 3652 antiqui
619 3585 676 3636 siue
698 3585 771 3652 noui,
786 3582 840 3636 duo
860 3586 947 3635 sunt:

104 3669 174 3723 aqua
187 3669 250 3723 quae
268 3657 389 3709 cernitur
402 3659 428 3708 el
442 3654 599 3724 spiritualis
615 3655 739 3723 potentia
754 3668 813 3721 qua
827 3652 950 3707 creditur

103 3727 233 3792 interium
256 3741 291 3779 ea
317 3731 431 3794 utroque
452 3727 611 3794 mysterium
640 3725 672 3792 itt
692 3723 757 3778 dnm
780 3725 950 3790 connascitur

104 3797 169 3864 quid
185 3797 338 3866 spmbaium
351 3796 496 3864 siqnisicet.
520 3797 571 3851 Ubi
583 3810 636 3848 nan
651 3793 857 3849 Eucharistiam
872 3792 949 3846 modo

76 3933 79 3937 Ι
103 3867 215 3935 perinde
235 3882 268 3921 ac
281 3869 413 3921 salutaris
431 3867 536 3920 lauacri
552 3865 655 3919 undam
665 3866 727 3933 lieri
740 3866 883 3932 mysticam
897 3864 947 3924 ait,

104 3952 232 4006 quoniam
258 3941 316 3992 uiso
337 3937 457 4005 sqmboio
477 3951 550 3991 mens
573 3935 652 3990 aliud
670 3936 799 4003 inteiliqit
820 3932 893 4003 qnod
910 3935 950 3986 ui-

104 4009 155 4074 det,
177 4024 212 4062 er
237 4024 293 4077 qua
310 4008 376 4077 idei
401 4007 584 4075 intelliqcntia
609 4009 771 4075 mysterium
796 4005 905 4059 dicatur
923 4008 950 4057 et

103 4079 163 4148 μνη
194 4093 288 4133 aarum
313 4081 396 4133 etiam
420 4083 590 4133 sacramenta
615 4092 690 4132 uocae
712 4078 779 4143 ieqis
802 4079 832 4129 in
854 4090 949 4144 parem

104 4163 208 4204 tensum
222 4148 341 4204 merten
354 4153 383 4203 in
398 4163 450 4217 quo
464 4154 528 4202 sunt
545 4152 717 4202 sacramenta
736 4146 845 4214 antiqui
863 4145 948 4212 sorde-

104 4223 149 4274 ris.
175 4218 255 4287 Quod
277 4224 304 4274 et
329 4219 362 4274 de
381 4219 516 4273 ueteribus
539 4217 685 4289 sacrificiis
706 4233 766 4271 cum
784 4231 851 4271 noco
875 4232 949 4271 com·

472 229 704 290 ntssultrarto
723 229 757 285 ltt
776 229 839 285 tls.
861 230 906 287 DE
926 229 1092 287 CORPORE
1111 230 1156 287 ΕΤ
1175 231 1344 289 slucuutu
1364 231 1495 291 mutui.

972 360 1171 419 Acontinenti
1195 376 1327 417 sermone
1347 379 1428 418 uum.
1455 365 1490 420 il
1511 365 1680 492 sanquinem
1709 384 1726 423 a
1750 373 1858 444 populo

1809 246 1861 298 194

1009 433 1126 488 iudaice
1143 436 1260 556 epotum
1277 433 1307 488 in
1323 433 1437 489 deserto
1456 435 1544 491 luisse
1576 439 1687 509 ’goram
1709 443 1857 512 sanguinis

1011 519 1045 558 ex
1060 509 1143 558 utero
1183 504 1288 573 irginis
1302 506 1451 577 assmmpti
1466 512 1493 561 et
1507 507 1536 561 in
1552 508 1631 579 ligno
1654 511 1745 565 crucis
1763 514 1856 580 ellusi,

1010 590 1069 629 non
1084 575 1177 628 solum
1195 583 1226 629 ul
1245 591 1278 629 eo
1304 575 1522 642 redimeremur,
1545 595 1644 634 rerum
1666 582 1753 637 etiarn
1776 589 1855 655 pota-

1010 660 1129 700 remur:
1147 664 1159 695 s
1176 646 1212 701 Ul
1226 645 1461 716 intelligeremus,
1478 652 1577 718 inquit,
1594 651 1624 705 iu
1637 651 1749 707 deserto
1760 654 1789 708 in
1804 656 1858 724 spi·

1010 716 1109 770 rituali
1125 721 1206 785 petra
1221 718 1380 771 constitisse
1400 722 1429 771 et
1451 719 1494 772 sui
1509 721 1657 789 sanguinis
1681 724 1788 778 lindam
1803 741 1856 795 po-

1010 788 1080 856 pulo
1104 788 1272 858 praebuisse,
1293 787 1344 858 qui
1359 794 1458 858 postea
1475 804 1577 862 carpus
1597 792 1632 846 de
1646 793 1761 862 Virgine
1775 812 1855 850 sum-

1011 863 1090 929 ptum
1115 863 1144 912 et
1158 874 1211 928 pro
1227 860 1317 913 salute
1332 859 1511 914 credentium
1526 863 1555 914 in
1576 877 1657 916 cruce
1672 881 1854 935 suspensum,

1010 929 1116 983 nostris
1133 930 1242 983 saeculis
1254 929 1402 997 ¹enhibuit,
1426 936 1455 984 et
1472 946 1505 985 ex
1531 947 1564 985 eo
1578 934 1725 1003 sanguinis
1749 937 1855 991 undam

1011 999 1113 1053 elludit
1131 1015 1188 1070 quo
1207 1016 1266 1055 nou
1287 1001 1379 1055 solum
1397 1002 1616 1069 redimeremur,
1641 1019 1741 1059 rerum
1765 1007 1853 1062 etiam

1010 1075 1187 1140 potaremur.
1213 1092 1226 1120 s
1249 1072 1318 1124 Nam
1335 1076 1481 1143 utctrnqne
1505 1088 1549 1126 res
1572 1072 1639 1140 sint,
1660 1074 1684 1127 si
1707 1078 1855 1145 sanguise

1010 1141 1122 1196 Christo
1137 1158 1189 1212 pro
1206 1142 1288 1197 nobis
1310 1157 1343 1197 ex
1359 1145 1451 1197 crucis
1471 1145 1535 1213 palo
1555 1143 1661 1197 effusus
1683 1150 1714 1199 ut
1730 1149 1856 1202 redime-

1009 1227 1110 1266 remur
1133 1229 1217 1268 rerus
1240 1218 1282 1266 est
1302 1213 1419 1282 sanguis
1441 1213 1545 1269 Christi
1568 1230 1603 1268 cx
1628 1215 1743 1285 Virgine
1765 1224 1855 1271 matre

1009 1287 1183 1353 assumptus,
1201 1284 1249 1337 ille
1263 1285 1379 1355 sanguis
1395 1285 1476 1339 nobis
1491 1284 1661 1355 propinatus
1675 1292 1703 1341 et
1722 1287 1856 1343 similiter

1010 1352 1116 1408 effusus
1136 1359 1167 1408 ut
1181 1359 1357 1428 potaremur,
1374 1371 1458 1408 verus
1482 1357 1518 1409 sit
1530 1363 1558 1409 et
1574 1355 1649 1411 idem
1665 1356 1727 1427 ipse
1742 1374 1857 1412 necesse

1010 1429 1061 1488 est,
1086 1439 1174 1494 aquo
1199 1441 1258 1479 nou
1282 1427 1375 1481 solum
1399 1426 1618 1489 redimeremur,
1642 1444 1741 1483 verum
1768 1430 1856 1484 etiam

1009 1501 1216 1563 potaremur.»
1245 1497 1283 1550 Eo
1311 1498 1373 1552 loco
1400 1496 1548 1551 Retramni
1574 1495 1726 1560 ὁοθοδοξίαν
1755 1502 1857 1554 curtlir-

1011 1580 1099 1626 mare.
1117 1566 1176 1619 imo
1190 1565 1387 1621 demonstrare
1412 1568 1493 1622 facite
1513 1574 1564 1622 est.
1587 1550 1656 1622 bam
1672 1570 1695 1623 si
1710 1570 1745 1624 ab
1759 1573 1855 1625 omni-

1010 1636 1062 1689 bus
1088 1637 1299 1707 superstitionis
1327 1639 1500 1693 Calviniauae
1527 1639 1665 1693 ministris
1691 1656 1855 1710 quaeramus

975 1697 1140 1776 Bnunquid
1166 1723 1224 1761 non
1246 1709 1362 1777 sanguis
1381 1709 1411 1762 in
1431 1724 1513 1762 cruce
1534 1709 1568 1763 ad
1592 1716 1719 1763 nostram
1740 1713 1853 1766 redem-

1008 1777 1137 1846 ptionem
1157 1777 1273 1845 ellusus,
1290 1782 1327 1832 sit
1349 1795 1433 1833 rartrs
1452 1780 1557 1834 Christi
1571 1795 1604 1832 ex
1630 1780 1744 1848 Virgine
1768 1782 1854 1836 blaria

1009 1853 1099 1901 matre
1109 1854 1292 1919 assumptus:
1307 1849 1517 1920 respondebunt
1532 1864 1632 1903 omues
1643 1850 1731 1904 dubia
1741 1853 1853 1932 procul,

1008 1934 1107 1972 rerum
1137 1934 1170 1973 ae
1192 1920 1341 1989 proprium
1370 1921 1541 1992 sanguinem
1569 1921 1688 1974 existere
1722 1921 1751 1976 Si
1788 1938 1853 1976 vero

1008 1989 1106 2043 eadent
1123 1991 1242 2058 questio
1256 1991 1306 2045 liat
1321 1992 1355 2045 de
1368 1993 1509 2060 sanguine
1525 2009 1540 2044 a
1561 1992 1673 2047 Christo
1689 1993 1751 2046 loso
1767 1997 1798 2045 ut
1819 2009 1853 2047 eo

1007 2065 1185 2184 pateremur,
1208 2077 1265 2115 non
1280 2061 1413 2115 eumdem
1436 2078 1497 2116 esse
1512 2063 1682 2131 sanguinem
1698 2064 1852 2134 responde-

1027 2135 1090 2199 unt,
1106 2131 1155 2185 sad
1171 2131 1202 2184 in
1218 2133 1309 2202 ligura
1325 2138 1438 2186 tanturn
1450 2147 1549 2185 rerum
1565 2132 1736 2201 sanguinem
1750 2149 1854 2203 rerroe·

1007 2207 1131 2267 seutare,
1148 2217 1198 2255 seu
1215 2202 1244 2255 in
1259 2200 1352 2272 ligura
1366 2203 1515 2273 porrigere
1529 2203 1663 2256 haeretico
1680 2218 1762 2257 sensu
1779 2205 1853 2258 rele-

1008 2275 1081 2325 rent.
1102 2273 1206 2327 Verum
1221 2271 1246 2326 si
1260 2272 1295 2326 de
1314 2273 1413 2327 eadem
1435 2272 1854 2343 quaestioneinterrogaremus

1008 2342 1206 2409 listramnum,
1230 2344 1370 2398 catholica
1392 2360 1475 2398 sensu
1501 2359 1516 2397 e
1540 2348 1637 2397 contra
1658 2345 1852 2414 respondebit.

1009 2413 1182 2468 «Christum
1205 2415 1235 2468 iu
1251 2415 1362 2469 deserto
1377 2414 1407 2468 in
1427 2413 1567 2484 spirituali
1583 2419 1664 2483 petra
1682 2415 1852 2479 constitisse,

1007 2490 1036 2538 et
1050 2484 1095 2538 sni
1107 2485 1255 2555 sanguinis
1270 2485 1377 2540 undam
1393 2485 1500 2556 populo
1515 2484 1680 2555 prebuisse,
1695 2485 1746 2556 qui
1756 2490 1854 2556 postea

1007 2570 1111 2624 corpus
1131 2556 1166 2608 de
1189 2556 1305 2625 Virgine
1330 2561 1477 2626 sumptum
1502 2562 1531 2609 et
1551 2572 1605 2625 pro
1629 2556 1719 2610 salute
1734 2557 1854 2610 creden·

1007 2625 1079 2678 tiuru
1105 2626 1133 2679 in
1159 2641 1242 2680 cruce
1265 2642 1435 2695 suspensum
1458 2627 1562 2680 nostris
1580 2628 1692 2680 secutis
1712 2626 1851 2695 exhibuit,

1007 2701 1035 2750 et
1051 2712 1084 2750 ex
1101 2711 1135 2749 eo
1150 2696 1298 2766 sanguinis
1313 2697 1419 2750 undam
1437 2696 1537 2750 alludit
1552 2712 1610 2767 quo
1626 2713 1683 2751 non
1696 2699 1790 2751 salum
1805 2714 1854 2752 re·

1007 2766 1199 2829 dimeremur,
1229 2782 1328 2821 verram
1352 2768 1439 2821 eliam
1465 2774 1640 2848 potaremur.
1667 2787 1681 2818 »
1712 2768 1786 2838 Ergo
1819 2785 1853 2822 ex

1006 2842 1102 2891 mente
1130 2837 1289 2905 liatramni,
1314 2837 1388 2891 sicut
1414 2838 1584 2892 redimimur
1611 2852 1679 2892 vero
1709 2839 1851 2909 sanguiue

1005 2907 1110 2964 Christi
1125 2908 1291 2979 exfcorporc
1305 2907 1340 2962 de
1357 2907 1473 2978 Virgine
1493 2914 1651 2978 assumpto,
1668 2909 1768 2962 eodeni
1789 2909 1852 2979 ipso

1003 2994 1120 3047 prorsus
1134 2993 1200 3032 vero
1215 2978 1353 3049 sanguine
1366 2985 1511 3048 potamur.
1525 2979 1719 3049 Respondebit.
1735 2981 1853 3050 insuper

1005 3050 1178 3102 llatramnus
1198 3064 1232 3102 eo
1253 3048 1394 3117 sanguine
1414 3065 1467 3102 uos
1482 3050 1588 3102 redimi
1609 3055 1638 3103 el
1653 3051 1747 3119 potari
1770 3052 1852 3120 cujus

1002 3117 1096 3188 ligura
1113 3118 1169 3172 luit
1187 3118 1217 3171 iu
1237 3133 1353 3182 manna,
1374 3118 1448 3171 mari
1470 3118 1566 3172 Rubro
1586 3124 1616 3172 et
1635 3124 1716 3189 petra
1732 3119 1852 3186 deserti3

1003 3188 1053 3260 qui
1074 3203 1138 3242 cum
1154 3188 1215 3258 jam
1237 3188 1384 3242 delitescat
1398 3187 1450 3241 sub
1466 3190 1534 3242 velis
1551 3193 1578 3243 et
1602 3189 1703 3258 liguris
1717 3205 1767 3243 seu
1787 3205 1852 3260 spe·

1003 3259 1100 3313 clebus
1120 3259 1177 3312 riui
1203 3264 1230 3312 et
1252 3258 1344 3328 panis,
1369 3257 1468 3330 ibique
1489 3274 1588 3313 revera
1611 3259 1723 3324 existat,
1746 3268 1851 3314 nostrae

1003 3330 1070 3384 lidei
1085 3334 1171 3400 atque
1187 3329 1385 3399 intelligentiae
1407 3328 1565 3399 spiritualis
1580 3330 1723 3399 objectum
1747 3330 1850 3396 evadit,

1003 3416 1056 3455 nec
1069 3400 1168 3468 deluit,
1186 3400 1310 3454 mirabili
1327 3400 1456 3455 veritalis
1470 3405 1497 3454 et
1513 3400 1616 3471 liguroe
1628 3400 1773 3466 societate,
1789 3400 1853 3454 lieri

1003 3472 1097 3542 ligura
1111 3487 1235 3538 mannae,
1253 3470 1341 3525 maris
1355 3471 1444 3526 linbri
1460 3475 1488 3525 et
1501 3479 1589 3541 petrae
1606 3471 1709 3525 deserti
1726 3471 1852 3542 praeteri-

1003 3546 1110 3610 torum,
1145 3542 1392 3612 quemadmodum
1419 3558 1534 3610 manna,
1565 3557 1643 3595 marc
1670 3542 1799 3596 Rubrum
1825 3548 1853 3597 et

1003 3620 1084 3684 petra
1114 3613 1219 3667 deserti
1245 3613 1368 3683 liguram
1396 3612 1523 3667 habuere
1547 3612 1722 3667 futurorum.
1746 3632 1760 3662 a
1776 3611 1855 3668 Sicut

1003 3685 1061 3748 illa,
1078 3683 1173 3754 iuquit
1189 3700 1269 3737 urim.
1290 3687 1319 3738 et
1341 3683 1463 3752 liguram
1478 3683 1603 3737 habuere
1621 3682 1798 3748 luturorum,
1814 3683 1853 3737 sic

1003 3758 1031 3806 et
1046 3756 1100 3808 hoc
1114 3754 1286 3807 sacrilitium
1301 3754 1394 3820 ligura
1406 3753 1439 3806 lit
1450 3753 1673 3822 praeteritorum.
1692 3776 1704 3798 »ι

1037 3825 1103 3878 XVl.
1129 3825 1208 3894 (Pag.
1239 3825 1302 3886 292,
1333 3838 1413 3876 num.
1444 3821 1518 3892 177.)
1546 3843 1560 3871 ν
1578 3825 1635 3877 Non
1658 3839 1722 3890 erqo
1744 3838 1853 3877 carnem

1002 3909 1099 3959 meam,
1122 3915 1136 3943 >s
1162 3893 1256 3965 inquit
1270 3893 1443 3948 liutramnus
1467 3907 1546 3945 num.
1571 3895 1615 3956 30,
1637 3896 1679 3946 cet
1693 3896 1854 3961 sanquinem

1003 3980 1090 4019 meum
1115 3964 1190 4019 uobis
1218 3965 1393 4032 corporaliter
1421 3962 1611 4017 comedendum
1638 3964 1680 4016 nel
1708 3964 1854 4017 hibendum

1000 4052 1052 4107 per
1076 4039 1171 4106 partes
1196 4035 1373 4089 distributum
1388 4033 1639 4089 distribuendumve
1657 4036 1772 4102 putetis,
1793 4049 1853 4087 cum

1000 4112 1063 4178 post
1087 4108 1311 4161 resurrectionem
1332 4107 1420 4159 uisuri
1438 4107 1500 4159 sitis
1519 4120 1560 4158 me
1580 4105 1656 4158 caios
1679 4118 1853 4158 ascensurum

1002 4193 1062 4232 cum
1076 4179 1178 4245 inthri
1192 4178 1313 4245 corporis
1327 4177 1384 4229 sinc
1395 4177 1538 4242 sanquinis
1557 4174 1736 4244 plenitudiue.
1755 4194 1769 4223 s
1785 4175 1852 4240 Quis

1002 4264 1064 4303 aero
1079 4248 1244 4303 acatholicis
1258 4248 1406 4301 somniauit
1428 4260 1536 4300 carnem
1555 4246 1659 4303 Christi
1676 4245 1853 4300 scindendam

104 4294 191 4360 ponit,
205 4306 318 4345 rursum
341 4293 481 4360 confirmat
503 4305 578 4343 num.
599 4292 644 4353 et,
671 4291 742 4343 sicut
763 4288 812 4341 ilia
831 4289 949 4356 tiquram
969 4320 991 4373 D
1003 4322 1034 4375 in
1045 4321 1174 4386 frustra?
1185 4319 1363 4374 mmmm„

104 4361 219 4416 intuere
243 4364 410 4429 staturarum,
436 4361 476 4416 sic
491 4364 517 4414 ct
539 4359 588 4415 hcc
611 4360 775 4430 sacrificium
796 4360 887 4428 neura
913 4360 950 4412 sit

103 4434 313 4499 praeminum.

448 4516 604 4556 aesrousro.

135 4605 214 4660 Nihil
230 4604 265 4660 de
281 4604 459 4660 Eucharistiae
477 4606 547 4661 dicit
562 4607 735 4661 liutramnus
749 4619 783 4657 eo
802 4619 881 4657 num.
904 4605 949 4669 it,

106 4679 192 4730 necin
203 4675 392 4746 sequentibus
407 4676 446 4730 ait
457 4692 491 4730 ea
510 4676 577 4747 fidei
590 4676 770 4743 intelliqentia
790 4675 950 4741 mysterium

105 4745 157 4801 dim
170 4752 197 4801 ct
214 4748 292 4816 μονὴ
308 4748 355 4801 sed
373 4745 504 4800 observat
529 4747 698 4816 mysterium
722 4746 801 4816 quod
824 4744 952 4813 exsurgit

106 4832 133 4870 ax
143 4833 267 4887 corpore
282 4823 310 4871 et
322 4816 462 4887 sanguine
477 4816 582 4872 Christi
593 4819 674 4887 panis
687 4821 716 4869 et
731 4815 790 4868 vini
803 4815 951 4884 speciebus

105 4885 251 4952 involutis,
266 4893 295 4941 et
314 4888 449 4957 adjuncta
465 4888 569 4941 virtute
584 4885 826 4951 sauclilicationis,
843 4884 873 4937 in
890 4900 952 4953 gra·

105 4957 173 5012 iam
201 4957 332 5011 lidelium
361 4958 448 5027 digne
479 4956 686 5028 recipiendum,
720 4955 783 5010 lieri
807 4955 951 5024 objectum

106 5026 189 5083 lidei:
206 5029 285 5099 quod
306 5028 423 5099 quidem
450 5042 508 5081 non
528 5029 620 5081 solum
638 5025 827 5089 Eucharistiae,
851 5039 952 5077 verum

106 5102 187 5153 etiam
213 5098 349 5152 omnibus
372 5097 475 5151 reseris
500 5103 528 5152 et
555 5114 636 5152 novae
665 5096 737 5166 legis
767 5096 951 5149 sacramentis

106 5169 284 5241 aequabiliter
306 5169 450 5223 convenit.
471 5169 526 5222 Nee
540 5184 607 5221 vero
628 5167 773 5236 singulare
788 5170 831 5219 est
846 5166 952 5219 Euclra·

107 5239 190 5294 ristiae
214 5239 294 5310 quod
318 5240 408 5293 rirtns
427 5238 661 5293 sanctificationis
685 5237 858 5306 adjungatur
883 5236 951 5304 pani

107 5314 131 5362 st
142 5311 221 5377 rino,
237 5308 483 5380 quemadmodum
500 5324 583 5380 aquae
603 5308 632 5362 in
649 5307 801 5377 baptismo,
816 5305 863 5359 sed
879 5306 950 5372 adji-

107 5379 205 5446 ciatur,
232 5395 297 5435 cuni
320 5380 445 5434 addatur
468 5395 536 5434 vero
559 5379 673 5449 corpori
687 5376 792 5432 Christi
815 5375 868 5429 sub
883 5391 950 5445 spe-

106 5450 199 5505 ciebus
231 5466 282 5504 serr
304 5450 405 5521 liguris
428 5449 576 5504 recondito
602 5454 632 5503 et
654 5447 762 5501 latenti.
788 5447 865 5501 llanc
890 5462 951 5499 esse

106 5527 230 5577 mentem
253 5519 403 5576 Retramni
422 5535 480 5576 nan
503 5518 695 5574 dubitandum
719 5522 771 5585 est,
788 5532 854 5572 cum
877 5516 952 5571 dicat

137 5682 248 5738 ·l‘rosa
262 5681 338 5739 Festi
350 5679 380 5737 S.
393 5660 569 5736 Sacramenti
582 5678 664 5750 cujus
679 5681 778 5734 auctor
787 5676 816 5734 S.
831 5677 964 5735 Thomas.

1352 4437 1510 4478 RESPONSO.

1040 4528 1225 4585 Adversarios
1260 4527 1410 4583 Retramni
1449 4527 1538 4581 luisse
1580 4526 1733 4583 catholicos
1770 4529 1853 4584 valde

1006 4598 1140 4654 credibile
1156 4604 1185 4652 et
1198 4598 1281 4652 valde
1301 4598 1451 4668 probabile
1471 4604 1529 4664 est;
1556 4602 1584 4651 et
1605 4614 1670 4653 cum
1693 4600 1852 4670 praesertim

1006 4687 1055 4725 eos
1070 4670 1168 4724 lideles
1183 4670 1308 4740 appellet
1324 4684 1404 4723 num.
1423 4671 1466 4733 ll,
1483 4668 1518 4722 ab
1533 4668 1612 4723 omni
1628 4668 1745 4725 haeresis
1759 4672 1853 4741 suspi-

1005 4741 1087 4794 cione
1101 4742 1246 4794 immunes
1265 4740 1352 4793 luisse
1376 4739 1555 4793 abundanter
1570 4740 1712 4810 signiticat
1726 4757 1732 4795 :
1748 4760 1762 4791 s
1779 4741 1851 4794 Duru

1006 4812 1082 4866 enim
1098 4811 1215 4891 quidam
1231 4809 1359 4864 lidelium
1372 4811 1501 4880 corporis
1513 4811 1721 4882 sanguinisque
1736 4811 1850 4876 Christi,

1006 4882 1082 4952 quod
1103 4897 1134 4935 m
1158 4881 1280 4935 Ecclesia
1303 4879 1433 4951 quotidie
1456 4881 1627 4948 celebratur,
1655 4883 1755 4936 dicunt
1774 4881 1851 4949 quod

1007 4952 1084 5006 nulla
1104 4951 1157 5005 sub
1180 4950 1284 5022 figura,
1302 4952 1380 5005 nulla
1407 4950 1460 5005 sub
1484 4952 1656 5005 revelatione
1680 4952 1739 5016 lint,
1757 4970 1768 4998 s
1786 4951 1851 5019 quis

1005 5022 1082 5076 enim
1099 5038 1151 5092 per
1164 5022 1296 5090 quosdam
1308 5021 1433 5092 fidetium
1448 5021 1579 5076 homines
1595 5021 1698 5075 lraeresi
1713 5019 1850 5089 inquina-

1005 5096 1049 5146 tos
1064 5092 1219 5163 significari
1242 5092 1297 5147 sibi
1313 5092 1506 5162 persuadeat?
1522 5097 1556 5147 ut
1577 5108 1644 5145 vero
1659 5091 1701 5145 illi
1720 5091 1850 5144 adversa·

1006 5163 1042 5217 rii
1057 5163 1211 5217 credebant
1234 5177 1333 5216 revera
1352 5162 1444 5216 rideri
1458 5179 1508 5217 seu
1525 5161 1652 5231 conspici
1667 5161 1696 5214 in
1716 5161 1848 5215 Euchari-

1006 5234 1060 5288 stia
1084 5249 1186 5304 corpas
1210 5233 1314 5287 Christi
1330 5248 1442 5300 rerum,
1463 5249 1497 5286 eo
1521 5232 1621 5285 habitu
1644 5236 1672 5284 et
1686 5230 1778 5285 forma
1792 5232 1852 5301 qui·

1007 5304 1060 5359 bus
1084 5319 1181 5358 revera
1197 5303 1380 5370 consistebat,
1401 5304 1489 5358 nrtllis
1511 5302 1670 5355 insolutum
1688 5301 1789 5372 liguris
1801 5309 1852 5359 aul

1007 5374 1135 5444 mysterii
1155 5373 1433 5439 obumbrationibus,
1453 5393 1467 5421 a
1483 5371 1560 5442 quod
1578 5371 1657 5425 ncilla
1676 5371 1728 5427 sah
1745 5373 1849 5443 ligura,

1007 5446 1086 5499 nulla
1100 5444 1153 5499 sub
1172 5444 1393 5499 obumbratione
1411 5443 1472 5496 liat.
1488 5462 1502 5491 n
1525 5441 1670 5512 Ejusmodi
1685 5444 1850 5510 adversarii,

1007 5521 1152 5588 atcunque
1167 5519 1310 5587 poteraut,
1332 5511 1451 5570 lotidem
1467 5513 1699 5570 consecutionem
1720 5515 1851 5588 repudia·
