3930 6098
46 271 103 328 lae
290 284 296 292 ’
824 272 1021 335 nerstein.
1748 278 1802 339 430

46 408 245 464 mutabundus
259 409 415 481 eloquitur,
431 425 488 465 non
508 407 553 466 hic
568 411 603 466 de
623 411 777 483 imperitia,
794 414 842 468 sed
859 414 893 469 de
912 413 935 467 A
951 416 1008 467 tem
1019 413 1100 483 juxta
1112 417 1140 466 te
1156 411 1268 477 Donati,
1285 428 1341 466 nan
1362 415 1390 468 te
1411 409 1511 484 pudet,
1537 415 1648 486 dilecte,
1668 423 1728 473 tam
1754 419 1803 474 in-

46 496 210 551 humilitate
240 496 401 568 digeritur:
423 496 492 568 quia
521 498 611 553 sancti
641 506 669 555 et
697 499 815 570 perfecti
836 501 898 563 riri,
954 502 1085 557 firmiora
1096 500 1173 572 parti
1188 506 1245 555 tuse
1256 500 1423 556 testimonia
1438 503 1490 569 uti,
1503 508 1620 576 tamque
1635 506 1692 562 alio
1717 523 1804 575 opere

45 588 102 642 etsi
132 588 169 643 ad
203 603 346 642 summam
379 588 514 643 virtutem
537 591 700 660 proficiunt,
729 608 759 648 se
787 609 902 664 semper
954 590 1143 661 congruentia
1158 590 1224 645 huic
1238 594 1344 644 nostrie
1359 592 1507 647 assertioni
1523 597 1645 664 aptare?

44 676 173 731 necdum
198 677 419 748 apprehendisse
442 679 653 749 conquiruntt.
680 681 732 736 Hic
753 681 832 736 enim
850 682 900 736 ubi
990 684 1015 734 7.
1033 679 1169 750 Sequitur
1183 680 1214 734 iu
1227 679 1349 749 epistola
1363 684 1429 734 tua:
1450 681 1531 745 Quod
1554 684 1578 736 si
1592 685 1641 754 qui
1662 684 1804 740 arbitrant
1912 694 1920 703 ’

44 765 75 818 in
87 765 225 820 conflictu
242 773 283 819 est
292 766 415 837 positus,
432 768 516 838 qnasi
535 767 670 823 dubitans
685 770 767 839 detse
780 770 843 842 ipso
858 775 902 825 est
953 784 1006 840 per
1021 769 1211 823 humilitatem
1235 768 1353 833 dictum,
1379 768 1493 824 videant
1517 770 1803 843 inconsequentibus

45 855 187 911 elocutus.
208 855 284 911 Nihil
310 856 388 911 enim
419 857 464 911 tric
485 862 536 911 aut
564 857 599 913 de
627 858 755 927 scientia,
788 863 837 914 aut
866 859 901 914 de
955 873 1041 928 quam
1053 873 1157 928 magna
1168 858 1201 912 de
1216 857 1456 928 profectibussuis
1469 864 1620 926 memorat,
1637 876 1702 915 cum
1715 860 1801 916 dicit:

45 943 202 998 verborum
217 945 315 1015 posuit
328 944 489 1015 disciplina,
502 946 550 1001 sed
567 951 679 1002 tantum
694 964 814 1019 operum
831 965 900 1002 suo·
955 947 1002 1002 Ea
1013 946 1122 1016 quidem
1137 961 1196 1015 quse
1208 950 1279 1001 retra
1298 950 1362 1000 suat
1381 946 1548 1008 obliviscens,
1565 946 1602 1000 ad
1621 965 1652 1002 ea
1667 963 1726 1017 qua
1740 955 1804 1006 ante

46 1047 113 1086 rum
140 1032 257 1104 digessit
281 1035 448 1089 certamina.
481 1036 560 1091 Unde
585 1040 613 1089 e't
639 1036 763 1092 addidit:
791 1038 901 1092 Macera
954 1040 1018 1090 sunt
1031 1051 1072 1089 me
1085 1034 1240 1100 retendens,
1264 1034 1411 1089 secundam
1437 1037 1605 1104 propositum
1633 1050 1740 1105 sequor,
1767 1036 1805 1091 ad

45 1136 147 1190 corpus
168 1138 255 1177 meum
275 1128 301 1177 et
322 1124 352 1177 in
373 1126 529 1179 seruitutem
547 1125 672 1194 subjicio,
696 1128 820 1194 nefarie
838 1127 901 1181 aliis
952 1125 1210 1193 palmarnsupernse
1223 1125 1372 1177 vacationis
1389 1125 1437 1178 Dei
1450 1125 1480 1176 in
1491 1123 1604 1178 Christo
1617 1125 1687 1178 Jesu
1708 1124 1803 1193 titia,

44 1210 204 1279 praedicans
219 1212 276 1279 ipse
287 1211 416 1281 reprobus
429 1214 546 1282 efficiar.
564 1213 686 1268 Uacerat
699 1213 776 1269 enim
798 1229 901 1285 corpus
956 1214 1000 1277 ts,
1017 1212 1071 1282 ll).
1090 1211 1189 1266 Nescia
1213 1211 1260 1265 hic
1286 1217 1384 1266 contra
1409 1226 1495 1281 quem
1511 1210 1640 1279 dimicas,
1660 1227 1806 1284 quemque

47 1314 135 1355 suum
164 1314 217 1369 per
243 1300 292 1353 illa
315 1315 380 1370 quae
404 1301 435 1354 in
460 1300 517 1355 alia
537 1301 661 1373 Epistola
689 1302 900 1375 triumphorum
956 1299 1042 1370 hujus
1057 1300 1206 1355 sententiae
1221 1300 1324 1354 ancilla
1342 1299 1503 1354 ‘trucidare
1517 1299 1643 1355 festinas.
1670 1300 1806 1372 Nunquid

49 1403 173 1443 suorum
195 1388 300 1442 enodat
322 1393 442 1459 tropaea,
461 1405 513 1459 per
531 1393 677 1458 irrsamiam
697 1396 722 1446 et
746 1391 841 1446 dariam
856 1393 902 1459 sa·
956 1388 991 1443 de
1001 1389 1177 1460 perfectione
1188 1388 1282 1443 autde
1292 1388 1510 1460 imperfectione
1526 1389 1579 1443 luit
1591 1389 1737 1445 contentio
1753 1405 1807 1443 no·

47 1489 134 1539 mam,
159 1489 208 1543 per
232 1475 348 1540 pluriam
377 1479 402 1528 et
428 1474 627 1542 iqnabilitatem
651 1474 690 1545 (ll
715 1476 774 1531 Uar.
801 1493 840 1542 vr,
864 1475 901 1542 8),
956 1481 1012 1531 stra
1021 1481 1053 1531 ut
1064 1477 1285 1532 totiustcontra
1298 1477 1359 1531 haec
1369 1480 1458 1530 certet
1472 1477 1595 1532 invectio
1618 1477 1736 1532 vestra?
1751 1477 1807 1531 nisi

50 1579 163 1634 perque
181 1562 257 1617 billa
276 1564 374 1617 amnia
394 1578 458 1634 quae
486 1563 516 1617 in
536 1563 665 1634 jejuniis,
690 1570 718 1620 et
739 1565 851 1636 vigiliis,
872 1565 902 1619 in
955 1565 1075 1621 forsitan
1089 1582 1122 1620 ea
1139 1582 1203 1636 quie
1220 1569 1296 1620 retro
1310 1565 1387 1620 vides
1407 1566 1442 1620 ab
1468 1582 1502 1620 eo
1526 1566 1615 1621 oblita
1637 1566 1806 1638 grammati·

50 1650 200 1722 periculis,
216 1650 245 1704 in
261 1651 384 1716 damnis,
402 1651 431 1705 in
454 1652 557 1722 plagis,
581 1652 624 1706 vel
640 1652 750 1707 caeteris
770 1653 903 1708 innume·
959 1671 1020 1710 cam
1037 1654 1123 1710 dicas.
1145 1655 1219 1710 Dicis
1239 1654 1333 1709 enim:
1350 1655 1508 1724 Quicunque
1529 1656 1599 1709 enim
1619 1656 1735 1724 perfecti
1759 1670 1806 1709 su·

50 1739 194 1794 rabilibus
209 1739 315 1811 quibus
329 1738 461 1794 subditus
475 1745 517 1794 est
533 1739 701 1811 disciplinis.
923 1712 1026 1807 Bmers,
1050 1745 1097 1798 hoa
1124 1746 1272 1798 sentiamus
1308 1742 1408 1814 (lbra,
1446 1744 1506 1810 lbi:
1536 1742 1566 1796 in
1596 1758 1654 1814 qua
1683 1742 1808 1798 ostendit

87 1833 114 1884 a.
132 1829 205 1894 Quid
226 1829 272 1884 hia
287 1828 323 1883 ad
343 1844 377 1884 ea
400 1845 465 1900 quse
488 1828 564 1883 inter
591 1846 644 1885 nos
666 1836 727 1885 acta
747 1835 813 1886 sunt
835 1847 903 1890 con.
957 1832 1102 1902 duplicem
1115 1848 1176 1887 esse
1192 1831 1398 1902 perfectionem
1412 1850 1420 1898 ;
1436 1846 1521 1884 unam
1539 1846 1603 1901 quse
1616 1835 1657 1884 est
1670 1829 1701 1884 in
1716 1830 1809 1902 exple.

51 1933 169 1989 gruum,
186 1916 255 1989 quid
266 1916 317 1972 tibi
331 1922 567 1984 consentaneum,
584 1919 687 1990 quidve
709 1919 782 1974 mihi
795 1920 902 1975 ibidem
956 1921 1035 1977 tione
1060 1921 1218 1989 virtutum;
1250 1920 1406 1975 secundum
1428 1935 1515 1991 quam
1531 1918 1608 1986 dicit,
1625 1919 1805 1990 quodetiam

51 2011 144 2061 exstat
158 2005 352 2061 adversarium
379 2007 464 2077 plane
488 2022 546 2061 non
572 2008 663 2075 videa,
696 2024 749 2063 nec
778 2008 903 2080 aliquem
958 2010 993 2065 sit
1004 2010 1157 2081 perfectas.
1175 2010 1245 2064 Ecce
1269 2010 1319 2064 illa
1333 2009 1368 2064 de
1384 2025 1441 2081 qua
1456 2009 1516 2079 ipse
1534 2008 1623 2063 dicit:
1644 2010 1705 2063 Etsi
1718 2009 1807 2079 impe·

51 2096 148 2151 videre
168 2094 329 2166 perpendo.
346 2095 498 2166 Adjiaisin
525 2096 765 2167 consequentibus
788 2098 904 2152 dicens:
957 2101 1030 2154 ritus
1069 2112 1200 2164 sermone,
1233 2113 1286 2152 noa
1317 2102 1406 2152 tamen
1433 2099 1564 2152 scientia:
1592 2096 1703 2169 peritia
1730 2096 1807 2151 enim

55 2186 85 2239 Et
98 2183 135 2239 ad
159 2184 357 2255 Philippenses
383 2184 511 2239 scribens
533 2185 670 2256 quiddam
697 2185 727 2239 in
749 2185 783 2253 sse
810 2187 906 2240 minus
958 2185 1083 2243 scientim
1098 2185 1236 2239 virtutum
1252 2185 1389 2256 perfectio
1410 2190 1463 2240 est.
1488 2184 1537 2239 Uic
1552 2185 1638 2240 aliam
1655 2184 1808 2255 perfectio·

54 2274 146 2329 adhuc
168 2288 229 2327 esse
245 2287 331 2342 quam
346 2278 447 2344 postea
468 2278 613 2327 assecutus
635 2279 678 2328 est
698 2274 904 2345 perfectionem
959 2274 1163 2346 aemulique
1187 2274 1266 2329 illam
1283 2290 1369 2346 quam
1385 2273 1474 2328 dicis:
1493 2273 1628 2345 Nunquid
1651 2278 1680 2329 et
1703 2272 1809 2344 peritia

58 2360 191 2416 ostendit.
214 2362 283 2415 Ecce
312 2366 341 2415 et
356 2361 401 2415 hic
416 2361 520 2415 iterum
541 2361 741 2432 imperfectum
765 2363 905 2434 praedicas
960 2369 1079 2419 nonest
1095 2363 1321 2419 derirtutibus'i
1338 2363 1392 2418 Sed
1420 2379 1507 2434 quarn
1525 2363 1658 2433 peritiam
1680 2363 1808 2418 hocloco

58 2458 141 2523 atque
156 2449 321 2518 confirmas,
339 2451 421 2520 quasi
436 2450 585 2504 nobiscum
603 2450 637 2505 da
653 2451 828 2522 perfectione
843 2453 905 2523 ejus
959 2454 1120 2526 siguificare
1135 2452 1272 2522 volueris,
1287 2468 1362 2524 pene
1377 2452 1479 2506 tertius
1498 2451 1608 2506 nescio:
1626 2452 1726 2507 Utrum
1740 2466 1809 2523 ope·

59 2546 103 2594 aut
126 2539 161 2594 da
186 2537 402 2609 imperfectione
424 2541 591 2595 contendas.
616 2540 674 2595 Nisi
700 2540 774 2595 farte
794 2541 904 2596 nullam
960 2559 1035 2606 rum,
1065 2541 1268 2596 anverboram
1293 2557 1352 2595 non
1376 2539 1446 2596 satis
1471 2540 1597 2595 adserta.
1623 2540 1653 2595 Si
1674 2555 1808 2612 operum,

61 2627 262 2699 perfectionem
291 2627 395 2683 sanctis
418 2627 486 2682 viris
516 2628 586 2682 citra
609 2629 804 2698 grammatica
837 2628 906 2684 artis
959 2647 1018 2686 non
1044 2630 1143 2685 refello
1165 2646 1172 2697 ;
1198 2629 1222 2684 si
1238 2629 1403 2695 verborum,
1429 2628 1588 2683 intantum
1612 2628 1808 2700 rejieiaetre·

64 2717 173 2773 scientia
188 2721 283 2788 putas.
298 2717 348 2771 Ait
363 2716 440 2771 enim
455 2733 461 2770 :
478 2716 655 2773 conformari
674 2733 703 2772 se
720 2718 807 2772 morti
821 2717 905 2773 Chri-
959 2736 1037 2787 cuso,
1055 2724 1087 2774 ut
1099 2734 1162 2774 eam
1177 2717 1329 2772 stultitiam
1343 2717 1458 2790 eloquio
1473 2717 1587 2772 firmem
1611 2717 1720 2772 divino.
1737 2714 1811 2770 Dicit

66 2806 103 2874 sti,
117 2808 141 2860 si
156 2821 216 2878 quo
231 2804 317 2860 modo
330 2809 459 2859 accurrat
482 2806 512 2858 in
528 2806 764 2861 resurrectionem
780 2823 845 2878 qua}
864 2810 908 2862 est
959 2809 1038 2864 enim
1055 2807 1230 2879 Apostolus:
1246 2807 1389 2877 Sapientia
1410 2807 1493 2876 liujus
1518 2806 1614 2861 mundi
1627 2806 1747 2860 stultitia
1770 2809 1810 2860 est

68 2894 206 2949 amonuis
222 2894 335 2963 (Philip.
361 2909 400 2954 ιιι,
419 2894 462 2959 l0,
485 2892 538 2963 ll).
556 2894 618 2947 Non
642 2893 719 2948 enim
740 2893 856 2962 diceret,
880 2896 906 2949 si
960 2898 1034 2968 apud
1050 2900 1132 2952 Deum
1151 2895 1175 2966 (l
1198 2897 1260 2952 Uar.
1280 2911 1321 2962 ιιι,
1350 2898 1401 2959 19).
1419 2895 1499 2950 Unde
1524 2900 1553 2950 et
1573 2894 1608 2949 ad
1622 2892 1806 2949 Corinthios:

69 2998 109 3051 qua
132 2982 223 3050 moda,
245 2982 271 3036 si
285 2982 312 3036 ei
332 2982 470 3053 jamtum
497 2997 542 3036 res
560 2981 721 3036 indubitata
748 2982 903 3038 rideretur.
923 2987 1023 3069 Coun
1045 2985 1130 3040 stulta
1154 2983 1251 3038 mundi
1269 2983 1349 3051 eleqit
1365 2984 1440 3043 Deus.
1458 2988 1489 3037 ut
1503 2982 1655 3050 coanrndat
1673 2983 1809 3052 sapientes

10 3101 13 3133 :
70 3069 156 3126 istaut
171 3071 241 3143 quid
268 3070 407 3141 posueris,
424 3086 476 3139 pro
498 3074 576 3124 certo
599 3087 655 3124 uon
682 3071 824 3141 intelllgo‚
848 3072 903 3125 nisi
958 3074 984 3142 (l
997 3075 1057 3129 Cor.
1079 3089 1097 3139 1,
1112 3073 1168 3140 27).
1187 3071 1263 3134 Quos
1287 3071 1387 3142 utique
1411 3071 1581 3142 sapientes?
1595 3068 1730 3140 Nunquid
1754 3085 1808 3123 no·

10 3171 14 3221 g
71 3156 173 3214 forsitan
198 3158 361 3229 legentibus
395 3157 579 3228 scripulum⁰
610 3158 759 3230 imponere
776 3160 901 3227 voluisti,
957 3166 1030 3216 siros
1054 3159 1248 3213 sanctissimos
1270 3161 1423 3227 Patres,et
1449 3175 1509 3214 non
1529 3156 1807 3228 potiusgrammati·

10 3276 15 3309 ς
72 3248 132 3317 quod
152 3247 266 3302 absita
301 3246 432 3301 sensibus
455 3246 522 3313 tuis,
550 3247 812 3302 reverendissime:
834 3249 903 3303 dum
958 3266 1016 3314 cos,
1041 3248 1237 3320 philosophos,
1259 3253 1288 3302 et
1309 3246 1463 3302 rhetores?
1489 3246 1571 3300 vides
1590 3243 1726 3299 confusos
1747 3259 1808 3299 esse

10 3373 15 3383 .
73 3334 229 3391 enimdicis:
247 3334 347 3406 Siqua
362 3334 449 3390 modo
463 3340 596 3390 occurrat
608 3336 638 3391 in
661 3336 903 3392 resurrectionem
958 3354 1032 3410 quos
1043 3337 1203 3408 sequendos
1223 3335 1372 3407 praedicas,
1388 3340 1416 3389 et
1431 3334 1521 3389 inulta
1536 3333 1649 3389 extollis
1664 3332 1758 3389 laude.
1776 3333 1810 3388 lit

10 3474 16 3488 ,
74 3429 228 3492 quaestor
256 3423 397 3479 mortuis:
415 3428 444 3479 et
458 3423 556 3479 addis:
574 3425 637 3479 Non
658 3425 734 3479 enim
750 3424 855 3480 diceret
879 3427 905 3480 si
959 3426 1028 3481 alibi
1044 3425 1121 3480 idem
1136 3425 1386 3495 Apostoloszliqa
1402 3439 1462 3478 eam
1475 3425 1607 3478 venissem
1619 3422 1657 3478 ad
1670 3437 1727 3492 aas,
1746 3424 1808 3490 fra·

74 3525 112 3578 qua
131 3513 219 3578 moda,
245 3513 269 3567 si
296 3513 322 3567 ei
335 3513 394 3583 jam
412 3517 480 3567 tunc
498 3529 542 3568 res
564 3512 725 3568 indubitata
739 3513 903 3581 rideretur;
958 3521 1020 3579 tres,
1041 3529 1095 3569 nan
1109 3516 1172 3568 reni
1184 3530 1233 3584 per
1255 3514 1449 3568 sublimitatem
1477 3512 1618 3580 sermonis,
1644 3516 1675 3567 ut
1698 3513 1808 3582 sapiens

10 3627 19 3660 .
75 3602 255 3657 ostendisnan
281 3617 316 3656 ex
339 3600 497 3657 deliberata
512 3601 697 3672 apostolicam
718 3603 904 3657 resurrectio·
957 3605 1124 3659 annuntians
1152 3603 1227 3657 sabis
1255 3604 1435 3657 testimonium
1458 3602 1561 3659 Christi
1583 3602 1603 3671 (l
1633 3601 1699 3656 Gar.
1719 3617 1749 3669 n,
1772 3599 1808 3671 t).

10 3725 19 3736 .
76 3701 124 3743 nem
142 3689 308 3753 credidisse,
333 3689 382 3744 sed
404 3687 492 3743 dubio
512 3689 565 3743 hoc
585 3689 699 3760 eloquio
719 3695 903 3761 temperasse,
958 3694 1027 3758 Qum
1042 3696 1086 3746 ast
1099 3691 1177 3745 enim
1192 3690 1352 3745 sublimitas
1378 3690 1529 3751 sermonis,
1554 3689 1610 3745 nisi
1633 3689 1742 3761 regulae
1757 3704 1809 3760 per

10 3802 16 3835 ι
75 3778 134 3845 qaod
151 3778 244 3833 mullo
264 3777 407 3849 longeque
422 3777 664 3833 aliteradoctore
676 3777 725 3832 illo
740 3777 904 3850 intelligen-
959 3780 1178 3850 metaplasmum
1207 3784 1236 3833 et
1262 3783 1358 3848 tropos
1382 3777 1508 3831 Donati?
1531 3776 1614 3832 Vides
1639 3776 1809 3847 Apostolum

10 3890 20 3926 r
75 3863 127 3922 dam
148 3873 193 3922 est
216 3867 323 3922 dictum
352 3866 452 3933 fuisse,
483 3865 559 3938 quod
582 3882 638 3920 nan
669 3866 716 3921 hic
744 3867 905 3937 accepimus
960 3886 1018 3924 non
1032 3883 1085 3939 per
1099 3867 1212 3921 eosdem
1229 3871 1326 3937 aptare
1341 3880 1482 3936 gressum,
1499 3864 1549 3919 sed
1568 3879 1620 3934 per
1634 3863 1808 3934 simplicita-

10 3988 19 4014 .·
73 3956 265 4011 ventilandum.
285 3955 536 4011 Uocsalurnmodo
557 3956 700 4026 proferam
724 3960 751 4011 te
770 3956 905 4011 inracuo
959 3962 1017 4013 tem
1044 3956 1235 4013 Christiscire
1261 3954 1414 4009 Dominum
1433 3954 1530 4008 lesum
1551 3953 1713 4020 Christum
1730 3951 1808 4007 unde

10 4051 22 4102 s
73 4039 111 4098 iac
124 4061 212 4117 opere
227 4043 392 4109 desudasse,
414 4049 442 4099 et
465 4043 690 4115 incongruenter
704 4043 820 4115 negotio
839 4061 906 4100 sen·
959 4050 987 4101 et
1001 4046 1031 4100 in
1047 4034 1287 4116 consequentibus
1303 4042 1507 4098 addidittlllan
1527 4044 1557 4096 in
1581 4041 1807 4097 doctishumanae

73 4134 159 4189 untias
173 4133 314 4205 posuisse.
332 4133 404 4187 Item
419 4132 479 4187 ais:
493 4132 549 4188 Sed
570 4136 598 4186 et
619 4133 906 4204 inconsequentibus
959 4136 1102 4203 sapientie
1114 4132 1223 4201 uerbis3
1248 4131 1294 4186 scd
1316 4133 1346 4185 iu
1373 4131 1499 4186 doctrina
1516 4131 1647 4201 Spiritus,
1671 4131 1808 4200 spiritua-

10 4256 23 4281 s
74 4220 186 4286 eiusdem
202 4221 336 4293 Epistola
365 4221 428 4276 hac
454 4221 554 4276 cadem
577 4221 702 4276 ostendit
726 4238 792 4276 cum
818 4222 904 4277 dicit:
960 4223 1030 4280 libus
1057 4222 1220 4292 spiritualia
1251 4224 1436 4291 comparantes
1468 4220 1564 4290 (ibid,
1597 4218 1650 4290 tt).
1688 4218 1809 4274 Attende

10 4334 22 4370 ι
75 4307 115 4365 lon
128 4310 203 4381 quad
224 4311 285 4381 jam
304 4317 459 4366 consecutus
480 4324 549 4377 sum,
573 4314 622 4364 aut
635 4312 789 4380 perfeetum
808 4326 906 4380 sequar
924 4310 1029 4383 unid
1047 4311 1138 4366 dicat:
1166 4312 1223 4364 tlon
1236 4311 1266 4363 in
1292 4309 1377 4364 doctis
1402 4312 1526 4364 bumaria
1545 4310 1686 4378 sapientise
1709 4308 1809 4362 uerbis.

10 4430 18 4459 ι
74 4398 429 4468 utmarmmprenmaam
454 4400 483 4452 ia
504 4414 557 4468 qua
587 4399 791 4468 comprehensus
814 4414 907 4454 suma
960 4398 1028 4464 Quae
1041 4402 1084 4453 est
1097 4398 1158 4453 bueo
1172 4397 1462 4468 humanasapientia,
1478 4412 1531 4467 per
1550 4395 1632 4465 cujus
1646 4394 1811 4450 doctissima

10 4514 17 4541 r
75 4483 168 4543 Christo
197 4485 293 4558 (leia,
326 4487 381 4557 li).
415 4487 464 4541 Hic
502 4485 573 4541 mihi
605 4486 778 4556 respondeas
808 4487 905 4542 velim.
961 4487 1060 4558 nequit
1089 4487 1242 4557 Apostolus
1260 4485 1385 4541 incidere
1410 4486 1507 4553 rerba,
1537 4483 1593 4539 nisi
1620 4484 1650 4538 in
1674 4484 1736 4539 baec
1761 4487 1812 4537 tua

10 4602 26 4639 ς
77 4569 192 4647 linquid
213 4575 432 4646 grammaticam
450 4591 570 4647 sequere
586 4592 615 4630 se
631 4575 723 4631 dixit?
737 4583 786 4630 aut
801 4576 832 4630 in
847 4581 907 4631 arte
960 4575 1126 4630 laudabilih
1143 4577 1252 4645 regula,
1277 4573 1307 4628 in
1327 4590 1385 4644 qua
1409 4578 1495 4643 putas
1515 4574 1602 4629 totius
1626 4569 1810 4643 perfectionis

10 4690 28 4727 ι
79 4658 159 4718 unsri
178 4679 209 4718 se
234 4680 250 4717 a
277 4663 388 4719 Christo
416 4665 659 4734 comprehensum
687 4665 844 4735 cognoscit,
876 4669 909 4718 ut
961 4664 1083 4719 existere
1100 4662 1398 4732 summa‘lConspicis
1411 4662 1568 4715 humanam
1583 4660 1755 4731 sapientiam
1775 4660 1811 4715 ab

10 4792 29 4816 ,.
78 4743 181 4808 lutus
207 4751 292 4808 nabis
315 4753 431 4808 solertia
454 4769 507 4824 pro
527 4753 715 4824 grammatica
733 4753 909 4807 certantibus
961 4752 1097 4824 Apostolo
1111 4754 1320 4820 nuncupatam,
1341 4765 1429 4821 qaam
1461 4754 1491 4805 tu
1519 4749 1685 4820 importune
1708 4747 1810 4803 asseris

10 4870 30 4903 :—
79 4839 909 4912 proferitiquodillerirtantusprovirtutumculmina·
962 4857 1024 4895 esse
1048 4840 1184 4895 divinam.
1212 4839 1294 4894 Fides
1317 4841 1387 4894 enim
1411 4843 1514 4906 nostra,
1537 4843 1569 4892 ut
1591 4838 1746 4907 Apostolus
1760 4835 1811 4900 ait,

19 4958 25 4963 -
78 4922 146 4981 ionis
163 4945 277 4984 summa
294 4929 459 5000 protestati
475 4928 630 5001 Sequitur:
647 4930 704 4998 Epa
718 4945 766 4990 me,
781 4932 872 4998 frater
886 4941 907 4996 ⁰,
961 4945 1016 4984 nan
1030 4933 1068 4984 est
1082 4932 1111 4983 in
1124 4929 1261 4998 sapientia
1276 4928 1425 4993 bominum,
1440 4927 1488 4982 sed
1503 4930 1532 4980 in
1556 4928 1657 4981 uirtute
1681 4926 1742 4980 Dei.
1758 4925 1810 4978 Sa-

79 5024 161 5076 uam
186 5019 278 5087 ipsum
296 5018 418 5073 nondum
436 5019 558 5073 arbitror
580 5017 790 5088 apprehendisse
812 5018 908 5089 (itia,
961 5019 1093 5088 pientiam
1109 5022 1198 5071 autem
1223 5018 1369 5086 loquimur,
1387 5015 1490 5086 inquit,
1505 5017 1576 5069 inter
1601 5016 1743 5084 perlectas.
1759 5012 1812 5066 Sa·

10 5134 16 5158 ·.
81 5100 119 5173 iil.
139 5104 211 5170 Quid
230 5104 369 5161 obsecro?
388 5106 610 5163 Grammatiaam
640 5110 669 5161 et
689 5105 837 5161 liberalem
860 5122 908 5161 ar·
961 5107 1092 5176 pientiam
1106 5120 1168 5160 uero
1181 5120 1234 5160 nan
1249 5105 1330 5174 liujus
1345 5104 1447 5170 saculi,
1464 5118 1549 5172 neque
1567 5104 1723 5172 principum
1743 5097 1811 5169 ejus,

104 5249 157 5303 ²P.
170 5253 347 5320 conquerunt,
362 5248 392 5304 id
407 5252 449 5305 est
465 5253 693 5322 conqueruntur.
999 5246 1134 5314 tancila,
1160 5246 1188 5300 id
1213 5250 1256 5301 est
1278 5248 1359 5314 airqa
1380 5261 1473 5301 aurea.
1499 5243 1601 5314 Papias
1620 5242 1695 5312 apud
1720 5242 1810 5297 Gloss.

104 5318 115 5359 i
131 5320 189 5387 lis,
209 5335 362 5390 perquem.
965 5319 1053 5384 Cana.
1065 5317 1198 5371 editionis
1210 5318 1263 5372 PP.
1281 5318 1384 5388 Congr.
1403 5318 1431 5372 S.
1443 5315 1541 5370 Mauri.

102 5398 112 5423 t
128 5390 155 5444 ld
168 5397 211 5446 est
225 5393 415 5461 suspicionem.
1001 5400 1016 5444 s
1030 5389 1059 5444 F.
1074 5391 1168 5443 tatius.

101 5456 112 5494 ‘¹
128 5461 190 5524 Hs„
201 5467 231 5517 tu
245 5477 263 5515 a
276 5461 388 5516 nabis...
403 5462 540 5532 proferas.
1000 5461 1014 5501 h
1030 5460 1058 5512 F.
1071 5461 1128 5513 nisi
1139 5460 1193 5514 haec
1208 5464 1256 5513 tua
1267 5458 1425 5513 laudabilis.

100 5532 214 5604 ‘Supra
229 5531 312 5604 epist.
329 5534 356 5593 3,
377 5537 406 5587 et
423 5532 453 5586 in
468 5530 595 5604 Apostoli
610 5533 699 5598 textu,
715 5531 828 5598 naues,
853 5545 911 5583 non

69 5601 290 5675 amulepmus.
