3930 6098
105 194 157 250 att
187 241 188 244 ,
644 182 902 245 corruscuatcl
922 183 1139 246 ORBACENSIS
1160 185 1317 246 uontcnt
1805 194 1859 250 356

106 331 213 407 inquit,
227 347 287 388 eom
309 328 506 399 cognocimus,
531 328 556 381 et
575 325 621 381 iile
643 323 755 394 negabit
769 339 817 382 nos
837 324 871 397 tlt
888 325 956 382 Tim.
976 322 1094 382 Anium
1109 324 1223 397 penitus
1237 323 1381 381 debuisset
1403 340 1475 393 ease,
1500 324 1697 398 metalepticos
1720 325 1749 384 id
1772 328 1859 386 intel·

107 439 138 489 n,
160 424 211 494 12).
228 422 338 490 Negare
352 417 452 489 igitur,
468 415 542 470 sient
561 415 693 486 predixi,
721 420 749 471 te
770 432 826 470 non
851 416 954 481 audeo,
1009 415 1061 485 ligi
1074 415 1246 486 regulariter
1259 414 1409 486 potuisset,
1436 421 1464 471 et
1489 415 1608 470 omuino
1630 416 1800 472 debuisset:
1826 422 1860 471 ut

108 512 175 583 quia
189 508 289 579 negari
303 524 319 560 a
331 510 358 559 te
377 504 476 559 timeo.
487 506 638 575 Apponere
653 520 719 558 vero
735 503 778 560 vel
796 504 955 559 diminuere
1009 503 1141 558 videlicet
1155 503 1182 558 id
1199 504 1274 574 quod
1293 503 1424 575 sequitur
1444 518 1494 574 per
1512 505 1542 560 id
1563 506 1639 577 quod
1656 506 1793 576 praecedit
1814 505 1858 559 in·

108 600 179 654 nibil
194 610 351 668 praesumo,
366 593 504 665 quoniam
520 594 562 646 vel
575 593 675 664 plagas
692 592 721 647 in
735 593 789 648 hoc
805 593 866 664 ipso
882 592 955 647 libro
1009 592 1197 662 telligeretur.
1233 596 1366 648 Attamen
1394 592 1417 646 si
1439 591 1532 647 adhuc
1552 593 1620 648 hinc
1645 593 1746 648 audire
1775 595 1859 664 plura

106 687 226 756 scriptas
250 683 322 738 mihi
339 682 455 754 apponi,
479 681 521 735 vel
546 680 653 735 auferri
677 687 788 752 partem
812 696 906 735 meam
921 681 955 735 de
1009 681 1181 746 desiderant,
1198 681 1375 736 obamorenr
1400 681 1532 736 videlicet
1547 682 1682 749 veritatis,
1699 699 1787 753 quam
1811 684 1858 737 ui-

105 776 180 832 libro
195 775 260 829 vitae
276 780 381 829 metuo.
1009 769 1065 824 mis
1079 770 1242 841 oppugnari
1256 770 1448 836 considerant,
1473 786 1556 824 aures
1571 771 1718 838 audiendi,
1747 786 1857 842 precor,

144 865 236 936 lgitur
250 865 279 919 in
294 863 414 917 nomine
430 861 532 927 Patris,
548 866 576 915 et
591 860 665 930 Filii,
683 861 841 932 etSpiritus
855 861 954 929 saneti,
1010 859 1235 923 accommodent,
1261 863 1290 914 et
1310 859 1424 915 tuende
1449 859 1627 930 jamjamque
1655 860 1768 915 veritati
1790 877 1857 931 ope-

105 954 245 1026 supplico,
265 951 395 1020 Domine,
415 956 502 1022 prout
524 949 649 1020 amplius
667 966 786 1020 possum
809 949 872 1015 tibi,
897 966 955 1021 quo
1009 964 1071 1003 ram
1085 949 1163 1004 dent.
1184 947 1319 1018 Audiant,
1335 947 1465 1019 inquam,
1489 947 1557 1002 hinc
1570 949 1664 1003 adhuc
1687 949 1858 1020 loquentem

106 1040 351 1113 quemadmodum
367 1039 481 1110 indigeo
497 1038 648 1108 suilragari
663 1037 791 1109 digneris
806 1038 889 1104 mihi,
904 1054 955 1092 ne·
1009 1037 1181 1092 mirabiliter
1193 1036 1388 1109 Augustinum
1408 1053 1460 1107 per
1473 1037 1527 1091 sibi
1542 1037 1631 1108 gratis
1646 1037 1775 1092 intusum
1792 1038 1858 1092 satis

106 1147 163 1202 que
190 1129 340 1200 permittas
367 1128 402 1182 ab
432 1129 488 1182 ullo
519 1127 625 1182 diutius
655 1128 811 1181 electorum
841 1131 956 1181 tuorum
1011 1125 1133 1180 ubertim
1154 1125 1297 1180 charisma
1325 1124 1466 1179 divinum.
1493 1125 1591 1192 «lloc,
1616 1125 1722 1196 inquit,
1748 1125 1857 1180 bouum

107 1219 194 1290 (quod
221 1218 306 1287 absit)
321 1217 388 1271 hinc
403 1216 520 1287 ambigi.
542 1215 596 1271 Sed
620 1215 839 1270 saluberrimam
861 1214 957 1286 potius
1010 1214 1085 1284 quod
1101 1219 1144 1269 est
1152 1213 1299 1285 requirere
1316 1214 1406 1269 [laum
1420 1228 1480 1267 non
1496 1219 1557 1268 erat
1575 1213 1626 1285 qui
1649 1214 1778 1269 iaceret:
1800 1230 1856 1268 non

107 1308 254 1362 veritatem
283 1305 350 1359 huic
376 1305 555 1359 innotescere
582 1320 641 1358 non
669 1304 801 1370 moreris,
837 1309 869 1358 ut
896 1319 956 1358 esse
1010 1307 1071 1356 erat
1092 1301 1237 1371 usquead
1262 1317 1364 1368 unum,
1388 1302 1437 1357 sed
1466 1301 1495 1356 in
1521 1317 1555 1355 eo
1574 1317 1679 1372 genere
1705 1303 1858 1357 homiuum

107 1396 186 1450 vides
216 1395 460 1466 pertrecessarium
487 1393 550 1447 sibi.
577 1393 649 1457 Quia
671 1409 768 1447 revera
798 1392 956 1447 secundum
1010 1391 1086 1462 quod
1113 1390 1348 1460 praedestinatum
1376 1390 1477 1444 estad
1514 1390 1672 1446 interitum.
1693 1414 1702 1438 ι
1724 1392 1795 1445 ltem
1824 1391 1858 1444 de

108 1484 184 1539 beati
217 1499 332 1554 quoque
366 1482 519 1553 Augustini
542 1481 752 1535 veracissimam
782 1482 956 1535 testificatio·
1011 1478 1121 1533 duabus
1144 1479 1266 1550 loquens
1292 1477 1494 1545 civitatibus«
1521 1478 1647 1542 Quarum
1673 1484 1725 1545 est,
1751 1478 1856 1549 inquit,

109 1588 186 1641 nem,
206 1587 293 1642 quam
306 1572 400 1642 palam
416 1570 538 1641 protulit
552 1572 586 1625 ad
604 1569 956 1640 populum,evangelicam
1012 1584 1068 1621 una
1083 1583 1148 1638 quae
1162 1566 1364 1638 praedestinata
1381 1573 1425 1620 est
1443 1567 1473 1620 in
1488 1572 1628 1621 aeteruum
1644 1583 1767 1640 regnare
1792 1582 1858 1620 cum

107 1661 268 1715 luculenter
291 1676 322 1713 ac
355 1658 478 1713 fideliter
507 1658 686 1728 explanando
713 1658 955 1728 perplexitatem:
1012 1655 1151 1720 Durnium
1176 1656 1277 1724 altera,
1302 1662 1441 1710 mternum
1466 1657 1639 1727 supplicium
1667 1655 1764 1711 subire
1793 1672 1858 1710 cum

107 1749 161 1814 Qut
174 1748 366 1813 mendacium,
381 1746 493 1818 inquil,
503 1745 687 1800 edific-autin
698 1744 874 1808 bominibus,
886 1745 956 1817 quid
1011 1743 1136 1797 diabolo.
1164 1745 1315 1798 ‹ltemza
1343 1745 1372 1799 Si
1399 1745 1434 1799 de
1459 1744 1603 1816 aliquibus
1618 1746 1657 1800 ita
1684 1751 1764 1800 certa
1787 1750 1859 1800 esset

106 1839 142 1892 ab
157 1836 197 1891 eis
207 1836 364 1908 expellunt,
377 1834 610 1889 uisiveriialem‘?
623 1833 785 1888 immittunt
795 1833 955 1901 diabolum,
1012 1833 1144 1902 Ecclesia,
1166 1832 1262 1904 utqui
1278 1833 1336 1888 sint
1358 1832 1402 1887 illi
1417 1834 1505 1888 etiam
1520 1839 1626 1901 nosset,
1652 1834 1703 1905 qui
1720 1833 1787 1887 licet
1808 1834 1858 1888 ad·

106 1926 260 1982 excludunt
272 1923 609 1979 Christum:immittuut
618 1923 792 1991 adulterum,
802 1923 957 1979 excludunt
1009 1921 1066 1976 huc
1081 1921 1111 1975 in
1135 1922 1187 1976 hac
1208 1922 1265 1976 vita
1286 1921 1344 1976 sint
1368 1921 1527 1989 constituti,
1547 1929 1643 1976 tamen
1659 1923 1859 1992 predestinati

107 2023 260 2085 sponsum3
291 2012 482 2084 paranymphi
510 2011 617 2067 scilieet
644 2012 687 2065 vel
715 2012 812 2082 potius
838 2012 956 2066 lenones
1011 2010 1519 2081 suntiuaeternumignemirecum
1537 2011 1733 2079 diabolo,tam
1751 2011 1859 2082 procis

105 2091 257 2172 serpentis.
278 2101 319 2154 Ad
334 2101 387 2154 hoc
400 2101 478 2154 enim
502 2101 669 2170 loquuntur,
688 2105 719 2153 ut
733 2115 850 2169 serpens
864 2101 956 2170 possi·
1011 2113 1069 2152 nou
1084 2104 1185 2160 oraret,
1202 2115 1289 2169 quam
1304 2116 1358 2154 nec
1369 2117 1422 2171 pro
1435 2101 1508 2172 ipso.
1525 2122 1539 2149 u
1556 2101 1627 2155 ltem
1645 2099 1765 2164 :cnuto
1782 2099 1861 2156 dabit

107 2188 183 2256 deat,
206 2189 335 2244 Christus
359 2189 535 2244 excludatur.
554 2189 674 2253 Quando
694 2188 820 2259 possidet
840 2188 955 2250 falsitas,
1009 2188 1054 2242 his
1081 2204 1152 2259 quos
1189 2188 1402 2259 pradestinavit
1424 2188 1459 2243 ad
1489 2189 1588 2255 vitam,
1621 2189 1671 2261 qui
1690 2188 1752 2243 haec
1781 2189 1860 2244 dedit

107 2293 225 2349 serpeus
246 2277 375 2350 possidet
390 2293 397 2331 :
414 2277 531 2349 quando
546 2276 673 2348 possidet
694 2277 808 2343 veritas,
829 2277 956 2332 Christus
1009 2276 1096 2331 etiam
1109 2276 1161 2342 eis,
1175 2293 1248 2347 quos
1261 2276 1478 2347 praedestinavit
1490 2277 1526 2331 ad
1542 2278 1684 2332 mortem?
1699 2297 1713 2328 o

107 2368 242 2439 possidet.
268 2368 332 2438 lpse
356 2367 433 2421 enim
457 2365 549 2420 dixit:
573 2368 632 2434 Epo
657 2380 716 2420 som
739 2368 842 2420 ueritas
866 2365 953 2436 (ioan.
1045 2364 1162 2419 ltemin
1188 2365 1374 2420 Euchiridion
1400 2367 1477 2437 quod
1505 2382 1589 2421 senex
1607 2366 1641 2421 de
1661 2366 1728 2432 lide,
1756 2382 1807 2437 spe
1832 2371 1860 2421 et

106 2471 162 2525 xxv,
178 2455 270 2526 6);de
284 2454 335 2510 illo
350 2460 446 2508 autem
464 2495 469 2506 .
486 2455 521 2508 Et
536 2455 566 2506 in
586 2455 701 2507 veritate
722 2468 776 2507 non
789 2455 874 2520 stetit,
889 2456 956 2523 quic
1008 2453 1158 2522 charitate,
1193 2469 1279 2508 sensu
1306 2455 1505 2522 subtilissimo,
1532 2454 1647 2525 ingenio
1679 2454 1858 2509 exercitatis-

106 2546 208 2598 oeritus
223 2546 291 2597 ineo
301 2558 354 2597 noo
368 2548 408 2597 est
422 2540 510 2611 (ioan.
528 2557 586 2606 viu,
598 2541 653 2611 44).
1008 2541 1093 2609 simo,
1108 2541 1224 2612 eloquio
1238 2558 1354 2614 quoque
1364 2542 1531 2613 purissimo,
1546 2542 1677 2614 styloque
1693 2542 1859 2596 luculentis·

142 2630 323 2703 Quapropter
345 2636 373 2685 ct
394 2628 466 2685 illud
493 2629 570 2701 quod
597 2628 675 2683 idem
701 2627 801 2683 beatus
824 2627 956 2683 minister
1009 2629 1092 2696 simo,
1121 2629 1292 2684 mirabiliter
1312 2630 1367 2685 sibi
1390 2648 1422 2685 ac
1450 2630 1636 2703 singulariter
1664 2631 1721 2685 lieo
1745 2631 1859 2685 favente

107 2727 173 2776 turus
196 2721 334 2775 veraciter
362 2718 514 2791 perhibere
543 2717 652 2773 studuit
673 2717 860 2789 Augustinus,
880 2733 954 2787 prae·
1009 2718 1175 2789 conseripsit
1199 2723 1227 2772 et
1246 2718 1357 2773 edidit:
1380 2718 1452 2773 «Ad
1470 2735 1581 2786 eorum,
1606 2718 1711 2791 inquit,
1737 2718 1857 2774 damna·

107 2810 225 2865 seientia
240 2808 371 2863 videlicet
387 2809 525 2878 reprobos
545 2822 605 2861 esse
628 2806 789 2874 damnatos,
806 2823 871 2861 cum
887 2805 955 2860 alibi
1008 2807 1116 2862 tionem
1133 2823 1205 2879 quos
1220 2807 1299 2877 juste
1316 2808 1532 2879 praedestinavit
1545 2808 1578 2863 ad
1593 2824 1718 2879 poenam.
1734 2830 1749 2856 u
1768 2809 1856 2862 llam:

107 2903 193 2969 atque
208 2896 277 2952 alibi
291 2896 326 2951 ad
342 2902 462 2950 mortem
479 2895 602 2949 fateatur
615 2911 677 2949 esse
700 2894 954 2965 predestinatione
973 2896 1039 2979 Cin
1061 2897 1160 2950 eodem
1176 2896 1311 2951 dicuutur
1327 2897 1412 2951 cham
1438 2896 1492 2951 filii
1516 2897 1657 2968 gehennas
1673 2913 1732 2950 nou
1747 2914 1782 2952 ex
1810 2896 1858 2950 illa

106 2985 335 3041 condemnatos:
360 2989 515 3055 utrumque
543 2999 661 3054 prorsus
685 2998 785 3037 verum
806 2988 859 3049 est,
885 2981 955 3054 quia
1008 2986 1080 3049 uati,
1104 2986 1152 3040 sed
1180 2985 1211 3039 in
1229 2986 1278 3039 illa
1294 2985 1456 3056 praeparati,
1482 2985 1621 3040 sicutlilii
1638 2985 1719 3055 regni
1741 3001 1858 3056 prapa-

105 3075 153 3130 bic
167 3076 222 3130 hoc
237 3079 393 3145 utrumque
414 3088 515 3127 verum
530 3079 582 3128 est.
603 3073 674 3126 Nam
693 3072 766 3127 sicut
780 3072 857 3126 idem
871 3086 953 3142 saga·
1009 3079 1109 3128 rantur
1124 3074 1153 3128 in
1169 3090 1303 3144 regnum.
1320 3073 1393 3139 Quid
1420 3079 1568 3145 quaeretur
1583 3073 1767 3128 evidentius?
1785 3072 1856 3138 Quid

105 3164 176 3219 citer
197 3167 284 3233 atque
308 3161 446 3217 veraciter
471 3162 585 3223 latetur.
606 3160 753 3215 interdum
774 3159 955 3232 prescientia
1009 3162 1221 3218 sufficientius?
1239 3185 1249 3212 ι
1268 3162 1355 3230 Sicut,
1376 3163 1480 3234 inquit,
1494 3163 1546 3217 filii
1561 3162 1644 3233 regni
1657 3167 1859 3234 preparantur

105 3268 158 3323 pro
173 3251 425 3324 praedestinatione
440 3251 568 3321 ponitur.
583 3251 682 3322 Neque
695 3265 794 3304 revera
813 3252 956 3319 repugnat
1008 3253 1038 3307 in
1053 3268 1187 3323 regnum,
1199 3251 1335 3307 sicetiam
1346 3252 1398 3306 tilii
1413 3252 1553 3323 gehennae
1566 3251 1596 3306 in
1612 3252 1689 3306 illam
1702 3255 1770 3305 sunt
1780 3266 1857 3321 prae·

106 3342 192 3413 (quod
217 3340 305 3411 absit)
319 3340 368 3394 sed
398 3338 511 3394 veritati
534 3338 631 3409 potius
649 3352 806 3408 congruere
831 3337 953 3404 videtur,
1008 3341 1126 3412 parati.»
1153 3340 1234 3405 Quod
1250 3340 1368 3395 omnino
1382 3341 1455 3394 nihil
1479 3341 1556 3394 aliud
1580 3344 1622 3394 est
1641 3356 1728 3411 quam
1743 3339 1857 3410 praede·

105 3431 190 3501 quale
204 3428 275 3484 illud
295 3428 427 3483 videlicet
450 3431 493 3481 est
513 3427 591 3497 quod
610 3426 765 3496 Apostolus
787 3425 857 3479 dicit
873 3441 879 3478 :
896 3426 954 3480 Non
1008 3428 1119 3484 stinari.
1137 3429 1243 3501 Nempe
1263 3428 1436 3483 haecomnia
1462 3434 1491 3483 et
1515 3429 1571 3483 alia
1594 3428 1713 3498 insuper
1726 3427 1813 3498 plura
1834 3425 1857 3480 si

60 3515 66 3525 '
103 3517 205 3586 repulit
227 3520 296 3572 Deos
312 3517 416 3585 plebem
437 3529 629 3583 enumquam
650 3515 788 3583 prescivit
813 3514 897 3583 (Rom.
914 3528 953 3577 1¹,
1007 3522 1106 3573 tantus
1123 3522 1221 3571 auctor
1242 3517 1291 3570 ille
1304 3516 1498 3584 veracissima,
1515 3522 1544 3571 et
1563 3516 1699 3571 catholica
1724 3515 1793 3571 lidei
1806 3531 1857 3587 per

104 3606 145 3676 7),
161 3621 227 3660 enm
241 3610 340 3660 tamen
355 3604 409 3659 hoc
423 3602 503 3670 alias,
524 3607 680 3673 utrumque
694 3600 811 3673 quidem
828 3599 954 3671 jungens
1009 3605 1107 3660 omnia
1120 3605 1389 3676 congruentissima,
1404 3621 1464 3660 non
1491 3621 1551 3660 esse
1564 3604 1766 3676 perspexisset,
1791 3604 1855 3658 nul·

105 3695 155 3749 anti
174 3694 209 3748 ab
233 3693 376 3748 invincem
403 3690 566 3746 rationabili
585 3689 745 3745 differentia
773 3688 954 3758 distinguens
1009 3694 1120 3749 tatanus
1157 3695 1317 3750 incorrecta
1353 3695 1538 3766 relinqueret,
1577 3693 1632 3748 Sed
1674 3709 1707 3747 aa
1751 3691 1855 3763 potius,

105 3782 277 3837 mirabiliter
291 3781 437 3837 definierit
458 3781 577 3836 dicens:
604 3777 857 3846 Praedestinatione
879 3779 954 3832 Deus
1007 3784 1122 3856 quaudo
1136 3783 1225 3838 libros
1236 3800 1304 3839 suos
1326 3782 1544 3854 diligentissime
1559 3780 1739 3837 retractando
1758 3795 1855 3835 recen·

44 3929 46 3935 ,
91 3888 138 3926 aa
160 3871 314 3943 praescivit,
331 3869 730 3941 quaelueratipeeiacturus.
749 3866 953 3923 Uudedictum
1007 3873 1074 3940 suit,
1100 3872 1242 3944 corrigere
1269 3871 1433 3926 studuisset.
1467 3871 1524 3926 Nec
1552 3870 1620 3925 iude
1653 3885 1772 3942 prorsus
1797 3875 1855 3923 tam

104 3966 147 4017 est
162 3978 168 4016 :
181 3963 293 4016 Faciens
313 3976 373 4030 quae
387 3961 485 4027 loturo
505 3963 569 4013 sont
584 3956 649 4026 (Ira.
666 3973 728 4023 xuv,
744 3961 771 4024 7,
786 3970 837 4010 sec.
857 3956 951 4023 LXX).
1006 3962 1173 4032 frequenter
1189 3962 1224 4016 ad
1239 3960 1379 4032 populum
1402 3959 1546 4031 impavide
1561 3958 1645 4013 simul
1661 3963 1690 4012 et
1702 3957 1854 4029 intrepide,

104 4050 175 4103 ltem
190 4049 259 4119 quid
283 4048 320 4102 sit
339 4045 553 4118 praedestinatio
573 4045 687 4116 planius
711 4049 740 4098 el
758 4043 872 4115 plenius
886 4058 952 4097 cum
1006 4049 1135 4116 licenter,
1150 4049 1274 4104 libenter
1297 4065 1329 4103 ac
1357 4048 1458 4115 libere,
1474 4048 1595 4103 fidenter
1614 4062 1647 4101 ac
1672 4046 1856 4111 fiducialiter,

104 4136 285 4207 prescientia
304 4139 486 4202 connectens,
502 4134 540 4187 ita
555 4132 591 4186 de
614 4131 751 4186 Trinitate
767 4132 874 4186 diceus.
892 4132 952 4186 alu
1007 4153 1039 4192 ae
1058 4137 1226 4209 gaudenter,
1242 4136 1504 4207 servilipostposito
1523 4137 1638 4203 timore,
1655 4135 1856 4207 luminosoque

105 4241 166 4291 sua,
182 4241 247 4296 qum
260 4223 320 4278 iolli
333 4221 499 4292 mutarique
510 4225 668 4291 nonpotest
678 4221 955 4292 praescientiaopera
973 4221 1050 4281 litui
1078 4226 1211 4298 pertusus
1235 4242 1332 4280 amore
1356 4230 1404 4279 tua
1422 4224 1591 4280 auctoritate
1617 4224 1729 4278 locutus
1748 4222 1856 4289 fuisset,

105 4328 157 4366 sua
172 4311 445 4380 iuturadisponere,
462 4310 491 4364 id
507 4310 625 4364 omniuo
638 4326 690 4365 nec
703 4309 779 4364 aliud
794 4308 955 4381 quidquam
1009 4314 1126 4387 siquid
1157 4313 1258 4368 itidem
1287 4314 1407 4385 periculi
1432 4314 1525 4367 inesse
1549 4311 1752 4382 cognovisset:
1784 4310 1858 4365 unde

105 4405 148 4455 est
162 4399 379 4471 praedestinare.
397 4419 411 4448 »
428 4399 499 4455 ltem
516 4398 642 4467 brevius,
657 4398 706 4454 sed
722 4398 752 4453 in
774 4398 955 4470 superiorem
1009 4403 1127 4477 quidem
1150 4404 1291 4459 nonnulla
1302 4403 1363 4474 jam
1383 4404 1516 4475 superius
1540 4403 1631 4475 posui,
1656 4407 1793 4474 etpauca
1814 4400 1859 4457 bic

106 4506 222 4544 seusum
238 4489 329 4544 multa
343 4488 482 4559 apertius,
507 4503 572 4542 cum
586 4487 664 4542 enim
679 4486 858 4558 predixisset
878 4492 953 4559 Apo·
1009 4494 1096 4550 utiam
1112 4492 1291 4563 subjicienda
1305 4492 1413 4546 censui.

107 4579 211 4634 stolum
232 4577 348 4644 dixisse,
364 4593 417 4633 noo
435 4578 537 4647 repulit
553 4580 620 4632 Deus
641 4577 744 4647 plebem
766 4592 844 4632 suom
872 4592 955 4645 quam
1045 4581 1124 4635 «Est
1149 4581 1267 4652 quidam
1294 4579 1419 4651 populus
1443 4583 1618 4651 praeparatus
1642 4577 1677 4633 ad
1698 4577 1773 4633 iram
1797 4576 1857 4645 liei,

105 4670 245 4739 praecinit
259 4669 345 4737 (Rom.
371 4681 408 4734 xv,
427 4665 468 4738 7),
494 4670 522 4720 et
546 4666 722 4737 exposuisset
746 4681 813 4721 eum
835 4665 955 4720 nomine
1008 4669 1161 4725 damnatus
1172 4684 1237 4723 cum
1253 4668 1378 4723 diabolo.
1397 4688 1408 4715 ι

105 4756 294 4830 praescientia
310 4755 593 4827 praedestinationem
608 4755 663 4810 boc
674 4755 705 4809 in
720 4755 780 4810 loco
791 4753 954 4826 significare
1045 4758 1141 4811 ltem:
1177 4780 1190 4803 a
1229 4756 1277 4809 Est
1309 4754 1427 4826 quidam
1456 4754 1580 4826 populus
1607 4759 1692 4808 natus
1722 4752 1758 4807 nd
1786 4752 1859 4808 iram

105 4846 240 4913 voluisse,
255 4846 342 4917 paulo
357 4850 422 4917 post
433 4844 473 4899 ait
489 4859 495 4899 :
509 4864 523 4896 a
538 4844 593 4899 Sed
612 4844 828 4915 pradestinasse
843 4846 886 4897 est
899 4843 955 4898 hoc
1009 4846 1070 4902 Ilei.
1090 4866 1101 4893 ι

106 4934 262 5006 praescisse,
277 4932 354 5005 quod
371 4933 463 4988 iuerat
475 4932 537 5003 ipse
551 4931 688 4987 iactrtrus.
701 4953 715 4982 o
1045 4935 1116 4989 ltem
1128 4949 1135 4987 ε
1147 4954 1158 4982 ι
1171 4931 1264 4997 Quare
1276 4931 1344 4987 dixit
1359 4931 1520 4987 [luminosi
1524 4930 1629 4987 udaeis:
1648 4934 1700 4988 Vos
1708 4947 1764 4987 nora
1771 4931 1858 4986 credi·

143 5025 215 5095 Ergo
231 5028 397 5092 utrumque,
420 5025 452 5076 ut
476 5021 538 5092 jam
562 5021 631 5089 dixi,
659 5036 761 5075 verram
785 5023 837 5087 est,
855 5018 885 5075 id
899 5023 953 5085 est,
1010 5024 1045 5077 tis
1059 5023 1126 5092 quia
1136 5023 1263 5076 nonestis
1279 5036 1312 5074 en
1322 5020 1416 5074 ouibus
1431 5024 1497 5075 meis
1513 5021 1600 5088 (Joon.
1611 5036 1639 5087 x,
1651 5022 1707 5087 26),
1722 5020 1778 5074 uisi
1792 5019 1859 5092 quia

106 5118 166 5168 tam
199 5111 379 5183 praescientia
416 5125 503 5181 quam
538 5108 790 5180 praedestinatione
817 5107 955 5179 reprobos
1008 5110 1122 5165 videbat
1137 5109 1230 5164 eosad
1242 5109 1449 5179 sempiternum
1464 5108 1612 5163 interitum
1628 5108 1859 5179 predestinatos,

107 5217 169 5257 esse
188 5201 349 5267 damnatos,
374 5214 446 5269 quos
470 5198 590 5252 omnino
612 5202 722 5251 constat
744 5196 782 5252 ad
803 5195 954 5251 interitum
1009 5215 1068 5254 non
1083 5199 1117 5254 ad
1133 5198 1220 5252 vitam
1236 5204 1373 5252 aeternam
1393 5197 1437 5251 sui
1453 5197 1602 5268 sanguinis
1625 5197 1718 5269 pretio
1739 5213 1860 5270 eompa-

103 5287 170 5358 jure
191 5287 418 5358 predestinatos.
434 5285 517 5351 Quod
532 5285 600 5339 sotis
621 5300 766 5357 superque
789 5285 955 5339 testimonia
1008 5292 1126 5343 ratos.»
1154 5286 1252 5342 llam:
1274 5284 1378 5350 «Quid
1407 5291 1503 5355 potest
1529 5286 1635 5358 lupust
1664 5284 1738 5350 Quid
1768 5293 1862 5358 potest

106 5376 231 5446 probant
252 5377 399 5448 praedicta.
425 5374 494 5440 Quae
522 5379 599 5429 certe
627 5373 761 5428 catholici
789 5374 955 5430 nullatenus
1008 5375 1098 5431 iuret
1121 5373 1215 5429 latro?
1237 5375 1299 5429 Non
1315 5373 1442 5445 perdunt
1466 5373 1523 5428 nisi
1538 5375 1573 5429 ad
1599 5373 1751 5430 interitum
1783 5393 1862 5446 prta-

107 5479 168 5519 assa
193 5462 325 5520 dubitant
347 5463 462 5519 invicta.
491 5462 567 5518 Licet
595 5461 619 5517 si
643 5461 730 5533 hujus
758 5461 800 5518 rei
828 5463 954 5517 testimo·
1010 5462 1174 5518 destinatos.
1200 5481 1214 5516 a
1248 5461 1341 5517 ltem:
1371 5482 1386 5514 o
1410 5462 1460 5517 lsti
1486 5462 1675 5534 indignanter
1700 5465 1811 5520 mortui
1835 5473 1864 5520 et
