3930 6098
112 305 164 360 113
897 303 1074 363 missuum
1815 307 1867 363 111

112 455 170 495 non
185 454 284 495 rerum
298 437 430 494 labilium
453 438 602 510 conjungit
623 440 789 508 necessitas,
803 440 852 495 sed
875 446 959 495 aeter·
978 439 1104 496 Aeliam
1122 440 1314 511 adprobemus
1337 447 1358 495 ⁰.
1382 442 1541 497 Profundos
1557 441 1635 496 cuim
1657 447 1686 497 et
1700 441 1877 497 reconditos

112 529 222 584 nalium
243 530 332 583 nectit
345 527 533 599 praemiorum
557 533 657 599 sponte
671 528 853 600 benignitas:
872 545 959 600 quam
1014 546 1114 584 sensus
1132 529 1233 600 lingua
1248 546 1305 583 nou
1320 530 1450 600 explicat.
1467 531 1499 585 Et
1515 531 1655 602 cumipse
1674 530 1777 586 sentiat
1793 531 1862 602 quid

111 623 273 671 sanctarum
301 616 513 688 scripturarum
541 617 637 671 edulia
663 618 751 672 sociat
775 626 796 685 ¹,
821 624 850 673 et
880 633 961 673 amor
1014 617 1158 688 loquatur,
1171 618 1201 671 in
1217 617 1326 671 alienas
1339 634 1421 671 aures
1436 633 1509 687 puro
1526 636 1582 673 nou
1599 624 1692 690 potest
1706 619 1861 674 transferre

111 706 217 761 divinas
241 705 441 774 intelligentius
463 705 611 760 individue
636 706 715 777 ligat.
741 709 805 762 llaee
831 712 875 761 est
894 723 960 762 vera
1014 723 1157 760 sermone.
1188 725 1202 756 1
1232 707 1303 760 Item
1324 705 1360 760 ad
1389 705 1500 761 Galatas
1527 707 1601 760 idem
1618 707 1736 762 doctor:
1763 730 1778 758 «
1807 707 1862 772 Qui

111 794 243 861 ebaritas,
271 809 336 864 quae
351 809 448 849 casum
474 809 533 848 uon
548 794 635 860 norit,
652 811 717 866 ques
734 795 817 861 inter,
834 797 959 868 morige·
1014 800 1117 865 putant
1133 795 1252 849 Paulum
1264 795 1346 863 juxta
1361 794 1563 859 humilitatem,
1582 800 1609 849 el
1624 812 1681 850 non
1696 812 1761 850 rere
1777 795 1861 850 dixis·

110 898 156 937 ros
181 887 294 936 tantum
318 882 441 937 clarifice
460 881 560 954 fulget,
587 899 652 954 quae
672 883 827 939 hairicum
854 885 959 940 saeculo
1014 899 1060 938 se:
1077 886 1112 939 Et
1134 885 1159 938 si
1172 885 1316 952 imperitus
1332 898 1463 948 sermone,
1485 898 1537 937 non
1562 888 1651 938 autem
1671 884 1860 948 1011111110-

110 971 208 1039 nescil,
238 987 302 1041 quae
328 971 415 1024 etiam
444 976 508 1042 post
537 971 686 1025 interitum
716 972 815 1026 mundi
839 973 960 1028 auctiori
1013 970 1132 1025 fendaut
1154 970 1241 1040 hujus
1264 970 1319 1024 loci
1342 971 1590 1040 consequentiam.
1619 972 1722 1026 Debuit
1744 973 1861 1042 quidem

112 1059 220 1120 lumine
240 1059 427 1113 inenarrabili
451 1059 604 1128 splendore
619 1060 757 1114 clarescit.
783 1060 873 1125 Quam
896 1061 959 1116 dul·
1014 1059 1170 1114 secundum
1188 1058 1320 1113 ordinem
1335 1059 1449 1114 dicere:
1480 1061 1531 1114 Vos
1548 1061 1597 1129 pm¹
1610 1062 1768 1131 spirituales
1784 1059 1858 1129 estis,

111 1147 217 1204 cedinis
243 1147 418 1202 ineffabilem
447 1147 581 1218 gloriam,
606 1151 635 1201 et
657 1163 730 1218 pene
752 1164 769 1201 a
792 1147 960 1203 mortalibus
1013 1151 1161 1218 componite
1186 1148 1344 1216 hujusmodi
1366 1152 1396 1202 in
1422 1150 1524 1218 spiritu
1544 1149 1771 1222 mensuetudinis,
1794 1164 1860 1215 ¹cort·

111 1253 167 1291 non
189 1240 355 1307 quantaest
370 1237 526 1305 opinatam,
543 1240 687 1306 optemus,
708 1236 958 1304 reverendissime,
1012 1238 1162 1292 siderentes
1185 1239 1369 1307 nosmetipsos,
1386 1251 1419 1291 ne
1440 1241 1464 1291 et
1487 1252 1533 1291 vos
1559 1239 1698 1292 tentemini
1718 1238 1787 1304 (Gal.
1813 1239 1860 1306 vr),

110 1322 188 1376 omui
204 1322 268 1377 nisu
291 1323 440 1377 conatibus
461 1325 563 1378 uostris
584 1325 766 1394 amplectere,
783 1328 811 1377 et
826 1340 878 1395 per
892 1324 958 1378 cha·
1013 1330 1042 1379 et
1056 1342 1112 1378 non
1135 1326 1238 1397 plurali
1263 1325 1370 1380 inferre
1386 1341 1506 1379 nurnero
1522 1325 1708 1397 singularem.
1726 1323 1861 1378 llcbraeus

109 1411 201 1464 ritulis
220 1411 251 1465 in
265 1416 402 1483 utrosque
419 1418 616 1483 augmentum,
640 1418 780 1484 quantum
796 1413 880 1468 nobis
892 1430 958 1485 pos·
1012 1413 1101 1485 igitur
1113 1430 1146 1469 es
1164 1415 1301 1481 llebraeis,
1318 1421 1345 1468 et
1360 1414 1410 1486 qui
1425 1419 1500 1469 esset
1515 1413 1544 1468 in
1561 1413 1712 1467 vernaculo
1728 1427 1861 1467 sermone

110 1517 136 1553 se
150 1503 205 1567 est,
229 1505 358 1554 nostram
381 1500 503 1555 allicere.
527 1501 617 1556 Credo
641 1501 730 1567 enim,
750 1503 790 1556 mi
811 1502 958 1558 sublimis·
1014 1502 1204 1569 doctissimus,
1230 1502 1386 1574 profundos
1411 1519 1510 1557 sensus
1526 1502 1621 1556 aliena
1640 1502 1740 1571 lingua
1762 1500 1861 1570 expri-

109 1590 190 1656 sime,
207 1589 287 1660 quod
309 1589 468 1660 primordia
487 1590 621 1644 amicitie
638 1595 743 1645 nostra
759 1607 817 1645 non
842 1592 959 1646 erebus
1012 1607 1091 1646 mere
1105 1607 1164 1645 non
1185 1590 1304 1656 valebat,
1326 1607 1379 1644 nec
1392 1591 1511 1645 curabat
1526 1606 1700 1662 magnopere
1717 1591 1751 1646 de
1767 1588 1861 1645 verbis

109 1677 221 1732 caducis
235 1678 359 1747 sumpsit
373 1678 534 1745 exordium,
548 1678 625 1733 sedb
641 1695 656 1733 a
671 1678 757 1734 rebus
772 1680 887 1734 aeternis
902 1696 956 1736 coe·
1012 1696 1077 1735 cum
1090 1695 1205 1734 sensum
1221 1679 1339 1734 haberet
1353 1679 1384 1732 in
1398 1683 1472 1734 tuto.
1489 1698 1504 1731 1

108 1765 149 1836 pit
163 1764 293 1819 initium.
314 1765 392 1820 Unde
408 1769 604 1837 opportunum
620 1771 672 1834 est,
689 1771 719 1821 ul
736 1766 771 1820 ad
787 1783 853 1822 eum
869 1768 955 1822 linem
976 1737 998 1794 B
1047 1771 1074 1823 3.
1096 1768 1166 1821 llam
1187 1766 1221 1822 de
1236 1767 1285 1821 illo
1301 1768 1378 1839 quod
1401 1767 1506 1822 acriter
1522 1766 1653 1833 refutavi,
1672 1769 1700 1820 et
1713 1782 1786 1837 pene
1802 1781 1861 1821 non

109 1853 207 1909 undat
221 1854 362 1909 mentium
379 1860 543 1909 nostrarum
559 1855 693 1921 intentio,
713 1871 769 1927 quo
791 1873 807 1909 a
822 1855 957 1926 primitus
1011 1870 1094 1926 ecquo
1108 1854 1204 1908 animo
1220 1871 1268 1909 vos
1285 1856 1428 1910 dicentem
1439 1855 1545 1923 audivi,
1561 1855 1629 1926 quid
1648 1854 1714 1909 inde
1729 1855 1860 1908 doctores

109 1942 242 1997 inchoata
257 1942 320 2014 ipsa
338 1941 393 1998 fuit
414 1943 543 2009 dilectio:
559 1943 632 1998 utin
653 1944 777 2014 amplius
792 1945 955 2012 crescendo,
1011 1959 1138 2016 censere,
1161 1944 1208 1999 hic
1233 1944 1357 1998 breviter
1379 1943 1536 1998 identidem
1557 1943 1700 1997 adnotavi.
1727 1943 1858 1996 Vestrum

108 2029 229 2099 perenni
255 2044 375 2084 munere
403 2036 500 2083 nostra
520 2030 628 2085 ditetur
646 2031 767 2086 allectio.
786 2032 825 2086 De
852 2037 956 2086 caetero
1011 2038 1053 2085 est
1067 2032 1120 2086 hoo
1135 2031 1222 2086 etiam
1248 2031 1355 2086 utiliter
1370 2031 1520 2096 trutinare,
1537 2036 1565 2085 et
1580 2031 1620 2085 sic
1634 2030 1757 2084 infirmis
1769 2030 1859 2085 libere

109 2116 253 2172 charitatis
269 2117 428 2172 dulcedinis
449 2123 550 2174 vestrm
570 2124 694 2186 coactus,
720 2125 749 2174 et
771 2120 890 2175 scientia
911 2121 954 2176 iu·
1011 2120 1173 2174 trutinata!
1199 2120 1336 2190 proferre.
1367 2120 1471 2175 Beatus
1494 2119 1669 2188 Augustinus
1691 2118 1722 2171 in
1747 2117 1858 2173 tricesi-

108 2205 249 2260 lustrioris
276 2206 364 2260 animi
396 2207 484 2262 vestri
512 2209 687 2278 compulsus,
715 2226 781 2280 quoe
810 2210 955 2265 vobiscum
1010 2208 1050 2262 mi
1065 2207 1178 2279 septimi
1207 2208 1310 2279 psalmi
1336 2207 1513 2279 expositione
1537 2207 1573 2261 ad
1593 2208 1687 2263 locum
1711 2206 1751 2260 sic
1770 2206 1857 2261 dicit:

108 2293 289 2348 verbotenus
303 2294 455 2366 disputavi,
478 2312 567 2367 penes
582 2312 628 2351 me
643 2295 673 2351 in
692 2313 865 2368 magnorum
880 2298 954 2352 viro·
1012 2318 1023 2347 1
1042 2299 1165 2364 Domine,
1179 2300 1248 2352 110111
1260 2313 1343 2361 mens,
1357 2313 1390 2351 ne
1402 2297 1557 2351 discesseris
1567 2312 1584 2350 0
1594 2312 1642 2350 me.
1658 2294 1859 2365 Sicacorpore

108 2395 168 2435 rum
184 2381 335 2436 volumina
348 2382 502 2454 desquisivi
515 2400 523 2437 r
535 2389 564 2438 et
575 2400 639 2455 quae
655 2385 689 2440 de
705 2385 750 2440 bis
760 2385 889 2440 invenire
905 2403 955 2456 po·
1009 2402 1067 2439 nou
1083 2385 1207 2451 recessit,
1217 2384 1340 2438 recessit
1363 2400 1380 2437 a
1398 2384 1511 2453 capite?
1530 2383 1616 2452 Cujus
1633 2398 1702 2452 ergo
1718 2398 1769 2436 101
1786 2386 1857 2448 erat,

108 2467 155 2533 tui,
171 2483 261 2523 mauu
285 2471 402 2541 propria
423 2471 485 2542 ipse
504 2471 534 2526 in
549 2473 698 2544 procinctu
712 2474 877 2546 conscripsi.
896 2475 953 2529 lle·
1009 2473 1063 2527 nisi
1079 2474 1165 2544 primi
1184 2472 1331 2527 bominis?
1344 2473 1382 2526 Ex
1396 2472 1446 2526 illo
1457 2471 1533 2525 enirn
1549 2488 1577 2523 se
1594 2472 1747 2525 ostendens
1762 2486 1858 2524 reram

108 2558 525 2625 strumest,oiulustrissime,
542 2561 636 2615 autin
652 2561 954 2617 meiseusussenten-
1008 2578 1123 2617 carnem
1147 2567 1272 2634 portare,
1289 2561 1376 2616 dixit:
1404 2563 1485 2627 Dens,
1510 2563 1578 2615 111111
1604 2576 1688 2625 mens,
1714 2575 1799 2628 pecore
1817 2575 1858 2613 me

107 2647 225 2701 lentiam
248 2647 369 2717 pedibus
393 2647 523 2716 introire,
547 2654 681 2705 autenm
706 2651 810 2705 talibus
832 2651 954 2722 dignum
1008 2650 1197 2720 dereliquisti?
1223 2651 1303 2714 (Prot.
1320 2648 1388 2722 111.)
1416 2650 1479 2704 Non
1496 2649 1577 2704 illum
1594 2649 1705 2702 dimisit
1720 2649 1803 2702 Deus.
1827 2645 1856 2702 Si

107 2734 238 2804 protinus
261 2751 404 2807 respuere.
431 2737 461 2793 Si
486 2738 563 2792 enim
589 2740 665 2809 quod
690 2739 747 2793 diri
769 2755 828 2795 non
853 2740 955 2795 videtis
1007 2742 1035 2795 te
1050 2756 1108 2793 uon
1124 2738 1243 2794 dimittit
1258 2739 1421 2793 credentem
1436 2738 1467 2792 in
1478 2753 1517 2804 se,
1535 2737 1678 2792 Christum
1700 2735 1859 2790 dimitteret

108 2821 296 2893 sequendum,
312 2840 376 2879 cum
401 2825 446 2880 his
468 2826 568 2895 procul
584 2827 671 2882 dubio
694 2844 818 2899 quorum
840 2834 953 2884 secutus
1008 2829 1091 2883 Pater
1106 2833 1133 2883 el
1148 2829 1233 2883 filius
1250 2831 1277 2882 et
1294 2827 1416 2898 Spiritus
1431 2826 1563 2881 sanctus?
1577 2825 1633 2881 Sed
1657 2839 1809 2895 personam
1826 2823 1856 2877 in

108 2926 168 2964 sum
189 2911 323 2983 dignum,
345 2913 482 2983 judicatis
503 2915 603 2986 ulique
626 2918 832 2986 respuendum.
855 2919 953 2973 Patere
1008 2932 1037 2970 se
1052 2917 1304 2986 transfiguraverat
1323 2914 1428 2986 prioris
1448 2914 1583 2969 hominis.
1608 2914 1729 2980 Scimus,
1747 2913 1857 2968 dicente

107 3014 149 3053 me
165 3015 219 3053 oro
238 3016 334 3055 errare
354 3018 417 3056 cum
434 3003 538 3057 talibus
553 3003 653 3073 libere,
674 3004 725 3075 qui
747 3006 826 3058 nulla
849 3005 953 3060 veritas
973 3005 1155 3091 celpostolo,
1180 3004 1248 3076 quia
1263 3009 1342 3057 retus
1360 3002 1447 3058 homo
1468 3003 1620 3058 crucifixus
1641 3007 1684 3057 est
1699 3001 1776 3056 eruci
1791 3016 1857 3055 cum

107 3088 174 3143 citra
189 3087 312 3144 istorum
334 3090 448 3146 firmata
470 3097 514 3146 est
530 3108 626 3163 opere,
651 3093 707 3148 nisi
727 3093 845 3148 forsitan
862 3099 955 3148 restra
1007 3091 1226 3162 1110111001111.
1248 3093 1311 3147 Non
1335 3096 1432 3145 autem
1448 3106 1612 3145 careremus
1634 3094 1785 3157 velustate,
1801 3088 1857 3143 nisi

106 3177 292 3233 subtilissima
316 3184 344 3234 et
371 3181 510 3235 acerrima
543 3181 680 3237 discussio
714 3182 770 3237 alio
805 3183 860 3237 hoc
889 3182 954 3237 illos
1007 3177 1856 3251 11010100113010110101110111110.111111001111110110-

106 3265 210 3321 11111111
242 3268 405 3337 probaverit
438 3269 540 3324 modo:
567 3271 644 3342 quod
672 3270 694 3325 si
723 3286 893 3342 cognovero,
925 3275 954 3325 et
1006 3284 1149 3325 11010111111
1163 3269 1194 3323 in
1209 3269 1274 3335 illo;
1291 3267 1637 3338 quiadesiderandoeum
1653 3272 1681 3321 et
1693 3267 1856 3337 passionem

106 3360 201 3425 aperte
223 3357 275 3426 per'
300 3357 952 3429 1011111010111110101101110,1111001ευί111
1006 3359 1069 3428 ejus
1095 3372 1111 3413 1
1135 3373 1319 3412 renovamur.
1337 3357 1408 3428 Ergo
1430 3373 1484 3411 101
1505 3361 1567 3410 erat
1590 3353 1777 3420 infirmitatis,
1802 3369 1855 3407 vox

106 3444 236 3498 celeriter
261 3445 422 3514 postulabo.
440 3447 570 3501 Paratior
584 3448 662 3503 enim
683 3463 748 3503 sum
763 3464 829 3503 vera
844 3464 951 3520 cogno·
1006 3452 1067 3502 erat
1091 3452 1198 3514 nostra,
1213 3462 1271 3517 qua
1286 3446 1394 3500 dictum
1416 3450 1476 3499 est:
1500 3445 1589 3511 Quare
1603 3460 1643 3499 me
1665 3440 1856 3513 dereliquisti?

106 3547 191 3599 scere,
209 3549 296 3603 quarn
312 3533 384 3589 falsa
399 3534 562 3590 defendere.
1005 3537 1076 3592 lude
1091 3536 1132 3590 ibi
1157 3536 1266 3590 dictum
1290 3539 1340 3602 est,
1365 3534 1447 3587 uerba
1463 3533 1623 3588 delictorum
1642 3545 1774 3586 meorum:
1791 3534 1855 3584 tau·

137 3623 164 3675 1.
194 3623 234 3675 Ac
251 3621 377 3692 primum
394 3622 428 3678 de
453 3640 487 3677 eo
511 3624 590 3695 quod
612 3623 680 3693 diri,
705 3629 816 3680 sanctos
830 3631 859 3682 et
883 3644 951 3698 apo·
1005 3641 1093 3696 quam
1107 3624 1213 3679 diceret
1227 3625 1260 3678 h:
1281 3623 1319 3676 Ex
1338 3637 1461 3692 persona
1480 3621 1636 3692 peccatoris
1655 3620 1685 3676 in
1701 3636 1747 3675 me
1762 3625 1855 3674 trans·

106 3709 221 3762 stolicos
234 3709 309 3764 riros
325 3727 384 3765 non
399 3712 552 3767 verborum
571 3713 829 3785 compositionibus
853 3716 951 3770 deser·
1005 3714 1129 3783 figurata
1143 3718 1220 3767 sunl.
1237 3733 1251 3760 »

106 3795 174 3863 rire,
192 3799 242 3852 sed
266 3802 699 3873 sensuumveritategaudere:
726 3819 779 3857 nec
793 3820 844 3874 per
860 3808 951 3858 artem
1041 3805 1067 3856 1.
1095 3802 1164 3855 ltem
1187 3800 1287 3854 beatus
1309 3797 1476 3853 Ambrosius
1501 3797 1532 3851 in
1555 3797 1627 3851 libro
1655 3812 1731 3850 nono
1756 3800 1855 3851 contra

107 3886 217 3954 Donati,
233 3887 285 3942 sed
306 3904 359 3959 per
380 3889 593 3961 simplicitatem
608 3906 722 3945 currere
747 3892 866 3951 Christi:
882 3892 952 3964 quid
1004 3890 1104 3944 Arium
1128 3890 1162 3945 de
1179 3888 1377 3943 lncarnatione
1399 3886 1517 3941 Domini
1537 3885 1708 3956 disputans:
1735 3884 1769 3934 ιἰ
1794 3885 1853 3939 Non

106 3972 170 4028 inde
193 3975 224 4029 B.
241 3975 432 4047 Hieronymus
446 3977 559 4046 dixerit,
575 3978 645 4049 quid
661 3979 792 4046 senserit,
809 3981 880 4052 quid
900 3996 951 4035 sno
1005 3979 1156 4050 capiantur
1184 3976 1260 4048 quod
1283 3974 1379 4029 audit:
1410 3977 1498 4041 Quare
1527 3989 1569 4027 me
1594 3973 1779 4042 dereliquisti3
1806 3972 1854 4027 sed

107 4076 168 4115 orsu
184 4063 268 4117 nobis
282 4064 429 4132 indiderit,
450 4066 550 4121 audire
567 4071 659 4120 restra
673 4067 815 4139 patienter
827 4070 953 4125 clemen·
1003 4065 1190 4136 intelligente
1208 4064 1285 4136 quod
1310 4062 1468 4118 secundum
1493 4077 1608 4115 caruem
1632 4061 1686 4114 ista
1713 4060 1853 4125 dicantur,

107 4149 143 4203 tia
162 4150 281 4220 jubeat:
315 4157 343 4207 et
368 4153 392 4207 si
416 4154 500 4209 aliter
524 4154 708 4209 sentiendum
734 4160 785 4223 est,
810 4157 951 4212 disserere
1005 4170 1069 4225 quae
1088 4154 1170 4225 longe
1198 4151 1417 4223 aplenitudiue
1441 4148 1601 4204 Divinitatis
1626 4145 1751 4201 alienal
1776 4152 1853 4202 sunl.

107 4237 186 4292 uobis
202 4253 262 4293 non
286 4239 392 4310 pigeat.
410 4242 442 4296 ln
463 4241 537 4297 libro
552 4242 629 4296 enim
644 4242 776 4296 acalcied
798 4245 950 4315 consigna·
1004 4242 1105 4297 Aliena
1129 4246 1196 4295 sunt
1219 4242 1297 4295 enim
1313 4257 1335 4293 a
1358 4239 1416 4293 1100
1444 4236 1554 4292 101111ι
1581 4236 1750 4290 delictorum
1775 4250 1855 4290 meo·

108 4328 149 4378 tus
162 4330 204 4380 est
221 4326 251 4380 in
269 4327 393 4398 Epistola
407 4329 441 4383 ad
456 4330 655 4385 colossenses:
675 4352 685 4380 ι
706 4330 779 4385 lllud
796 4331 883 4397 enim,
901 4333 950 4400 ait,
971 4336 1072 4391 Drum
1097 4339 1128 4396 Ν,
1150 4330 1219 4401 quia
1242 4329 1337 4383 aliena
1363 4332 1430 4382 sunt
1446 4332 1474 4380 et
1489 4325 1593 4380 delicta
1615 4324 1777 4379 verborum.
1800 4323 1856 4379 Sed

109 4416 180 4485 qnod
202 4416 303 4471 erebro
321 4417 463 4474 diximus:
490 4422 568 4476 Etsi
591 4423 733 4491 imperitus
754 4437 883 4489 sermone,
899 4439 953 4479 non
1009 4421 1146 4493 quoniam
1167 4420 1271 4476 delicta
1285 4420 1379 4474 aliena
1403 4416 1515 4488 suscepi
1538 4430 1564 4483 u,
1581 4415 1668 4470 etiam
1692 4413 1856 4469 debitorum

110 4510 190 4560 eutem
215 4508 330 4560 scientio
354 4507 392 4578 (ll
418 4508 478 4564 Gor.
503 4509 889 4581 xr),nequaquaml³aulam
918 4511 952 4566 de
1008 4511 1169 4566 alienorum
1188 4509 1276 4563 verba
1291 4507 1415 4578 suscepi,
1430 4511 1463 4561 ut
1485 4503 1653 4559 derelictum
1674 4518 1753 4558 mea
1773 4504 1855 4558 Patre

112 4590 278 4659 bumilitate,
312 4595 362 4658 sed
399 4595 433 4651 de
466 4597 649 4652 conscientiae
683 4598 801 4654 veritate
839 4600 953 4669 dixisse,
1009 4602 1066 4655 Deo
1081 4614 1142 4653 esse
1153 4597 1257 4661 dicam,
1273 4595 1324 4668 qui
1339 4594 1417 4666 apud
1434 4596 1524 4649 ileum
1540 4608 1654 4662 semper
1670 4608 1776 4647 sum.»

127 4743 154 4812 ι·
171 4736 350 4817 Frequenter
374 4737 498 4807 pluralia
520 4743 622 4794 neutra
645 4740 733 4794 verba
756 4741 802 4796 hic
827 4741 954 4812 gaudent
1044 4754 1059 4796 1
1077 4741 1158 4812 Apud
1173 4739 1246 4811 Aug.
1260 4756 1346 4809 super
1354 4739 1426 4810 psal.
1438 4754 1539 4804 111111,
1552 4737 1581 4792 in
1593 4738 1660 4801 line,
1672 4735 1856 4791 1111110110ιί-

114 4806 257 4943 nnbgffirsarpi
269 4893 321 4946 pro
336 4883 386 4943 ret,
400 4894 451 4932 seu
469 4879 525 4934 sed.
1009 4812 1207 4953 tahdssegimus
1229 4881 1353 4936 ibidem:
1379 4879 1521 4948 Tortorem
1546 4880 1663 4934 diceret:
1685 4879 1746 4932 Haec
1771 4875 1855 4930 uerbo

143 4947 533 5018 ο111,1111361111111111111.
570 5019 575 5031 Ι
1007 4970 1041 5008 ere
1052 4969 1169 5023 persono
1184 4953 1371 5023 peccatoribus
1387 4953 1417 5006 tn
1440 4967 1482 5005 me
1497 4950 1699 5021 transfigurato
1715 4951 1797 5002 sunt:
1814 4947 1835 5001 N
1840 4962 1855 4998 e

141 5015 951 5104 11130,1190110110111101111011101111111011001101,
1007 5023 1269 5079 discesserisame.
1404 5093 1409 5103 Ι
1803 5086 1840 5098 ..

109 5090 583 5229 11111111111
605 5091 953 5221 11111111
1025 5094 1224 5220 1111
1238 5092 1367 5148 n...
1390 5092 1441 5148 ¹¹¹³·
1459 5093 1494 5147 ⁶⁰
1651 5106 1675 5142 ⁰·
1690 5090 1716 5141 5·
1732 5086 1786 5143 ³⁰⁶
1801 5086 1852 5154 ¹¹³:

108 5233 168 5282 rat:
192 5232 274 5285 Nemo
287 5246 345 5290 4001
356 5236 476 5311 sufflet.
502 5204 567 5297 etc'.,
582 5202 610 5286 'at
631 5203 742 5303 statim,
769 5251 833 5305 qna
853 5242 952 5291 noster
1006 5182 1341 5302 ᾳ111100111.1110111101.

106 5299 950 5374 101011,11110113115.110010111111110001111110111111·-
1040 5304 1270 5431 ἴιὺ1111.,0(1111111.Ιὸ
1325 5375 1397 5430 frte
1445 5391 1476 5430 er
1502 5375 1521 5429 d
1546 5375 1634 5428 Deum
1671 5369 1852 5426 notariorum

105 5376 242 5510 sepehet?
270 5443 455 5513 adprosemns.
495 5444 611 5500 Hieron.
648 5445 732 5515 ibid,
769 5449 851 5503 etiam
876 5462 947 5504 nnnc
1004 5393 1298 5514 moressighifichzitfl’
1337 5393 1353 5431 0
1425 5391 1443 5446 p
1639 5413 1646 5439 ⁹
1712 5485 1713 5488 η

103 5512 296 5617 “wabssmul-
461 5588 467 5600 ,
1039 5529 1059 5555 ¹²¹
1076 5520 1108 5574 ln
1122 5518 1265 5602 Ambrosii
1275 5517 1452 5617 ο1011111011
1463 5530 1591 5571 meorum.
1683 5587 1688 5599 ¹

163 5583 225 5650 lla,
242 5589 411 5641 trrtunore...
429 5590 575 5643 trrtnneto.
1038 5603 1052 5634 ¹¹
1068 5591 1129 5658 lls,
1144 5593 1263 5660 surrepat
1276 5630 1282 5642 .
1300 5588 1404 5643 melros
1418 5602 1447 5641 m
1458 5586 1567 5654 Amba,
1581 5600 1697 5657 suscepr.
