3930 6098
83 299 155 371 ,ιιι

453 300 682 359 hisser'rarto
700 302 734 358 tit
754 304 822 360 tiu.
847 305 893 362 ΒΕ
914 304 1078 363 CORPORE
1099 307 1143 363 ET
1163 305 1336 364 SANGUlNE
1357 307 1489 365 llOlllNl.
1536 261 1540 269 ¹

1802 315 1853 370 186

99 434 155 488 bus
170 433 288 504 percipi,
305 433 361 488 nisi
384 433 457 489 torte
471 433 620 488 sententiae
631 434 789 490 recentium
802 451 945 516 quorum·
964 438 985 492 A
1001 453 1125 509 suosque
1141 436 1230 492 libros
1253 437 1319 499 igne
1335 439 1492 511 absumpsit
1507 456 1601 496 corani
1627 441 1741 498 Nicolao
1756 460 1855 500 secun-

98 505 166 560 dam
183 504 421 576 philosophorum
443 506 560 575 placeat,
587 520 673 575 quani
694 506 870 575 amplissime
894 513 950 560 tra-

99 576 187 628 ctavit
221 576 254 630 ll.
267 576 351 630 Pater
385 577 505 646 llagnan
524 584 537 610 ⁸
568 592 601 629 ex
634 576 734 631 ordine
766 576 949 631 tdinimorum

99 646 128 702 S.
155 646 297 700 Francisci
322 647 356 700 ιι
381 648 478 712 Ριιιιι,
506 646 557 717 qui
581 646 753 701 existimavit
781 649 870 703 licum
898 663 949 719 per

100 732 274 770 concursum
289 733 376 788 quein
392 719 515 786 proebuit
530 718 597 788 paui
610 725 676 772 ante
691 720 947 786 consecrationem,

99 788 234 842 eamdem
256 795 323 858 post
343 788 372 842 in
386 789 483 842 oculos
509 804 638 843 exercere
655 789 810 843 motionem
835 805 885 844 seii
908 791 949 843 lu·

101 874 166 912 cere
190 859 411 929 impressionem
431 874 518 929 quam
538 860 620 929 panis
640 867 669 914 et
687 863 785 914 virium
809 860 951 914 faciebant

100 935 169 983 ante
197 930 459 997 consecrationem
484 930 526 984 rel
555 929 729 984 clarissimus
754 931 787 985 l).
813 931 949 997 llohault,

102 1000 295 1080 philosophiis
312 1001 503 1065 Cartesienus,
522 1000 552 1055 in
578 1000 651 1055 libro
674 1001 824 1055 vernacule
844 1003 950 1070 scriptu

103 1087 133 1124 ιιι
155 1086 215 1141 quo
233 1071 325 1138 docet,
350 1088 453 1142 corpus
475 1072 589 1138 Christi,
609 1088 674 1126 cum
699 1073 843 1142 integrum
867 1089 950 1126 occu·

102 1147 153 1212 pet
189 1145 285 1195 lucum
322 1157 408 1210 quem
445 1143 602 1212 occupabat
637 1160 740 1214 curpns
776 1145 868 1214 panis,
907 1160 952 1196 ea·

102 1214 170 1266 dem
196 1213 348 1282 superlicie
375 1212 581 1267 circumdatum
606 1231 657 1268 seu
682 1213 780 1268 eadem
805 1217 951 1288 πιριφιριιι

102 1299 154 1337 sen
196 1284 429 1337 circumferentia
470 1285 666 1345 terminatum.
704 1286 808 1340 debera
849 1289 951 1339 eudcin

102 1369 224 1422 prorsus
248 1354 333 1408 mudo
353 1353 467 1408 allicere
490 1358 588 1407 oculus
606 1372 664 1426 quo
688 1357 772 1427 panis
793 1361 858 1409 ante
879 1371 951 1409 cun-

102 1426 297 1478 secratiunem
326 1423 477 1480 alliciebat.
502 1426 531 1481 Si
559 1441 604 1479 res
625 1428 665 1480 ita
688 1444 717 1480 se
738 1426 866 1489 haberet,
895 1427 952 1481 du-

102 1495 152 1549 bio
174 1497 279 1564 procul
301 1497 362 1549 linc
386 1496 487 1550 albedo
507 1502 536 1550 et
555 1498 716 1551 rotunditas
735 1513 801 1567 quai
821 1497 952 1552 videntur

102 1572 200 1620 essent
222 1567 275 1620 hoc
296 1583 400 1638 corpus
421 1567 523 1622 Christi
539 1570 615 1637 quod
634 1569 778 1622 videretur
793 1568 864 1622 etin
887 1583 952 1620 ccii·

102 1637 146 1691 los
174 1636 353 1702 incurreret3
379 1637 428 1692 sed
451 1637 592 1706 ejusmodi
612 1639 709 1708 opinio
732 1654 791 1692 non
819 1638 950 1705 delectat,

101 1708 132 1761 ni
148 1707 244 1773 fallor,
260 1708 486 1774 dissertatorem,
502 1709 561 1762 iuio
578 1710 718 1764 subtilitas
739 1708 796 1763 alia
839 1709 951 1763 uaedam

102 1779 277 1832 scholastica
295 1779 351 1847 ipsi
374 1779 489 1844 arridet,
510 1780 617 1833 scilicet
635 1780 689 1834 sihi
712 1725 835 1851 persua}

101 1864 203 1903 resera
223 1851 272 1904 hoc
286 1849 360 1919 quod
385 1856 433 1916 cst,
449 1867 497 1904 seu
513 1851 584 1905 latet
599 1856 628 1906 et
649 1851 789 1905 occulitur
810 1851 840 1905 in
861 1867 951 1904 sacra·

102 1926 203 1975 mento
228 1921 265 1974 sit
281 1937 385 1991 corpus
403 1920 507 1975 Christi
528 1937 638 1987 verum,
659 1937 708 1975 seu
723 1921 819 1992 potius
838 1921 874 1975 ιιι
890 1921 950 1991 ipsa

102 1991 264 2045 substantia
289 1991 415 2062 corporis
438 1992 551 2058 Christi,
572 1992 626 2046 hoc
649 1992 757 2061 pariter
779 1992 855 2063 quod
876 1992 952 2044 vide·

102 2066 149 2116 tur
165 2077 230 2116 esse
243 2078 349 2132 corpus
363 2063 457 2129 ipsum
471 2062 584 2118 Christi.
613 2063 667 2118 Sed
684 2063 855 2133 respondere
871 2062 951 2116 lacile

103 2139 146 2187 est
158 2132 351 2186 substantiam
370 2135 497 2202 corporis
517 2133 620 2188 Christi
643 2150 703 2187 esse
727 2149 824 2188 revera
841 2133 873 2187 in
898 2134 950 2187 Eu·

102 2203 251 2267 charistia,
268 2204 317 2257 sed
342 2218 400 2257 non
413 2208 567 2274 propterea
581 2205 670 2259 oculis
686 2205 789 2258 nostris
808 2219 840 2258 ac
859 2204 952 2257 sensi-

1002 509 1039 563 ιο
1055 525 1130 579 papa
1140 524 1217 562 annu
1231 512 1296 564 tutu
1317 509 1403 565 luerit
1426 527 1507 564 verus
1523 519 1551 567 et
1572 513 1713 568 maximus
1728 514 1795 570 lldei
1807 531 1854 570 ca·

1003 580 1116 633 tliolicae
1132 579 1265 634 delensur
1279 581 1407 651 adeoque
1424 581 1479 635 lide
1496 584 1723 651 praeditusextra
1737 602 1853 641 omnem

1003 650 1196 719 suspicionem
1214 651 1316 720 posita.
1333 655 1369 705 At
1392 668 1459 706 vero
1475 653 1514 706 sic
1530 654 1649 708 faturia
1675 656 1792 727 Dialogo
1817 657 1853 713 ad

1002 737 1100 774 veiaiis
1127 721 1329 791 berengarium
1360 723 1394 777 de
1423 723 1625 779 Eucharistia:
1656 745 1670 776 a
1698 726 1769 781 Vere
1795 727 1852 781 dici

1003 807 1085 861 posse
1102 797 1130 844 et
1145 792 1239 863 ipsum
1252 809 1356 861 corpus
1369 795 1444 864 quud
1461 793 1496 848 da
1511 795 1624 863 Virgine
1634 802 1781 866 sumptum
1798 803 1850 864 est,

1003 868 1031 915 et
1045 867 1140 916 tamen
1158 880 1214 917 uon
1237 863 1331 933 ipsuni
1348 864 1464 934 quidem
1484 871 1624 936 quantum
1640 866 1675 920 ad
1700 869 1852 924 essentiam

1005 949 1134 1004 veraeque
1151 942 1262 988 naturus
1277 935 1480 1005 proprietatem
1506 942 1591 1006 atque
1608 937 1741 991 virtutem
1760 955 1766 992 :
1793 955 1850 994 non

1004 1009 1099 1057 autem
1121 1005 1145 1057 si
1161 1009 1271 1074 spectes
1298 1005 1380 1076 panis
1395 1007 1513 1076 vinique
1538 1007 1672 1076 speciem.
1696 1007 1755 1061 »Si
1770 1009 1848 1078 ejus-

1004 1074 1082 1129 modi
1107 1075 1190 1128 verba
1209 1077 1285 1145 apud
1311 1076 1498 1130 Batramniim
1523 1077 1845 1142 invenirentur,disser·

1005 1151 1128 1198 tatoraui
1145 1161 1234 1216 usque
1259 1147 1293 1200 ad
1310 1147 1494 1202 articulorum
1522 1148 1665 1218 fragorem
1685 1164 1851 1202 commove-

1004 1220 1077 1270 rent.
1109 1217 1157 1271 Sat
1185 1222 1227 1270 est
1261 1219 1416 1272 llatramno
1453 1219 1570 1290 aliquod
1598 1219 1752 1272 discrimen
1777 1219 1854 1273 inter

1004 1302 1107 1358 corpus
1127 1292 1154 1340 et
1169 1303 1274 1359 corpus
1302 1290 1450 1353 attulisse,
1469 1305 1616 1360 nunquam
1633 1288 1705 1342 dixit
1724 1305 1777 1344 uec
1792 1304 1852 1343 esse

1005 1357 1098 1426 ipsum
1115 1374 1218 1428 corpus
1235 1359 1310 1429 quod
1326 1360 1361 1413 de
1386 1360 1472 1413 llaria
1497 1367 1644 1430 sumptum
1671 1365 1722 1414 est.
1745 1359 1799 1415 Sed
1816 1358 1852 1413 ad

1005 1435 1133 1482 mentem
1151 1430 1298 1483 llatramni
1315 1430 1521 1499 congruentius
1536 1433 1628 1485 adhuc
1643 1430 1723 1501 loqui
1739 1430 1853 1484 videtur
1923 1447 1934 1468 ·

1005 1498 1104 1553 heatus
1120 1499 1251 1566 tllgerus,
1266 1501 1397 1570 egregius
1417 1501 1483 1555 lidei
1499 1501 1632 1555 defensor
1644 1503 1779 1554 adversus
1802 1502 1852 1555 Be·

1006 1570 1180 1639 rengerium,
1195 1571 1214 1625 l.
1229 1587 1236 1623 ι
1253 1572 1287 1624 de
1304 1571 1489 1638 Eucharistia,
1505 1588 1567 1643 cap.
1586 1575 1636 1626 ll:
1655 1594 1668 1621 u
1687 1570 1853 1643 Dupliciter,

1005 1640 1110 1710 iuquit,
1127 1641 1242 1712 sanguis
1262 1641 1365 1696 Christi
1392 1648 1421 1696 et
1435 1658 1500 1696 caro
1516 1641 1711 1713 intelligitur:
1733 1642 1777 1696 vel
1793 1642 1855 1713 spi·

1006 1711 1118 1764 ritualis
1134 1711 1182 1764 illa
1198 1718 1284 1782 atque
1306 1711 1414 1778 divina,
1435 1714 1470 1766 de
1485 1729 1543 1783 qua
1557 1713 1618 1782 ipse
1630 1713 1685 1766 ait:
1703 1713 1772 1769 Cere
1797 1726 1856 1766 mec

837 1787 865 1834 et
885 1795 949 1833 cuin
971 1794 1065 1849 gnere
1075 1787 1114 1835 est
1132 1782 1207 1837 cibus
1221 1787 1246 1835 et
1265 1785 1376 1850 sunonis
1391 1797 1463 1837 meus
1477 1798 1538 1837 vere
1551 1789 1591 1837 est
1612 1788 1691 1854 potus
1704 1802 1712 1849 3
1727 1782 1770 1836 vel
1788 1798 1854 1837 caro

1005 1851 1054 1905 illa
1079 1868 1143 1923 quae
1163 1853 1297 1907 criicilira
1320 1861 1363 1907 est
1385 1859 1414 1907 ιι
1427 1853 1545 1924 sanguis
1562 1854 1611 1924 qui
1628 1853 1728 1906 militis
1744 1852 1851 1907 ellusus

1006 1927 1048 1977 est
1063 1923 1178 1986 lancea;
1198 1925 1274 1994 quod
1291 1940 1349 1977 non
1365 1923 1468 1978 dixisse
1481 1931 1624 1996 ¹quantum
1649 1923 1683 1977 ad
1706 1923 1850 1995 duplicem

1005 1994 1068 2064 ejus
1083 1993 1271 2048 substantiam
1285 1995 1443 2049 credendus
1459 2002 1511 2056 est,
1529 1995 1577 2048 ιιι
1593 1999 1732 2064 quantum
1749 1993 1783 2047 ad
1798 1993 1852 2048 du·

1006 2064 1109 2134 plicam
1123 2064 1184 2135 ejus
1199 2065 1364 2119 substantie.
1375 2066 1496 2119 turmam
1515 2081 1580 2136 quae
1597 2064 1714 2118 nuncin
1731 2066 1856 2118 humana

1006 2135 1089 2206 panis
1104 2140 1132 2188 et
1147 2136 1206 2188 vini
1230 2135 1401 2207 intelligitur
1429 2136 1530 2190 fornia.
1550 2156 1560 2183 ι
1585 2135 1619 2188 Et
1632 2136 1717 2205 paulo
1733 2133 1854 2188 interius

1006 2205 1108 2260 eodem
1120 2206 1231 2275 capite:
1257 2229 1266 2255 ι
1284 2207 1396 2276 Species
1411 2212 1438 2260 ιι
1452 2205 1610 2260 similitudo
1628 2206 1742 2260 illarum
1759 2219 1855 2258 rerum
1884 2270 1887 2274 Δ

104 2274 158 2328 hus
181 2273 337 2328 obnoxiam
360 2274 450 2328 ellieri
476 2291 484 2329 ι
506 2275 643 2346 quioniam
671 2274 795 2329 mirabili
819 2275 904 2329 modu
925 2277 953 2327 et

104 2350 215 2399 naturoe
237 2345 346 2399 viribus
366 2345 517 2415 superiori,
543 2346 587 2400 his
607 2347 756 2412 delitescit,
779 2362 830 2400 nec
852 2347 952 2399 ullate-

104 2431 157 2469 nus
176 2416 312 2469 sensibus
332 2416 439 2486 percipi
458 2420 560 2487 potest.
587 2418 626 2471 De
648 2417 759 2487 reliquo
772 2417 833 2487 jani
857 2415 952 2487 inqui-

106 2485 226 2540 rendum
248 2492 380 2556 superest
404 2503 460 2557 qua
487 2488 601 2542 ratione
625 2488 797 2542 llatramnus
823 2502 953 2557 expresse

104 2556 254 2627 negaverit
276 2572 356 2611 num.
384 2561 428 2624 50,
450 2560 484 2611 52
508 2563 537 2611 et
565 2561 611 2612 l0l
632 2574 736 2629 corpus
758 2558 834 2627 quod
859 2562 903 2611 ιιι
923 2557 953 2611 iii

105 2627 186 2682 altari
206 2643 271 2681 esse
292 2644 397 2697 corpus
424 2628 518 2700 ipsum
543 2629 622 2699 quod
645 2637 743 2683 natum
768 2634 810 2682 est
833 2645 866 2683 ιι
892 2628 953 2680 Vir·

106 2698 180 2767 gine.
205 2699 287 2769 Nego
309 2715 342 2753 ac
368 2715 494 2771 pernego
519 2701 706 2756 ltatramnum
730 2700 760 2753 in
783 2698 828 2754 his
853 2715 954 2752 nume·

106 2769 143 2822 ris
169 2785 300 2839 unquam
328 2785 446 2840 negasse
474 2786 577 2840 corpus
605 2771 682 2841 quud
714 2770 743 2824 iu
777 2769 955 2825 Eucharistia

107 2840 172 2963 larg:
188 2855 252 2894 esse
271 2855 374 2912 corpus
395 2857 430 2896 ιι
446 2842 562 2912 Virgine
580 2849 690 2910 natum,
714 2857 831 2912 passum
852 2847 881 2896 ιι
906 2856 954 2894 ιι-

110 2926 144 2980 pu
170 2926 233 2965 um.

1007 2277 1198 2331 suntnumina
1212 2293 1276 2347 quae
1295 2285 1361 2332 aute
1376 2277 1504 2344 luerunt,
1522 2277 1603 2347 panis
1624 2276 1731 2333 scilicet
1744 2274 1855 2340 etvini,

1007 2363 1066 2401 non
1081 2347 1209 2417 corporis
1224 2347 1337 2402 Christi.
1363 2348 1472 2419 Corpus
1495 2352 1603 2401 vernet
1620 2347 1738 2472 sanguis
1753 2344 1856 2400 Christi

1008 2423 1145 2471 vocantur
1168 2419 1361 2488 nuncupative
1385 2435 1418 2472 eo
1448 2418 1602 2472 locutionis
1618 2432 1665 2471 nio
1687 2434 1704 2470 u
1730 2432 1787 2487 quo
1812 2431 1857 2470 res

1007 2487 1171 2558 significans
1184 2490 1254 2542 solet
1271 2489 1312 2543 rei
1326 2489 1490 2560 signiticatae
1503 2489 1640 2542 vocabulo
1655 2486 1854 2558 nuncupari.»

1008 2560 1040 2613 lit
1055 2575 1115 2630 cap.
1136 2561 1180 2614 l8:
1200 2560 1232 2614 Et
1250 2560 1285 2614 de
1300 2565 1475 2614 sacramanto
1495 2559 1612 2640 quidem
1634 2560 1717 2629 panis
1746 2562 1775 2611 et
1798 2557 1856 2611 vini

1008 2629 1083 2700 quod
1099 2629 1242 2754 significet
1266 2635 1295 2685 et
1309 2632 1346 2685 sit
1360 2637 1550 2701 nuncupative
1565 2646 1669 2701 corpus
1684 2628 1789 2685 Christi
1805 2643 1855 2682 su·

1008 2701 1105 2781 perias
1142 2702 1227 2754 ictum
1251 2706 1303 2756 est.
1332 2700 1413 2766 Quod
1429 2717 1495 2755 vero
1512 2717 1611 2755 verum
1633 2716 1736 2771 corpus
1752 2697 1857 2754 Christi

1009 2769 1152 2825 invisibile
1168 2777 1233 2841 post
1263 2773 1500 2826 resurrectionem
1529 2771 1566 2825 ιιι
1584 2774 1795 2825 sacramentum
1815 2769 1857 2824 vi·

1010 2842 1100 2895 sibilis
1119 2842 1248 2913 corporis
1263 2843 1365 2898 Christi
1382 2844 1411 2896 in
1427 2843 1560 2913 passione
1574 2842 1720 2913 suiipsius,
1736 2845 1858 2896 testatur

1008 2913 1186 2984 Augustinus
1204 2914 1234 2967 in
1259 2914 1330 2968 libro
1351 2913 1565 2969 Sententiarum
1585 2912 1733 2984 Prosperi:
1752 2932 1766 2961 «
1785 2910 1856 2966 Caro

141 2981 195 3036 Sed
224 2981 347 3036 rotunde
371 2981 454 3037 lateri
482 2997 595 3037 necesse
622 2987 665 3037 est
689 2997 823 3051 magnam
852 2982 956 3036 consti·
1011 2985 1131 3053 ejusest
1160 3000 1246 3055 quani
1266 2984 1360 3038 turma
1380 2984 1463 3055 panis
1478 2989 1607 3055 opertam
1630 2984 1659 3038 in
1680 2986 1858 3037 sai-ramento

109 3056 184 3106 tuere
207 3052 402 3107 differentiam
416 3052 513 3108 habita
527 3053 638 3108 diversa
659 3054 771 3108 ratione
785 3054 860 3108 inter
879 3055 955 3107 idem
1012 3054 1177 3124 accipimus,
1200 3060 1227 3108 et
1242 3056 1358 3124 sanguis
1377 3055 1439 3124 ejus
1452 3070 1538 3125 quem
1554 3054 1607 3107 sub
1636 3052 1695 3108 vini
1720 3052 1815 3123 specie
1830 3056 1859 3106 et

110 3138 211 3192 corpus
227 3128 369 3193 quatenus
388 3124 418 3178 in
443 3124 565 3179 Ecclesia
587 3125 762 3179 celebratum
783 3140 834 3195 per
850 3128 955 3194 myste·
972 3142 992 3198 c
1010 3140 1109 3194 sapore
1126 3131 1268 3194 potamus,
1285 3140 1351 3178 caro
1366 3123 1496 3179 videlicet
1510 3122 1603 3178 carnis
1620 3129 1648 3177 ιι
1663 3122 1779 3193 sanguis
1798 3137 1858 3176 san·

111 3193 192 3259 rium,
224 3200 253 3247 et
284 3194 434 3264 proprium
463 3211 552 3266 copiis
574 3212 625 3250 seu
651 3194 874 3266 proprietatibus
894 3210 952 3248 cor·
1008 3195 1103 3265 guinis
1126 3198 1345 3249 sacramentum.
1368 3213 1382 3246 ι
1411 3194 1500 3265 Igitur
1525 3193 1644 3248 niinime
1671 3191 1858 3262 consequitur

110 3264 201 3334 porcis
217 3264 351 3318 allectum
372 3266 448 3336 quod
464 3281 496 3320 ex
523 3266 628 3347 Virgae
642 3269 728 3322 lteris
747 3272 857 3332 natum,
876 3265 954 3319 cruci
1008 3267 1195 3320 ltatramnum
1212 3281 1270 3319 non
1296 3265 1351 3320 sihi
1371 3265 1545 3336 persuasisse
1569 3279 1673 3335 corpus
1692 3278 1725 3316 ex
1741 3261 1856 3331 Virgine

111 3335 236 3401 attixum,
253 3337 411 3405 sepultum,
428 3343 525 3405 postea
544 3337 715 3392 mirabiliter
730 3337 842 3401 revixit,
857 3341 885 3389 et
908 3337 953 3390 in·
1008 3341 1157 3405 sumptum
1173 3336 1203 3390 in
1226 3335 1403 3391 Eiicharistia
1419 3352 1477 3390 non
1501 3335 1631 3401 existere,
1647 3332 1778 3406 quamvis
1802 3331 1855 3385 dil·

111 3406 191 3460 coelos
215 3407 355 3461 ascendit.
377 3408 442 3462 llaec
466 3407 628 3478 intelligere
648 3408 900 3462 nonarduuinest
920 3422 953 3461 ex
1008 3407 1157 3461 larentiam
1185 3406 1364 3461 constituerit
1392 3407 1467 3461 inter
1494 3406 1565 3460 illud
1588 3420 1693 3476 corpus
1716 3402 1793 3529 quod
1823 3402 1858 3457 ιι

112 3492 188 3531 num.
206 3478 243 3531 88
259 3476 291 3530 iu
309 3492 366 3547 quo
390 3478 430 3531 sic
448 3477 546 3533 fatur:
566 3498 580 3530 a
601 3481 782 3549 Quapropter
801 3493 873 3602 corpJ

112 3546 226 3618 sanguis
257 3548 334 3619 quod
368 3547 399 3602 in
428 3549 549 3603 Ecclesia
575 3549 686 3620 geritur
714 3548 811 3604 dilisrt
837 3565 854 3601 a
905 3548 954 3601 illo
1009 3548 1283 3621 lehratur;quippe
1305 3565 1370 3603 cum
1394 3549 1539 3618 conceptis
1564 3545 1658 3601 verbis
1676 3546 1775 3600 doceat
1795 3543 1859 3598 sub-

111 3633 225 3689 corpure
269 3623 300 3672 ιι
335 3619 474 3688 sangnine
512 3621 590 3700 quod
626 3620 657 3674 in
694 3619 800 3674 Christi
835 3634 955 3689 corpore
1009 3619 1144 3672 stantiam
1160 3621 1241 3689 panis
1264 3624 1292 3673 et
1315 3620 1372 3673 viiii
1388 3636 1448 3673 esse
1470 3633 1635 3672 conversam
1657 3616 1687 3671 ιιι
1712 3631 1814 3685 corpus
1830 3618 1859 3668 et

112 3705 169 3743 cum
184 3688 380 3760 glorificatum
400 3697 582 3756 cognoscitur
598 3707 605 3745 ε
622 3696 651 3746 ιι
664 3691 719 3744 lioc
733 3706 836 3759 corpus
852 3690 956 3761 pignus
1010 3689 1181 3757 sanguinem
1197 3689 1312 3756 Christi,
1322 3692 1401 3753 nefus
1411 3705 1466 3744 esse
1480 3704 1533 3743 nou
1543 3690 1628 3742 solum
1642 3702 1751 3754 negare,
1767 3700 1860 3740 uuum

112 3764 151 3813 est
161 3764 190 3815 et
215 3760 336 3828 species,
357 3760 430 3814 illud
456 3776 524 3815 vero
554 3767 594 3815 ιιι
619 3762 682 3832 ipsa
699 3762 842 3815 veritas.»
870 3761 954 3815 Num.
1009 3762 1221 3824 ettamemiiara
1244 3774 1297 3813 nois
1318 3775 1483 3829 essecorpus
1499 3760 1625 3823 Christi3
1643 3757 1776 3827 dicatque
1792 3771 1858 3810 cor-

111 3832 159 3885 ιιι
172 3851 186 3881 α
200 3829 955 3902 Videmusitaquemultaditleientiasepararimyste·
1009 3846 1064 3901 pus
1079 3830 1222 3885 nominari
1244 3836 1273 3884 et
1298 3830 1419 3884 existere
1440 3835 1472 3883 ut
1496 3845 1582 3898 supra
1597 3827 1784 3881 ostendimus.
1805 3826 1856 3879 Ea·

112 3901 525 3971 riumcorporisetsanguinis
547 3903 651 3957 Christi
670 3902 746 3973 quod
762 3918 837 3956 nunc
860 3901 957 3955 elide
1010 3900 1075 3955 deni
1101 3917 1219 3971 prorsus
1240 3899 1382 3954 habentur
1406 3899 1482 3970 apud
1506 3899 1631 3953 l’vcnem
1656 3896 1860 3951 carnotensem

112 3971 181 4025 libus
195 3972 323 4026 sumitur
338 3971 368 4025 in
384 3972 516 4039 Ecclesia,
531 3979 559 4027 ιι
569 3974 639 4028 ιιιιιι
654 3974 730 4044 quod
744 3980 843 4026 natum
860 3989 893 4026 ex
907 3972 958 4026 lla·
1011 3971 1041 4026 in
1063 3972 1183 4042 epistola
1201 3971 1235 4025 ad
1261 3971 1426 4039 Finardum,
1453 3974 1481 4024 et
1500 3975 1584 4023 antea
1609 3967 1685 4046 apud
1709 3966 1859 4021 Rabanum

113 4043 151 4096 ria
170 4042 301 4112 Virgine,
327 4043 405 4112 quod
437 4058 564 4114 passum,
591 4045 667 4115 quod
696 4045 851 4114 sepultum,
880 4042 958 4113 quud
1013 4042 1356 4112 llauruminepistolaad
1373 4039 1557 4096 lleribaldum
1578 4036 1857 4117 altissiodorensem,

113 4113 275 4179 resurrexit,
293 4112 370 4184 quod
382 4114 411 4168 iii
424 4113 509 4169 coelos
521 4115 660 4182 ascendit,
671 4115 747 4184 quod
761 4115 795 4168 ad
810 4115 956 4169 dexteram
1012 4130 1099 4182 quani
1129 4112 1236 4183 publici
1262 4112 1336 4183 juris
1370 4113 1435 4168 tecit
1458 4109 1639 4166 doctissimus
1663 4109 1802 4175 baluzius,
1834 4110 1862 4160 ιι

113 4183 200 4237 Patris
216 4184 308 4238 sedet.
326 4206 341 4233 >i
367 4185 440 4238 Num
457 4187 490 4239 97
509 4201 515 4240 :
539 4206 553 4235 κ
578 4185 794 4240 Evidentissime
819 4191 958 4239 monstra·
1012 4184 1145 4252 quamah
1158 4183 1236 4237 omni
1250 4187 1300 4238 aut
1313 4183 1429 4237 haeresis
1443 4187 1492 4237 aut
1506 4181 1611 4235 erroris
1632 4179 1792 4251 suspicione
1806 4176 1862 4232 lor·

113 4259 168 4308 tuni
185 4261 232 4307 est
253 4255 430 4325 quudpanis
450 4256 617 4327 quicorpus
637 4255 752 4317 Christi,
769 4255 882 4308 etcalix
908 4253 958 4324 qui
1012 4254 1245 4308 titervindicavit
1271 4269 1360 4309 rever.
1391 4256 1473 4308 Pater
1501 4251 1680 4307 Christianus
1708 4250 1861 4321 tmpusor·

114 4326 228 4396 sanguis
241 4326 346 4380 Christi
364 4327 536 4397 appellatur,
550 4328 645 4397 ligura
656 4325 956 4397 sitquiamysteriiim.
1014 4324 1089 4379 dinis
1117 4325 1144 4379 S.
1174 4323 1337 4394 Augustini,
1362 4341 1449 4378 sacrae
1472 4323 1635 4392 theologiae
1659 4320 1803 4392 professor
1832 4318 1862 4372 in

114 4395 227 4468 etquod
244 4411 305 4449 non
325 4412 409 4467 parva
425 4397 586 4452 dillerentia
601 4397 639 4450 sit
658 4398 733 4451 inter
754 4411 856 4467 corpus
880 4395 957 4466 quud
1012 4395 1166 4449 Academia
1189 4394 1369 4459 lovaniensi,
1394 4395 1425 4449 in
1446 4393 1647 4449 dissertatione
1664 4391 1761 4445 dedita
1776 4405 1862 4458 opera

114 4480 159 4535 [ιι
173 4466 345 4537 mysterium
363 4467 456 4521 existit
470 4473 499 4522 et
521 4483 626 4538 corpus
641 4468 717 4538 quod
737 4483 851 4537 passum
873 4472 915 4520 est
928 4471 956 4519 et
975 4466 1045 4522 llad
1070 4466 1289 4536 explicationem
1312 4465 1543 4521 testimoniorum
1556 4462 1747 4533 quorumdam
1762 4461 1791 4515 S.
1809 4460 1860 4515 Pa·

114 4538 253 4607 sepultum
284 4539 448 4592 resurrexit.
473 4558 487 4587 a
514 4539 583 4592 Ecca
607 4539 692 4592 verba
714 4538 835 4592 debebat
863 4536 955 4608 specie
1014 4541 1090 4590 trum
1115 4536 1305 4607 spectantium
1330 4535 1364 4591 ad
1400 4535 1534 4591 haeresim
1569 4532 1742 4603 llcrengarii,
1772 4531 1863 4584 relata

115 4608 234 4677 quadam
249 4608 370 4662 rationis
383 4607 543 4678 exscriptis
561 4609 709 4664 llatramni
726 4608 884 4662 exscribere
907 4608 961 4660 dis-
1014 4610 1093 4661 torno
1108 4608 1254 4660 Vsuarum
1272 4611 1404 4660 notarum
1419 4607 1454 4660 ad
1479 4603 1615 4668 Concilia,
1640 4618 1705 4673 pag.
1731 4605 1791 4669 ιιι,
1807 4602 1862 4656 ini·

115 4683 231 4732 sectatur
257 4694 265 4732 ε
286 4693 318 4732 ιι
339 4678 442 4749 quibus
466 4680 618 4760 potuisset,
638 4695 697 4733 nun
719 4679 829 4733 violatis
851 4678 960 4748 legibus
1014 4693 1110 4748 presso
1127 4677 1266 4732 Bruxellis
1281 4693 1357 4731 anno
1368 4676 1471 4732 Christi
1491 4678 1566 4731 ici-i.
1845 4744 1850 4753 .

116 4748 342 4803 ratiocinationis
364 4749 529 4815 dialecticae,
560 4750 745 4821 comprobare
773 4751 960 4806 Ratramnum
1049 4749 1080 4801 V.
1097 4750 1179 4803 bum.
1199 4751 1249 4803 t0:
1266 4749 1364 4808 claret.
1390 4747 1485 4817 inquit
1501 4747 1677 4812 dissertator,
1697 4747 1764 4815 quio
1782 4756 1862 4823 ponis

116 4819 348 4874 concredidisse
373 4836 421 4874 cor
444 4837 477 4874 us
503 4821 580 4891 qiiod
602 4821 632 4875 in
658 4820 779 4874 Ecclesia
801 4821 961 4875 celebratur
1013 4819 1059 4873 ille
1095 4821 1240 4888 ciuemque
1270 4823 1386 4887 figurate
1415 4819 1517 4876 Christi
1553 4831 1649 4887 corpus
1686 4822 1711 4869 ct
1750 4826 1862 4878 sanquis

115 4886 237 4960 idipsum
267 4905 329 4944 esse
357 4837 441 4960 quot?
455 4892 486 4945 in
508 4896 590 4946 utero
609 4891 736 4961 Virginis
764 4889 958 4954 efformatum,
1013 4892 1117 4944 suistit.

116 4960 185 5014 cruci
199 4960 332 5027 altixum,
346 4966 373 5015 et
388 4959 534 5031 sepultum
551 4966 651 5032 postea
666 4960 779 5015 revixit.
801 4962 857 5015 lloc
871 4962 961 5031 igitur

116 5028 283 5086 umentem
297 5032 490 5085 dissertatoris
505 5035 562 5103 jam
585 5031 780 5086 intromittere
803 5032 958 5101 nosjiivat,
1096 5082 1101 5093 ‚
1198 5082 1203 5092 ,
1301 5081 1306 5092 ,
1413 5082 1418 5094 ,
1497 5081 1502 5092 ,
1632 5078 1637 5090 ,
1719 5076 1724 5087 .
1798 5073 1804 5084 .

117 5102 270 5227 itququus
289 5101 487 5173 intelligent&
506 5103 645 5172 subjicere
665 5103 881 5172 hancejusdem
897 5117 959 5157 gor,
1049 5082 1117 5148 Quis
1137 5082 1247 5138 dubitat
1271 5083 1368 5154 aliqua
1392 5082 1504 5137 dicendi
1533 5085 1561 5136 et
1585 5075 1727 5134 scribendi
1751 5078 1863 5130 ratione

118 5172 187 5237 poris
229 5172 416 5252 iderentiam,
438 5172 574 5228 inviolata
593 5175 750 5243 etintegra
773 5176 960 5243 permanante
1014 5170 1065 5235 ⁸⁸¹}
1079 5169 1184 5225 80001'9
1212 5168 1317 5235 panem
1337 5158 1368 5235 ‚⁰²
1381 5153 1478 5208 Vinum
1494 5151 1616 5230 fissumfl
1633 5163 1735 5272 mrem
1754 5151 1782 5200 et
1798 5160 1864 5199 ⁸⁸¹¹·

119 5240 148 5293 ιι
188 5248 326 5298 ιιιιιιιιιι
347 5244 407 5298 veri
439 5259 488 5298 cor
509 5244 568 5298 cris
589 5248 618 5299 et
641 5260 692 5298 san
716 5244 791 5298 uinis
814 5243 917 5299 Christi
930 5244 960 5298 iii
1034 5240 1132 5304 niuem
1161 5223 1265 5280 Chrtslt
1299 5223 1446 5305 existeres?
1475 5222 1661 5304 l'aschasius,¹
1700 5216 1863 5298 sairanem,

120 5257 291 5370 &eguistis
306 5313 438 5369 &1095oe
453 5260 601 5371 ceiiiolicoe
620 5260 824 5371 figgggemjnj
847 5313 960 5370 homini
1013 5240 1202 5350 guitmundus
1216 5298 1244 5349 at
1257 5311 1357 5349 omnes
1379 5300 1489 5367 antiqui
1506 5297 1535 5346 et
1557 5296 1729 5345 recentiores
1748 5303 1803 5342 viri
1817 5303 1863 5342 ee-

120 5380 261 5440 dubitandi
276 5385 485 5439 locusrslictus
505 5393 548 5440 est
564 5385 832 5457 quintanlrancus‚
848 5385 959 5440 archie·
1012 5365 1115 5447 thilljssi,
1133 5367 1216 5447 ,⁰¹³9
1251 5363 1390 5425 sistemus·
1427 5362 1586 5445 dllfflm⁰d⁰
1621 5375 1720 5440 mela
1758 5375 1863 5430 οΝιιω

121 5450 244 5527 ιιιιορω
265 5456 489 5524 aptugnensis,
521 5456 695 5513 fortissimus
721 5456 885 5528 Berengaffi
908 5455 958 5510 ad.
1014 5437 1118 5492 Christi
1131 5442 1251 5491 interius
1266 5442 1296 5491 et
1315 5436 1367 5490 sub
1383 5434 1533 5506 speciebus
1555 5435 1695 5486 contineri
1714 5445 1864 5502 recognos-

121 5526 264 5595 κωπίω,
278 5542 362 5598 0⁰i⁰⁸
376 5533 563 5599 memnone
584 5543 636 5583 ,ug
652 5528 815 5598 sphalmata
839 5526 961 5598 „juravit
1012 5512 1101 5562 catur.
1128 5508 1186 5562 lloc
1212 5523 1279 5588 verq
1298 5505 1442 5587 conceptis
1467 5501 1561 5583 verbis
1585 5501 1670 5557 dccet
1692 5501 1865 5556 Ratramnus

1014 5593 1093 5633 num.
1107 5579 1138 5633 s:
1157 5599 1168 5628 ι
1185 5578 1316 5633 Extenus
1336 5578 1454 5650 quidam
1481 5588 1566 5646 panis
1589 5571 1667 5644 quod
1690 5577 1758 5628 ante
1772 5572 1866 5627 luerat

1012 5648 1105 5704 torma
1132 5647 1321 5721 praetenditur
1365 5647 1443 5702 color
1475 5643 1646 5713 ostenditur,
1674 5658 1761 5716 sapor
1787 5643 1863 5697 acci·

1012 5720 1091 5791 pitnr
1103 5734 1110 5775 ι
1126 5723 1170 5774 ιιι
1182 5717 1302 5775 interius
1319 5689 1406 5791 longe
1417 5715 1494 5773 aliud
1506 5715 1599 5773 multo
1612 5714 1772 5789 pretiosius
1784 5712 1863 5767 mul·

873 3493 904 3530 us
925 3482 955 3531 ιι
1009 3477 1097 3533 ιιιιιι
1112 3481 1260 3559 sumptum
1285 3483 1337 3545 est,
1354 3484 1383 3533 et
1398 3477 1521 3549 idipsum
1537 3475 1657 3548 quadiu
1678 3476 1729 3529 ιιιι
1741 3472 1800 3528 ιιιι
1813 3488 1858 3527 ce·

1359 4983 1517 5023 responsio.

147 5724 161 5753 ⁸
172 5718 323 5792 Appendix
339 5718 376 5776 ιι
396 5717 592 5793 Philosphiam
607 5734 726 5775 sacrani.
