<?xml version="1.0" encoding="UTF-8"?>
<!DOCTYPE html PUBLIC "-//W3C//DTD XHTML 1.0 Transitional//EN"
    "http://www.w3.org/TR/xhtml1/DTD/xhtml1-transitional.dtd">
<html xmlns="http://www.w3.org/1999/xhtml" xml:lang="en" lang="en">
 <head>
  <title>
</title>
<meta http-equiv="Content-Type" content="text/html;charset=utf-8" />
  <meta name='ocr-system' content='tesseract 3.04.00' />
  <meta name='ocr-capabilities' content='ocr_page ocr_carea ocr_par ocr_line ocrx_word'/>
</head>
<body>
  <div class='ocr_page' id='page_1' title='image "./patrologiaecurs04unkngoog_0246.png"; bbox 0 0 3930 6098; ppageno 0'>
   <div class='ocr_carea' id='block_1_1' title="bbox 104 231 1876 308">
    <p class='ocr_par' dir='ltr' id='par_1_1' title="bbox 104 231 1876 308">
     <span class='ocr_line' id='line_1_1' title="bbox 104 231 1876 308; baseline -0.002 -1"><span class='ocrx_word' id='word_1_1' title='bbox 104 251 153 307; x_wconf 78' lang='lat' dir='ltr'>ssi</span> <span class='ocrx_word' id='word_1_2' title='bbox 207 259 210 264; x_wconf 38' lang='lat'>¹</span> <span class='ocrx_word' id='word_1_3' title='bbox 885 251 1072 308; x_wconf 74' lang='lat' dir='ltr'>aristone.</span> <span class='ocrx_word' id='word_1_4' title='bbox 1799 231 1876 306; x_wconf 81' lang='lat' dir='ltr'>se&#39;</span> 
     </span>
    </p>
   </div>
   <div class='ocr_carea' id='block_1_2' title="bbox 103 364 1852 901">
    <p class='ocr_par' dir='ltr' id='par_1_2' title="bbox 103 364 1852 901">
     <span class='ocr_line' id='line_1_2' title="bbox 104 364 1850 458; baseline 0.001 -22"><span class='ocrx_word' id='word_1_5' title='bbox 104 380 222 453; x_wconf 90' lang='lat' dir='ltr'>ineptiis</span> <span class='ocrx_word' id='word_1_6' title='bbox 245 380 425 436; x_wconf 79' lang='lat' dir='ltr'>Iudaicarum</span> <span class='ocrx_word' id='word_1_7' title='bbox 451 381 674 452; x_wconf 86' lang='lat' dir='ltr'>scripturarum,</span> <span class='ocrx_word' id='word_1_8' title='bbox 699 381 729 436; x_wconf 92' lang='lat' dir='ltr'>in</span> <span class='ocrx_word' id='word_1_9' title='bbox 754 381 859 453; x_wconf 91' lang='lat' dir='ltr'>quibus</span> <span class='ocrx_word' id='word_1_10' title='bbox 883 397 947 437; x_wconf 86' lang='lat' dir='ltr'>curn</span> <span class='ocrx_word' id='word_1_11' title='bbox 968 386 1098 440; x_wconf 78' lang='lat' dir='ltr'>Anasse.</span> <span class='ocrx_word' id='word_1_12' title='bbox 1115 386 1196 451; x_wconf 84' lang='lat' dir='ltr'>Quod</span> <span class='ocrx_word' id='word_1_13' title='bbox 1212 390 1308 441; x_wconf 90' lang='lat' dir='ltr'>autem</span> <span class='ocrx_word' id='word_1_14' title='bbox 1324 364 1401 455; x_wconf 83' lang='lat' dir='ltr'>dicit,</span> <span class='ocrx_word' id='word_1_15' title='bbox 1418 383 1486 458; x_wconf 90' lang='lat' dir='ltr'>quia</span> <span class='ocrx_word' id='word_1_16' title='bbox 1502 387 1577 440; x_wconf 90' lang='lat' dir='ltr'>Deus</span> <span class='ocrx_word' id='word_1_17' title='bbox 1591 384 1738 439; x_wconf 91' lang='lat' dir='ltr'>homiuem</span> <span class='ocrx_word' id='word_1_18' title='bbox 1754 399 1850 438; x_wconf 90' lang='lat' dir='ltr'>susce-</span> 
     </span>
     <span class='ocr_line' id='line_1_3' title="bbox 104 469 1852 545; baseline 0 -20"><span class='ocrx_word' id='word_1_19' title='bbox 104 469 247 526; x_wconf 88' lang='lat' dir='ltr'>ebsolntio</span> <span class='ocrx_word' id='word_1_20' title='bbox 267 471 312 525; x_wconf 92' lang='lat' dir='ltr'>vel</span> <span class='ocrx_word' id='word_1_21' title='bbox 333 470 495 542; x_wconf 77' lang='lat' dir='ltr'><strong>explanatio</strong></span> <span class='ocrx_word' id='word_1_22' title='bbox 514 471 595 525; x_wconf 88' lang='lat' dir='ltr'>nulla</span> <span class='ocrx_word' id='word_1_23' title='bbox 618 470 664 535; x_wconf 92' lang='lat' dir='ltr'>sit,</span> <span class='ocrx_word' id='word_1_24' title='bbox 681 470 716 525; x_wconf 87' lang='lat' dir='ltr'>ad</span> <span class='ocrx_word' id='word_1_25' title='bbox 733 470 870 542; x_wconf 87' lang='lat' dir='ltr'>quasdam</span> <span class='ocrx_word' id='word_1_26' title='bbox 887 487 954 526; x_wconf 90' lang='lat' dir='ltr'>nar·</span> <span class='ocrx_word' id='word_1_27' title='bbox 1008 479 1098 544; x_wconf 87' lang='lat' dir='ltr'>perat,</span> <span class='ocrx_word' id='word_1_28' title='bbox 1111 480 1140 528; x_wconf 90' lang='lat' dir='ltr'>et</span> <span class='ocrx_word' id='word_1_29' title='bbox 1154 490 1205 544; x_wconf 89' lang='lat' dir='ltr'>per</span> <span class='ocrx_word' id='word_1_30' title='bbox 1220 480 1342 528; x_wconf 89' lang='lat' dir='ltr'>mortem</span> <span class='ocrx_word' id='word_1_31' title='bbox 1358 475 1450 528; x_wconf 89' lang='lat' dir='ltr'>crucis</span> <span class='ocrx_word' id='word_1_32' title='bbox 1464 474 1671 545; x_wconf 89' lang='lat' dir='ltr'>relinquendus</span> <span class='ocrx_word' id='word_1_33' title='bbox 1686 477 1747 526; x_wconf 90' lang='lat' dir='ltr'>erat</span> <span class='ocrx_word' id='word_1_34' title='bbox 1762 488 1777 525; x_wconf 89' lang='lat' dir='ltr'>a</span> <span class='ocrx_word' id='word_1_35' title='bbox 1794 471 1852 526; x_wconf 91' lang='lat' dir='ltr'>Duo</span> 
     </span>
     <span class='ocr_line' id='line_1_4' title="bbox 104 559 1851 635; baseline 0.001 -21"><span class='ocrx_word' id='word_1_36' title='bbox 104 559 233 614; x_wconf 88' lang='lat' dir='ltr'>rationes</span> <span class='ocrx_word' id='word_1_37' title='bbox 259 560 431 631; x_wconf 78' lang='lat' dir='ltr'>incongruas</span> <span class='ocrx_word' id='word_1_38' title='bbox 453 559 746 631; x_wconf 80' lang='lat' dir='ltr'>inconvenientesque</span> <span class='ocrx_word' id='word_1_39' title='bbox 771 565 951 626; x_wconf 89' lang='lat' dir='ltr'>convertunt,</span> <span class='ocrx_word' id='word_1_40' title='bbox 1007 564 1149 635; x_wconf 89' lang='lat' dir='ltr'>usquead</span> <span class='ocrx_word' id='word_1_41' title='bbox 1170 562 1418 630; x_wconf 76' lang='lat' dir='ltr'>resurrectionem,</span> <span class='ocrx_word' id='word_1_42' title='bbox 1439 579 1495 617; x_wconf 92' lang='lat' dir='ltr'>nou</span> <span class='ocrx_word' id='word_1_43' title='bbox 1521 563 1575 617; x_wconf 90' lang='lat' dir='ltr'>hoc</span> <span class='ocrx_word' id='word_1_44' title='bbox 1596 562 1660 616; x_wconf 92' lang='lat' dir='ltr'>ideo</span> <span class='ocrx_word' id='word_1_45' title='bbox 1682 560 1751 616; x_wconf 85' lang='lat' dir='ltr'>dicit</span> <span class='ocrx_word' id='word_1_46' title='bbox 1774 560 1851 632; x_wconf 91' lang='lat' dir='ltr'>quod</span> 
     </span>
     <span class='ocr_line' id='line_1_5' title="bbox 104 647 1852 722; baseline 0 -20"><span class='ocrx_word' id='word_1_47' title='bbox 104 664 169 719; x_wconf 79' lang='lat' dir='ltr'>qnae</span> <span class='ocrx_word' id='word_1_48' title='bbox 191 665 250 702; x_wconf 92' lang='lat' dir='ltr'>uon</span> <span class='ocrx_word' id='word_1_49' title='bbox 269 653 327 702; x_wconf 88' lang='lat' dir='ltr'>tam</span> <span class='ocrx_word' id='word_1_50' title='bbox 349 649 565 720; x_wconf 78' lang='lat' dir='ltr'>explanationes</span> <span class='ocrx_word' id='word_1_51' title='bbox 587 653 653 703; x_wconf 90' lang='lat' dir='ltr'>sont</span> <span class='ocrx_word' id='word_1_52' title='bbox 678 649 722 703; x_wconf 91' lang='lat' dir='ltr'>his</span> <span class='ocrx_word' id='word_1_53' title='bbox 743 665 807 720; x_wconf 77' lang='lat' dir='ltr'>quer</span> <span class='ocrx_word' id='word_1_54' title='bbox 833 650 953 703; x_wconf 86' lang='lat' dir='ltr'>obseura</span> <span class='ocrx_word' id='word_1_55' title='bbox 1007 651 1176 706; x_wconf 88' lang='lat' dir='ltr'>derelictum</span> <span class='ocrx_word' id='word_1_56' title='bbox 1193 667 1259 706; x_wconf 91' lang='lat' dir='ltr'>eum</span> <span class='ocrx_word' id='word_1_57' title='bbox 1276 650 1409 716; x_wconf 86' lang='lat' dir='ltr'>affirmet,</span> <span class='ocrx_word' id='word_1_58' title='bbox 1428 650 1504 721; x_wconf 88' lang='lat' dir='ltr'>quod</span> <span class='ocrx_word' id='word_1_59' title='bbox 1520 651 1606 722; x_wconf 87' lang='lat' dir='ltr'>louge</span> <span class='ocrx_word' id='word_1_60' title='bbox 1626 653 1701 703; x_wconf 88' lang='lat' dir='ltr'>esta</span> <span class='ocrx_word' id='word_1_61' title='bbox 1722 647 1852 703; x_wconf 80' lang='lat' dir='ltr'>sensibus</span> 
     </span>
     <span class='ocr_line' id='line_1_6' title="bbox 103 737 1850 810; baseline 0.001 -20"><span class='ocrx_word' id='word_1_62' title='bbox 103 742 181 803; x_wconf 91' lang='lat' dir='ltr'>sunt,</span> <span class='ocrx_word' id='word_1_63' title='bbox 205 753 291 809; x_wconf 90' lang='lat' dir='ltr'>quam</span> <span class='ocrx_word' id='word_1_64' title='bbox 315 738 401 793; x_wconf 87' lang='lat' dir='ltr'>laude</span> <span class='ocrx_word' id='word_1_65' title='bbox 423 738 616 810; x_wconf 82' lang='lat' dir='ltr'>plausumque</span> <span class='ocrx_word' id='word_1_66' title='bbox 632 737 837 793; x_wconf 84' lang='lat' dir='ltr'>disserentibus</span> <span class='ocrx_word' id='word_1_67' title='bbox 853 740 953 794; x_wconf 83' lang='lat' dir='ltr'>confe—</span> <span class='ocrx_word' id='word_1_68' title='bbox 1006 741 1122 796; x_wconf 88' lang='lat' dir='ltr'>nustris.</span> <span class='ocrx_word' id='word_1_69' title='bbox 1146 739 1198 795; x_wconf 85' lang='lat' dir='ltr'>Sed</span> <span class='ocrx_word' id='word_1_70' title='bbox 1223 745 1253 794; x_wconf 89' lang='lat' dir='ltr'>ut</span> <span class='ocrx_word' id='word_1_71' title='bbox 1277 741 1379 794; x_wconf 80' lang='lat' dir='ltr'>beatus</span> <span class='ocrx_word' id='word_1_72' title='bbox 1400 738 1564 794; x_wconf 76' lang='lat' dir='ltr'>Libanensis</span> <span class='ocrx_word' id='word_1_73' title='bbox 1584 739 1733 810; x_wconf 82' lang='lat' dir='ltr'>presbyter</span> <span class='ocrx_word' id='word_1_74' title='bbox 1752 737 1850 792; x_wconf 84' lang='lat' dir='ltr'>dixit:</span> 
     </span>
     <span class='ocr_line' id='line_1_7' title="bbox 104 825 1851 901; baseline 0.001 -22"><span class='ocrx_word' id='word_1_75' title='bbox 104 831 156 880; x_wconf 88' lang='lat' dir='ltr'>rat.</span> <span class='ocrx_word' id='word_1_76' title='bbox 179 827 250 880; x_wconf 86' lang='lat' dir='ltr'>Nam</span> <span class='ocrx_word' id='word_1_77' title='bbox 271 843 304 880; x_wconf 88' lang='lat' dir='ltr'>ea</span> <span class='ocrx_word' id='word_1_78' title='bbox 324 842 387 898; x_wconf 80' lang='lat' dir='ltr'>quae</span> <span class='ocrx_word' id='word_1_79' title='bbox 409 828 516 897; x_wconf 89' lang='lat' dir='ltr'>lloyscs</span> <span class='ocrx_word' id='word_1_80' title='bbox 540 827 672 898; x_wconf 78' lang='lat' dir='ltr'>agrestici</span> <span class='ocrx_word' id='word_1_81' title='bbox 695 831 723 880; x_wconf 88' lang='lat' dir='ltr'>et</span> <span class='ocrx_word' id='word_1_82' title='bbox 744 826 867 898; x_wconf 84' lang='lat' dir='ltr'>simplici</span> <span class='ocrx_word' id='word_1_83' title='bbox 891 843 951 881; x_wconf 90' lang='lat' dir='ltr'>ser·</span> <span class='ocrx_word' id='word_1_84' title='bbox 1008 832 1071 885; x_wconf 88' lang='lat' dir='ltr'>Non</span> <span class='ocrx_word' id='word_1_85' title='bbox 1095 830 1172 901; x_wconf 89' lang='lat' dir='ltr'>quod</span> <span class='ocrx_word' id='word_1_86' title='bbox 1203 828 1340 884; x_wconf 85' lang='lat' dir='ltr'>Divinitas</span> <span class='ocrx_word' id='word_1_87' title='bbox 1368 827 1519 899; x_wconf 89' lang='lat' dir='ltr'>reliquerit</span> <span class='ocrx_word' id='word_1_88' title='bbox 1543 843 1657 882; x_wconf 90' lang='lat' dir='ltr'>carnem</span> <span class='ocrx_word' id='word_1_89' title='bbox 1686 843 1777 893; x_wconf 91' lang='lat' dir='ltr'>suam,</span> <span class='ocrx_word' id='word_1_90' title='bbox 1802 825 1851 881; x_wconf 88' lang='lat' dir='ltr'>sed</span> 
     </span>
    </p>
   </div>
   <div class='ocr_carea' id='block_1_3' title="bbox 102 915 953 1696">
    <p class='ocr_par' dir='ltr' id='par_1_3' title="bbox 102 915 953 1696">
     <span class='ocr_line' id='line_1_8' title="bbox 104 915 952 987; baseline 0.002 -19"><span class='ocrx_word' id='word_1_91' title='bbox 104 931 189 970; x_wconf 90' lang='lat' dir='ltr'>mone</span> <span class='ocrx_word' id='word_1_92' title='bbox 204 915 384 986; x_wconf 89' lang='lat' dir='ltr'>conscripsit,</span> <span class='ocrx_word' id='word_1_93' title='bbox 400 915 536 970; x_wconf 88' lang='lat' dir='ltr'>divinitus</span> <span class='ocrx_word' id='word_1_94' title='bbox 556 915 665 969; x_wconf 87' lang='lat' dir='ltr'>sancita</span> <span class='ocrx_word' id='word_1_95' title='bbox 689 921 718 969; x_wconf 89' lang='lat' dir='ltr'>et</span> <span class='ocrx_word' id='word_1_96' title='bbox 741 916 843 986; x_wconf 86' lang='lat' dir='ltr'>tiguris</span> <span class='ocrx_word' id='word_1_97' title='bbox 866 921 952 987; x_wconf 89' lang='lat' dir='ltr'>atque</span> 
     </span>
     <span class='ocr_line' id='line_1_9' title="bbox 104 1002 951 1074; baseline 0 -17"><span class='ocrx_word' id='word_1_98' title='bbox 104 1003 308 1073; x_wconf 74' lang='lat' dir='ltr'>enigmatibus</span> <span class='ocrx_word' id='word_1_99' title='bbox 331 1003 442 1057; x_wconf 89' lang='lat' dir='ltr'>obtecta</span> <span class='ocrx_word' id='word_1_100' title='bbox 463 1002 648 1070; x_wconf 87' lang='lat' dir='ltr'>confirmant,</span> <span class='ocrx_word' id='word_1_101' title='bbox 675 1007 762 1074; x_wconf 86' lang='lat' dir='ltr'>atque</span> <span class='ocrx_word' id='word_1_102' title='bbox 786 1003 951 1074; x_wconf 80' lang='lat' dir='ltr'>ingentibus</span> 
     </span>
     <span class='ocr_line' id='line_1_10' title="bbox 104 1091 951 1163; baseline 0.001 -17"><span class='ocrx_word' id='word_1_103' title='bbox 104 1094 221 1163; x_wconf 82' lang='lat' dir='ltr'>oppleta</span> <span class='ocrx_word' id='word_1_104' title='bbox 233 1091 377 1162; x_wconf 73' lang='lat' dir='ltr'>mysteriis</span> <span class='ocrx_word' id='word_1_105' title='bbox 391 1092 483 1146; x_wconf 87' lang='lat' dir='ltr'>inllati</span> <span class='ocrx_word' id='word_1_106' title='bbox 500 1097 597 1147; x_wconf 90' lang='lat' dir='ltr'>mente</span> <span class='ocrx_word' id='word_1_107' title='bbox 613 1108 645 1147; x_wconf 90' lang='lat' dir='ltr'>ac</span> <span class='ocrx_word' id='word_1_108' title='bbox 660 1092 775 1158; x_wconf 88' lang='lat' dir='ltr'>tumidi,</span> <span class='ocrx_word' id='word_1_109' title='bbox 793 1093 905 1147; x_wconf 90' lang='lat' dir='ltr'>turbato</span> <span class='ocrx_word' id='word_1_110' title='bbox 921 1093 951 1147; x_wconf 91' lang='lat' dir='ltr'>in</span> 
     </span>
     <span class='ocr_line' id='line_1_11' title="bbox 103 1181 952 1252; baseline 0.002 -18"><span class='ocrx_word' id='word_1_111' title='bbox 103 1181 267 1251; x_wconf 85' lang='lat' dir='ltr'>semetipsis</span> <span class='ocrx_word' id='word_1_112' title='bbox 280 1181 401 1235; x_wconf 90' lang='lat' dir='ltr'>rationis</span> <span class='ocrx_word' id='word_1_113' title='bbox 416 1182 552 1235; x_wconf 80' lang='lat' dir='ltr'>humanas</span> <span class='ocrx_word' id='word_1_114' title='bbox 566 1181 687 1252; x_wconf 90' lang='lat' dir='ltr'>judicio,</span> <span class='ocrx_word' id='word_1_115' title='bbox 704 1188 881 1235; x_wconf 90' lang='lat' dir='ltr'>sacramenta</span> <span class='ocrx_word' id='word_1_116' title='bbox 895 1198 952 1252; x_wconf 89' lang='lat' dir='ltr'>pu·</span> 
     </span>
     <span class='ocr_line' id='line_1_12' title="bbox 102 1269 951 1342; baseline 0.002 -20"><span class='ocrx_word' id='word_1_117' title='bbox 102 1275 176 1337; x_wconf 90' lang='lat' dir='ltr'>tant,</span> <span class='ocrx_word' id='word_1_118' title='bbox 200 1269 232 1322; x_wconf 91' lang='lat' dir='ltr'>in</span> <span class='ocrx_word' id='word_1_119' title='bbox 255 1269 360 1340; x_wconf 90' lang='lat' dir='ltr'>quibus</span> <span class='ocrx_word' id='word_1_120' title='bbox 383 1286 413 1323; x_wconf 90' lang='lat' dir='ltr'>se</span> <span class='ocrx_word' id='word_1_121' title='bbox 436 1271 558 1340; x_wconf 85' lang='lat' dir='ltr'>agrestis</span> <span class='ocrx_word' id='word_1_122' title='bbox 582 1271 703 1341; x_wconf 86' lang='lat' dir='ltr'>scriptor</span> <span class='ocrx_word' id='word_1_123' title='bbox 726 1270 868 1342; x_wconf 87' lang='lat' dir='ltr'>explicare</span> <span class='ocrx_word' id='word_1_124' title='bbox 892 1286 951 1330; x_wconf 87' lang='lat' dir='ltr'>non</span> 
     </span>
     <span class='ocr_line' id='line_1_13' title="bbox 102 1358 952 1429; baseline 0.002 -19"><span class='ocrx_word' id='word_1_125' title='bbox 102 1359 185 1412; x_wconf 72' lang='lat' dir='ltr'>valet.</span> <span class='ocrx_word' id='word_1_126' title='bbox 216 1359 284 1412; x_wconf 89' lang='lat' dir='ltr'>Ecce</span> <span class='ocrx_word' id='word_1_127' title='bbox 308 1358 497 1429; x_wconf 90' lang='lat' dir='ltr'>philosophus</span> <span class='ocrx_word' id='word_1_128' title='bbox 521 1360 596 1413; x_wconf 88' lang='lat' dir='ltr'>inter</span> <span class='ocrx_word' id='word_1_129' title='bbox 621 1376 686 1413; x_wconf 91' lang='lat' dir='ltr'>suos</span> <span class='ocrx_word' id='word_1_130' title='bbox 713 1360 835 1424; x_wconf 88' lang='lat' dir='ltr'>nobiles,</span> <span class='ocrx_word' id='word_1_131' title='bbox 864 1364 892 1414; x_wconf 92' lang='lat' dir='ltr'>et</span> <span class='ocrx_word' id='word_1_132' title='bbox 919 1375 952 1413; x_wconf 88' lang='lat' dir='ltr'>ex</span> 
     </span>
     <span class='ocr_line' id='line_1_14' title="bbox 102 1446 953 1518; baseline 0 -17"><span class='ocrx_word' id='word_1_133' title='bbox 102 1452 235 1517; x_wconf 89' lang='lat' dir='ltr'>tempore</span> <span class='ocrx_word' id='word_1_134' title='bbox 249 1446 425 1500; x_wconf 89' lang='lat' dir='ltr'>declamator</span> <span class='ocrx_word' id='word_1_135' title='bbox 440 1447 571 1517; x_wconf 85' lang='lat' dir='ltr'>insignis,</span> <span class='ocrx_word' id='word_1_136' title='bbox 589 1448 713 1518; x_wconf 81' lang='lat' dir='ltr'>htoysem</span> <span class='ocrx_word' id='word_1_137' title='bbox 728 1447 907 1518; x_wconf 90' lang='lat' dir='ltr'>imperitum,</span> <span class='ocrx_word' id='word_1_138' title='bbox 923 1453 953 1501; x_wconf 90' lang='lat' dir='ltr'>et</span> 
     </span>
     <span class='ocr_line' id='line_1_15' title="bbox 103 1534 951 1606; baseline 0.002 -18"><span class='ocrx_word' id='word_1_139' title='bbox 103 1539 247 1604; x_wconf 78' lang='lat' dir='ltr'>agrestem</span> <span class='ocrx_word' id='word_1_140' title='bbox 277 1534 445 1605; x_wconf 90' lang='lat' dir='ltr'>scriptorem</span> <span class='ocrx_word' id='word_1_141' title='bbox 474 1535 614 1606; x_wconf 88' lang='lat' dir='ltr'>explicare</span> <span class='ocrx_word' id='word_1_142' title='bbox 644 1552 702 1590; x_wconf 89' lang='lat' dir='ltr'>non</span> <span class='ocrx_word' id='word_1_143' title='bbox 726 1538 868 1591; x_wconf 86' lang='lat' dir='ltr'>valentem</span> <span class='ocrx_word' id='word_1_144' title='bbox 893 1537 951 1590; x_wconf 91' lang='lat' dir='ltr'>suis</span> 
     </span>
     <span class='ocr_line' id='line_1_16' title="bbox 102 1622 951 1696; baseline 0.004 -20"><span class='ocrx_word' id='word_1_145' title='bbox 102 1622 290 1693; x_wconf 84' lang='lat' dir='ltr'>prosequitur</span> <span class='ocrx_word' id='word_1_146' title='bbox 311 1623 393 1677; x_wconf 91' lang='lat' dir='ltr'>orsis.</span> <span class='ocrx_word' id='word_1_147' title='bbox 411 1626 444 1679; x_wconf 88' lang='lat' dir='ltr'>Et</span> <span class='ocrx_word' id='word_1_148' title='bbox 459 1624 558 1696; x_wconf 90' lang='lat' dir='ltr'>utique</span> <span class='ocrx_word' id='word_1_149' title='bbox 574 1624 597 1677; x_wconf 91' lang='lat' dir='ltr'>si</span> <span class='ocrx_word' id='word_1_150' title='bbox 613 1625 674 1695; x_wconf 87' lang='lat' dir='ltr'>ejus</span> <span class='ocrx_word' id='word_1_151' title='bbox 693 1624 768 1679; x_wconf 86' lang='lat' dir='ltr'>dicta</span> <span class='ocrx_word' id='word_1_152' title='bbox 786 1640 839 1695; x_wconf 90' lang='lat' dir='ltr'>per</span> <span class='ocrx_word' id='word_1_153' title='bbox 861 1629 951 1679; x_wconf 91' lang='lat' dir='ltr'>artem</span> 
     </span>
    </p>
   </div>
   <div class='ocr_carea' id='block_1_4' title="bbox 104 1684 993 1784">
    <p class='ocr_par' dir='ltr' id='par_1_4' title="bbox 104 1684 993 1784">
     <span class='ocr_line' id='line_1_17' title="bbox 104 1684 993 1784; baseline 0.001 -19"><span class='ocrx_word' id='word_1_154' title='bbox 104 1711 224 1765; x_wconf 87' lang='lat' dir='ltr'>decursa</span> <span class='ocrx_word' id='word_1_155' title='bbox 247 1711 367 1777; x_wconf 89' lang='lat' dir='ltr'>videret,</span> <span class='ocrx_word' id='word_1_156' title='bbox 390 1716 439 1764; x_wconf 91' lang='lat' dir='ltr'>aut</span> <span class='ocrx_word' id='word_1_157' title='bbox 462 1712 630 1783; x_wconf 89' lang='lat' dir='ltr'>eloquenter</span> <span class='ocrx_word' id='word_1_158' title='bbox 652 1713 744 1783; x_wconf 90' lang='lat' dir='ltr'>perite</span> <span class='ocrx_word' id='word_1_159' title='bbox 762 1728 815 1784; x_wconf 89' lang='lat' dir='ltr'>per</span> <span class='ocrx_word' id='word_1_160' title='bbox 834 1684 993 1767; x_wconf 81' lang='lat' dir='ltr'>saecula·B</span> 
     </span>
    </p>
   </div>
   <div class='ocr_carea' id='block_1_5' title="bbox 103 1800 953 2672">
    <p class='ocr_par' dir='ltr' id='par_1_5' title="bbox 103 1800 952 2314">
     <span class='ocr_line' id='line_1_18' title="bbox 103 1800 951 1872; baseline 0 -18"><span class='ocrx_word' id='word_1_161' title='bbox 103 1817 161 1854; x_wconf 90' lang='lat' dir='ltr'>rem</span> <span class='ocrx_word' id='word_1_162' title='bbox 178 1800 352 1871; x_wconf 87' lang='lat' dir='ltr'>sapientiam</span> <span class='ocrx_word' id='word_1_163' title='bbox 372 1800 474 1855; x_wconf 84' lang='lat' dir='ltr'>diffusa</span> <span class='ocrx_word' id='word_1_164' title='bbox 494 1801 637 1872; x_wconf 88' lang='lat' dir='ltr'>probaret,</span> <span class='ocrx_word' id='word_1_165' title='bbox 655 1817 714 1855; x_wconf 90' lang='lat' dir='ltr'>nun</span> <span class='ocrx_word' id='word_1_166' title='bbox 736 1817 802 1855; x_wconf 83' lang='lat' dir='ltr'>erim</span> <span class='ocrx_word' id='word_1_167' title='bbox 827 1802 877 1856; x_wconf 91' lang='lat' dir='ltr'>tati</span> <span class='ocrx_word' id='word_1_168' title='bbox 899 1818 951 1855; x_wconf 92' lang='lat' dir='ltr'>no-</span> 
     </span>
     <span class='ocr_line' id='line_1_19' title="bbox 104 1888 952 1961; baseline 0.001 -18"><span class='ocrx_word' id='word_1_169' title='bbox 104 1889 180 1943; x_wconf 89' lang='lat' dir='ltr'>mine</span> <span class='ocrx_word' id='word_1_170' title='bbox 194 1888 356 1943; x_wconf 88' lang='lat' dir='ltr'>notandum</span> <span class='ocrx_word' id='word_1_171' title='bbox 373 1894 487 1959; x_wconf 87' lang='lat' dir='ltr'>putaret</span> <span class='ocrx_word' id='word_1_172' title='bbox 505 1904 512 1940; x_wconf 74' lang='grc' dir='ltr'>ε</span> <span class='ocrx_word' id='word_1_173' title='bbox 529 1890 577 1944; x_wconf 91' lang='lat' dir='ltr'>sed</span> <span class='ocrx_word' id='word_1_174' title='bbox 601 1890 669 1960; x_wconf 88' lang='lat' dir='ltr'>quia</span> <span class='ocrx_word' id='word_1_175' title='bbox 694 1898 724 1944; x_wconf 90' lang='lat' dir='ltr'>ut</span> <span class='ocrx_word' id='word_1_176' title='bbox 747 1907 812 1945; x_wconf 88' lang='lat' dir='ltr'>vere</span> <span class='ocrx_word' id='word_1_177' title='bbox 836 1891 952 1961; x_wconf 88' lang='lat' dir='ltr'>gentilis</span> 
     </span>
     <span class='ocr_line' id='line_1_20' title="bbox 104 1977 951 2049; baseline 0 -17"><span class='ocrx_word' id='word_1_178' title='bbox 104 1978 129 2032; x_wconf 92' lang='lat' dir='ltr'>in</span> <span class='ocrx_word' id='word_1_179' title='bbox 146 1977 236 2032; x_wconf 86' lang='lat' dir='ltr'>verba</span> <span class='ocrx_word' id='word_1_180' title='bbox 257 1978 328 2032; x_wconf 85' lang='lat' dir='ltr'>ioris</span> <span class='ocrx_word' id='word_1_181' title='bbox 343 1984 478 2032; x_wconf 89' lang='lat' dir='ltr'>ornatum</span> <span class='ocrx_word' id='word_1_182' title='bbox 500 1994 557 2033; x_wconf 91' lang='lat' dir='ltr'>uon</span> <span class='ocrx_word' id='word_1_183' title='bbox 575 1978 654 2042; x_wconf 89' lang='lat' dir='ltr'>vidit,</span> <span class='ocrx_word' id='word_1_184' title='bbox 672 1978 814 2049; x_wconf 86' lang='lat' dir='ltr'>fulgorem</span> <span class='ocrx_word' id='word_1_185' title='bbox 831 1979 951 2032; x_wconf 89' lang='lat' dir='ltr'>interio-</span> 
     </span>
     <span class='ocr_line' id='line_1_21' title="bbox 104 2066 952 2138; baseline 0.002 -17"><span class='ocrx_word' id='word_1_186' title='bbox 104 2083 161 2121; x_wconf 88' lang='lat' dir='ltr'>rem</span> <span class='ocrx_word' id='word_1_187' title='bbox 184 2067 293 2120; x_wconf 87' lang='lat' dir='ltr'>rimare</span> <span class='ocrx_word' id='word_1_188' title='bbox 317 2066 445 2122; x_wconf 87' lang='lat' dir='ltr'>nescivit.</span> <span class='ocrx_word' id='word_1_189' title='bbox 472 2071 514 2122; x_wconf 73' lang='lat' dir='ltr'>dn</span> <span class='ocrx_word' id='word_1_190' title='bbox 533 2068 623 2121; x_wconf 91' lang='lat' dir='ltr'>saneti</span> <span class='ocrx_word' id='word_1_191' title='bbox 639 2067 765 2137; x_wconf 75' lang='lat' dir='ltr'>Apostoli</span> <span class='ocrx_word' id='word_1_192' title='bbox 781 2069 854 2122; x_wconf 91' lang='lat' dir='ltr'>dieta</span> <span class='ocrx_word' id='word_1_193' title='bbox 870 2068 952 2138; x_wconf 90' lang='lat' dir='ltr'>igno·</span> 
     </span>
     <span class='ocr_line' id='line_1_22' title="bbox 104 2155 952 2226; baseline 0 -18"><span class='ocrx_word' id='word_1_194' title='bbox 104 2155 188 2209; x_wconf 85' lang='lat' dir='ltr'>rande</span> <span class='ocrx_word' id='word_1_195' title='bbox 205 2155 348 2222; x_wconf 85' lang='lat' dir='ltr'>transivit,</span> <span class='ocrx_word' id='word_1_196' title='bbox 367 2155 416 2226; x_wconf 91' lang='lat' dir='ltr'>qui</span> <span class='ocrx_word' id='word_1_197' title='bbox 436 2155 569 2209; x_wconf 86' lang='lat' dir='ltr'>llubemus</span> <span class='ocrx_word' id='word_1_198' title='bbox 590 2157 746 2210; x_wconf 85' lang='lat' dir='ltr'>thesaurum</span> <span class='ocrx_word' id='word_1_199' title='bbox 766 2155 952 2209; x_wconf 84' lang='lat' dir='ltr'>absconditum</span> 
     </span>
     <span class='ocr_line' id='line_1_23' title="bbox 105 2244 674 2314; baseline 0 -16"><span class='ocrx_word' id='word_1_200' title='bbox 105 2246 128 2298; x_wconf 89' lang='lat' dir='ltr'>in</span> <span class='ocrx_word' id='word_1_201' title='bbox 140 2247 218 2299; x_wconf 84' lang='lat' dir='ltr'>vasis</span> <span class='ocrx_word' id='word_1_202' title='bbox 227 2245 362 2313; x_wconf 80' lang='lat' dir='ltr'>fictilibus</span> <span class='ocrx_word' id='word_1_203' title='bbox 377 2246 417 2314; x_wconf 90' lang='lat' dir='ltr'>(ll</span> <span class='ocrx_word' id='word_1_204' title='bbox 430 2246 490 2300; x_wconf 88' lang='lat' dir='ltr'>Cor.</span> <span class='ocrx_word' id='word_1_205' title='bbox 506 2261 542 2310; x_wconf 86' lang='lat' dir='ltr'>xv,</span> <span class='ocrx_word' id='word_1_206' title='bbox 559 2246 583 2314; x_wconf 78' lang='lat'>7)</span> <span class='ocrx_word' id='word_1_207' title='bbox 597 2244 674 2299; x_wconf 92' lang='lat' dir='ltr'>dicit.</span> 
     </span>
    </p>

    <p class='ocr_par' dir='ltr' id='par_1_6' title="bbox 105 2333 953 2672">
     <span class='ocr_line' id='line_1_24' title="bbox 134 2333 950 2404; baseline 0.001 -19"><span class='ocrx_word' id='word_1_208' title='bbox 134 2334 180 2387; x_wconf 76' lang='lat' dir='ltr'>rt.</span> <span class='ocrx_word' id='word_1_209' title='bbox 213 2333 278 2388; x_wconf 84' lang='lat' dir='ltr'>Dies</span> <span class='ocrx_word' id='word_1_210' title='bbox 303 2333 385 2401; x_wconf 87' lang='lat' dir='ltr'>mihi,</span> <span class='ocrx_word' id='word_1_211' title='bbox 414 2333 584 2404; x_wconf 79' lang='lat' dir='ltr'>priusquam</span> <span class='ocrx_word' id='word_1_212' title='bbox 613 2333 761 2388; x_wconf 77' lang='lat' dir='ltr'>sententiae</span> <span class='ocrx_word' id='word_1_213' title='bbox 792 2333 950 2400; x_wconf 89' lang='lat' dir='ltr'>doctorum,</span> 
     </span>
     <span class='ocr_line' id='line_1_25' title="bbox 106 2421 952 2487; baseline 0 -11"><span class='ocrx_word' id='word_1_214' title='bbox 106 2422 247 2487; x_wconf 88' lang='lat' dir='ltr'>delicient,</span> <span class='ocrx_word' id='word_1_215' title='bbox 270 2422 294 2475; x_wconf 91' lang='lat' dir='ltr'>si</span> <span class='ocrx_word' id='word_1_216' title='bbox 319 2422 449 2476; x_wconf 87' lang='lat' dir='ltr'>omnium</span> <span class='ocrx_word' id='word_1_217' title='bbox 471 2421 622 2477; x_wconf 89' lang='lat' dir='ltr'>doctorum</span> <span class='ocrx_word' id='word_1_218' title='bbox 646 2422 801 2477; x_wconf 87' lang='lat' dir='ltr'>sententias</span> <span class='ocrx_word' id='word_1_219' title='bbox 822 2424 952 2476; x_wconf 87' lang='lat' dir='ltr'>maluero</span> 
     </span>
     <span class='ocr_line' id='line_1_26' title="bbox 105 2509 953 2579; baseline 0.006 -17"><span class='ocrx_word' id='word_1_220' title='bbox 105 2523 258 2579; x_wconf 90' lang='lat' dir='ltr'>congerere</span> <span class='ocrx_word' id='word_1_221' title='bbox 284 2509 350 2564; x_wconf 91' lang='lat' dir='ltr'>buic</span> <span class='ocrx_word' id='word_1_222' title='bbox 371 2514 475 2564; x_wconf 85' lang='lat' dir='ltr'>nostrae</span> <span class='ocrx_word' id='word_1_223' title='bbox 496 2511 647 2565; x_wconf 86' lang='lat' dir='ltr'>assertioni</span> <span class='ocrx_word' id='word_1_224' title='bbox 666 2512 842 2566; x_wconf 77' lang='lat' dir='ltr'>cohaerentes</span> <span class='ocrx_word' id='word_1_225' title='bbox 862 2517 889 2565; x_wconf 89' lang='lat' dir='ltr'>et</span> <span class='ocrx_word' id='word_1_226' title='bbox 907 2528 953 2567; x_wconf 87' lang='lat' dir='ltr'>ra·</span> 
     </span>
     <span class='ocr_line' id='line_1_27' title="bbox 106 2597 952 2672; baseline 0.002 -20"><span class='ocrx_word' id='word_1_227' title='bbox 106 2597 168 2653; x_wconf 91' lang='lat' dir='ltr'>lide.</span> <span class='ocrx_word' id='word_1_228' title='bbox 185 2600 257 2663; x_wconf 76' lang='lat' dir='ltr'>Qum</span> <span class='ocrx_word' id='word_1_229' title='bbox 272 2599 340 2669; x_wconf 89' lang='lat' dir='ltr'>quia</span> <span class='ocrx_word' id='word_1_230' title='bbox 357 2602 455 2653; x_wconf 76' lang='lat' dir='ltr'>multae</span> <span class='ocrx_word' id='word_1_231' title='bbox 470 2603 545 2667; x_wconf 87' lang='lat' dir='ltr'>sunt,</span> <span class='ocrx_word' id='word_1_232' title='bbox 563 2603 590 2653; x_wconf 90' lang='lat' dir='ltr'>et</span> <span class='ocrx_word' id='word_1_233' title='bbox 612 2616 684 2671; x_wconf 90' lang='lat' dir='ltr'>pene</span> <span class='ocrx_word' id='word_1_234' title='bbox 704 2616 721 2653; x_wconf 93' lang='lat' dir='ltr'>a</span> <span class='ocrx_word' id='word_1_235' title='bbox 739 2600 819 2654; x_wconf 90' lang='lat' dir='ltr'>nullo</span> <span class='ocrx_word' id='word_1_236' title='bbox 839 2601 952 2672; x_wconf 91' lang='lat' dir='ltr'>penitus</span> 
     </span>
    </p>
   </div>
   <div class='ocr_carea' id='block_1_6' title="bbox 1005 915 1855 1971">
    <p class='ocr_par' dir='ltr' id='par_1_7' title="bbox 1005 915 1855 1971">
     <span class='ocr_line' id='line_1_28' title="bbox 1006 915 1852 991; baseline -0.007 -17"><span class='ocrx_word' id='word_1_237' title='bbox 1006 920 1083 991; x_wconf 93' lang='lat' dir='ltr'>quod</span> <span class='ocrx_word' id='word_1_238' title='bbox 1107 935 1164 973; x_wconf 90' lang='lat' dir='ltr'>non</span> <span class='ocrx_word' id='word_1_239' title='bbox 1188 918 1397 974; x_wconf 88' lang='lat' dir='ltr'>commoritura</span> <span class='ocrx_word' id='word_1_240' title='bbox 1420 923 1482 972; x_wconf 91' lang='lat' dir='ltr'>erat</span> <span class='ocrx_word' id='word_1_241' title='bbox 1500 932 1564 972; x_wconf 91' lang='lat' dir='ltr'>cum</span> <span class='ocrx_word' id='word_1_242' title='bbox 1587 933 1671 970; x_wconf 90' lang='lat' dir='ltr'>carne</span> <span class='ocrx_word' id='word_1_243' title='bbox 1690 932 1763 970; x_wconf 86' lang='lat' dir='ltr'>sua:</span> <span class='ocrx_word' id='word_1_244' title='bbox 1784 915 1852 986; x_wconf 88' lang='lat' dir='ltr'>quia</span> 
     </span>
     <span class='ocr_line' id='line_1_29' title="bbox 1006 1004 1850 1079; baseline -0.006 -17"><span class='ocrx_word' id='word_1_245' title='bbox 1006 1008 1091 1062; x_wconf 90' lang='lat' dir='ltr'>sicin</span> <span class='ocrx_word' id='word_1_246' title='bbox 1110 1009 1240 1079; x_wconf 85' lang='lat' dir='ltr'>sepulcro</span> <span class='ocrx_word' id='word_1_247' title='bbox 1263 1024 1376 1062; x_wconf 86' lang='lat' dir='ltr'>carnem</span> <span class='ocrx_word' id='word_1_248' title='bbox 1393 1023 1475 1062; x_wconf 90' lang='lat' dir='ltr'>snam</span> <span class='ocrx_word' id='word_1_249' title='bbox 1492 1006 1700 1061; x_wconf 88' lang='lat' dir='ltr'>commanendo</span> <span class='ocrx_word' id='word_1_250' title='bbox 1720 1020 1776 1058; x_wconf 83' lang='lat' dir='ltr'>mm</span> <span class='ocrx_word' id='word_1_251' title='bbox 1799 1004 1850 1057; x_wconf 89' lang='lat' dir='ltr'>de-</span> 
     </span>
     <span class='ocr_line' id='line_1_30' title="bbox 1007 1094 1850 1169; baseline -0.008 -17"><span class='ocrx_word' id='word_1_252' title='bbox 1007 1097 1105 1165; x_wconf 88' lang='lat' dir='ltr'>seruit,</span> <span class='ocrx_word' id='word_1_253' title='bbox 1123 1097 1196 1153; x_wconf 89' lang='lat' dir='ltr'>sicut</span> <span class='ocrx_word' id='word_1_254' title='bbox 1217 1097 1246 1151; x_wconf 88' lang='lat' dir='ltr'>iu</span> <span class='ocrx_word' id='word_1_255' title='bbox 1264 1102 1345 1152; x_wconf 90' lang='lat' dir='ltr'>utero</span> <span class='ocrx_word' id='word_1_256' title='bbox 1367 1097 1491 1169; x_wconf 88' lang='lat' dir='ltr'>Virginis</span> <span class='ocrx_word' id='word_1_257' title='bbox 1510 1094 1733 1150; x_wconf 83' lang='lat' dir='ltr'>connascendod</span> <span class='ocrx_word' id='word_1_258' title='bbox 1754 1094 1850 1146; x_wconf 88' lang='lat' dir='ltr'>tirma-</span> 
     </span>
     <span class='ocr_line' id='line_1_31' title="bbox 1005 1181 1851 1258; baseline -0.007 -19"><span class='ocrx_word' id='word_1_259' title='bbox 1005 1186 1054 1240; x_wconf 88' lang='lat' dir='ltr'>vit.</span> <span class='ocrx_word' id='word_1_260' title='bbox 1074 1185 1152 1240; x_wconf 72' lang='lat' dir='ltr'>Fidei</span> <span class='ocrx_word' id='word_1_261' title='bbox 1172 1202 1241 1258; x_wconf 85' lang='lat' dir='ltr'>ergo</span> <span class='ocrx_word' id='word_1_262' title='bbox 1260 1190 1365 1240; x_wconf 88' lang='lat' dir='ltr'>nostrae</span> <span class='ocrx_word' id='word_1_263' title='bbox 1386 1187 1425 1240; x_wconf 85' lang='lat' dir='ltr'>sic</span> <span class='ocrx_word' id='word_1_264' title='bbox 1448 1185 1590 1250; x_wconf 88' lang='lat' dir='ltr'>convenit,</span> <span class='ocrx_word' id='word_1_265' title='bbox 1618 1189 1648 1237; x_wconf 91' lang='lat' dir='ltr'>ut</span> <span class='ocrx_word' id='word_1_266' title='bbox 1669 1183 1753 1236; x_wconf 92' lang='lat' dir='ltr'>bomo</span> <span class='ocrx_word' id='word_1_267' title='bbox 1776 1181 1851 1235; x_wconf 89' lang='lat' dir='ltr'>iilius</span> 
     </span>
     <span class='ocr_line' id='line_1_32' title="bbox 1006 1271 1854 1344; baseline -0.008 -14"><span class='ocrx_word' id='word_1_268' title='bbox 1006 1276 1081 1330; x_wconf 91' lang='lat' dir='ltr'>dicat</span> <span class='ocrx_word' id='word_1_269' title='bbox 1103 1296 1109 1330; x_wconf 89' lang='lat'>:</span> <span class='ocrx_word' id='word_1_270' title='bbox 1132 1275 1220 1342; x_wconf 82' lang='lat' dir='ltr'>Quare</span> <span class='ocrx_word' id='word_1_271' title='bbox 1238 1291 1280 1330; x_wconf 89' lang='lat' dir='ltr'>me</span> <span class='ocrx_word' id='word_1_272' title='bbox 1299 1276 1489 1344; x_wconf 81' lang='lat' dir='ltr'>dereliquisti?</span> <span class='ocrx_word' id='word_1_273' title='bbox 1512 1273 1622 1344; x_wconf 85' lang='lat' dir='ltr'>(Motth.</span> <span class='ocrx_word' id='word_1_274' title='bbox 1646 1287 1733 1335; x_wconf 89' lang='lat' dir='ltr'>xxvu,</span> <span class='ocrx_word' id='word_1_275' title='bbox 1754 1271 1801 1339; x_wconf 80' lang='grc'>46)</span> <span class='ocrx_word' id='word_1_276' title='bbox 1824 1274 1854 1323; x_wconf 91' lang='lat' dir='ltr'>et</span> 
     </span>
     <span class='ocr_line' id='line_1_33' title="bbox 1006 1359 1855 1435; baseline -0.008 -18"><span class='ocrx_word' id='word_1_277' title='bbox 1006 1362 1181 1428; x_wconf 88' lang='lat' dir='ltr'>Deusfilius‚</span> <span class='ocrx_word' id='word_1_278' title='bbox 1199 1365 1328 1435; x_wconf 88' lang='lat' dir='ltr'>quicum</span> <span class='ocrx_word' id='word_1_279' title='bbox 1350 1366 1432 1419; x_wconf 88' lang='lat' dir='ltr'>Patre</span> <span class='ocrx_word' id='word_1_280' title='bbox 1452 1363 1571 1434; x_wconf 80' lang='lat' dir='ltr'>aequalis</span> <span class='ocrx_word' id='word_1_281' title='bbox 1594 1365 1646 1426; x_wconf 90' lang='lat' dir='ltr'>est,</span> <span class='ocrx_word' id='word_1_282' title='bbox 1673 1359 1747 1413; x_wconf 90' lang='lat' dir='ltr'>dicat</span> <span class='ocrx_word' id='word_1_283' title='bbox 1769 1375 1776 1412; x_wconf 80' lang='lat' dir='ltr'>t</span> <span class='ocrx_word' id='word_1_284' title='bbox 1802 1359 1855 1427; x_wconf 82' lang='lat' dir='ltr'>Qui</span> 
     </span>
     <span class='ocr_line' id='line_1_34' title="bbox 1005 1448 1852 1521; baseline -0.006 -16"><span class='ocrx_word' id='word_1_285' title='bbox 1005 1467 1046 1505; x_wconf 90' lang='lat' dir='ltr'>me</span> <span class='ocrx_word' id='word_1_286' title='bbox 1062 1455 1138 1507; x_wconf 82' lang='lat' dir='ltr'>misit</span> <span class='ocrx_word' id='word_1_287' title='bbox 1154 1469 1255 1507; x_wconf 87' lang='lat' dir='ltr'>mecum</span> <span class='ocrx_word' id='word_1_288' title='bbox 1270 1457 1320 1521; x_wconf 86' lang='lat' dir='ltr'>est,</span> <span class='ocrx_word' id='word_1_289' title='bbox 1335 1469 1382 1507; x_wconf 88' lang='lat' dir='ltr'>nec</span> <span class='ocrx_word' id='word_1_290' title='bbox 1400 1467 1440 1506; x_wconf 89' lang='lat' dir='ltr'>me</span> <span class='ocrx_word' id='word_1_291' title='bbox 1454 1452 1600 1520; x_wconf 83' lang='lat' dir='ltr'>dereliquit</span> <span class='ocrx_word' id='word_1_292' title='bbox 1619 1449 1706 1519; x_wconf 72' lang='lat' dir='ltr'>(toust.</span> <span class='ocrx_word' id='word_1_293' title='bbox 1723 1463 1781 1509; x_wconf 85' lang='lat' dir='ltr'>viu,</span> <span class='ocrx_word' id='word_1_294' title='bbox 1796 1448 1852 1512; x_wconf 81' lang='lat' dir='ltr'>tu).</span> 
     </span>
     <span class='ocr_line' id='line_1_35' title="bbox 1006 1536 1852 1611; baseline -0.007 -17"><span class='ocrx_word' id='word_1_295' title='bbox 1006 1541 1039 1594; x_wconf 85' lang='lat' dir='ltr'>Et</span> <span class='ocrx_word' id='word_1_296' title='bbox 1060 1556 1125 1594; x_wconf 84' lang='lat' dir='ltr'>euin</span> <span class='ocrx_word' id='word_1_297' title='bbox 1150 1557 1182 1594; x_wconf 90' lang='lat' dir='ltr'>ex</span> <span class='ocrx_word' id='word_1_298' title='bbox 1206 1547 1330 1611; x_wconf 90' lang='lat' dir='ltr'>utroque</span> <span class='ocrx_word' id='word_1_299' title='bbox 1353 1556 1426 1594; x_wconf 84' lang='lat' dir='ltr'>rinus</span> <span class='ocrx_word' id='word_1_300' title='bbox 1449 1540 1486 1593; x_wconf 90' lang='lat' dir='ltr'>sit</span> <span class='ocrx_word' id='word_1_301' title='bbox 1508 1539 1606 1604; x_wconf 83' lang='lat' dir='ltr'>Filius,</span> <span class='ocrx_word' id='word_1_302' title='bbox 1627 1536 1785 1591; x_wconf 87' lang='lat' dir='ltr'>cavendum</span> <span class='ocrx_word' id='word_1_303' title='bbox 1802 1538 1852 1600; x_wconf 89' lang='lat' dir='ltr'>est,</span> 
     </span>
     <span class='ocr_line' id='line_1_36' title="bbox 1007 1627 1853 1701; baseline -0.008 -18"><span class='ocrx_word' id='word_1_304' title='bbox 1007 1645 1042 1682; x_wconf 92' lang='lat' dir='ltr'>ue</span> <span class='ocrx_word' id='word_1_305' title='bbox 1060 1630 1165 1701; x_wconf 91' lang='lat' dir='ltr'>aliquis</span> <span class='ocrx_word' id='word_1_306' title='bbox 1187 1629 1262 1684; x_wconf 89' lang='lat' dir='ltr'>dicat</span> <span class='ocrx_word' id='word_1_307' title='bbox 1284 1647 1290 1685; x_wconf 93' lang='lat'>:</span> <span class='ocrx_word' id='word_1_308' title='bbox 1315 1631 1406 1684; x_wconf 89' lang='lat' dir='ltr'>llorno</span> <span class='ocrx_word' id='word_1_309' title='bbox 1426 1634 1469 1683; x_wconf 89' lang='lat' dir='ltr'>est</span> <span class='ocrx_word' id='word_1_310' title='bbox 1488 1632 1626 1692; x_wconf 89' lang='lat' dir='ltr'>mortuus,</span> <span class='ocrx_word' id='word_1_311' title='bbox 1643 1631 1671 1679; x_wconf 92' lang='lat' dir='ltr'>et</span> <span class='ocrx_word' id='word_1_312' title='bbox 1691 1627 1765 1680; x_wconf 90' lang='lat' dir='ltr'>Deus</span> <span class='ocrx_word' id='word_1_313' title='bbox 1787 1639 1853 1677; x_wconf 90' lang='lat' dir='ltr'>eum</span> 
     </span>
     <span class='ocr_line' id='line_1_37' title="bbox 1007 1715 1853 1788; baseline -0.007 -17"><span class='ocrx_word' id='word_1_314' title='bbox 1007 1719 1148 1774; x_wconf 87' lang='lat' dir='ltr'>excitavit.</span> <span class='ocrx_word' id='word_1_315' title='bbox 1178 1720 1236 1773; x_wconf 89' lang='lat' dir='ltr'>Hoc</span> <span class='ocrx_word' id='word_1_316' title='bbox 1268 1719 1311 1773; x_wconf 90' lang='lat' dir='ltr'>illi</span> <span class='ocrx_word' id='word_1_317' title='bbox 1344 1718 1443 1772; x_wconf 89' lang='lat' dir='ltr'>dicunt</span> <span class='ocrx_word' id='word_1_318' title='bbox 1471 1716 1521 1788; x_wconf 90' lang='lat' dir='ltr'>qui</span> <span class='ocrx_word' id='word_1_319' title='bbox 1554 1715 1709 1769; x_wconf 82' lang='lat' dir='ltr'>secuudum</span> <span class='ocrx_word' id='word_1_320' title='bbox 1736 1728 1853 1767; x_wconf 88' lang='lat' dir='ltr'>carnem</span> 
     </span>
     <span class='ocr_line' id='line_1_38' title="bbox 1005 1803 1853 1882; baseline -0.012 -20"><span class='ocrx_word' id='word_1_321' title='bbox 1005 1809 1163 1882; x_wconf 72' lang='lat' dir='ltr'>praedicant</span> <span class='ocrx_word' id='word_1_322' title='bbox 1178 1808 1354 1880; x_wconf 90' lang='lat' dir='ltr'>adoptivum,</span> <span class='ocrx_word' id='word_1_323' title='bbox 1371 1813 1399 1861; x_wconf 90' lang='lat' dir='ltr'>ut</span> <span class='ocrx_word' id='word_1_324' title='bbox 1416 1805 1574 1861; x_wconf 91' lang='lat' dir='ltr'>secundum</span> <span class='ocrx_word' id='word_1_325' title='bbox 1592 1803 1770 1858; x_wconf 89' lang='lat' dir='ltr'>divinitatem</span> <span class='ocrx_word' id='word_1_326' title='bbox 1786 1816 1853 1872; x_wconf 92' lang='lat' dir='ltr'>pro-</span> 
     </span>
     <span class='ocr_line' id='line_1_39' title="bbox 1005 1913 1112 1971; baseline -0.019 -18"><span class='ocrx_word' id='word_1_327' title='bbox 1005 1913 1112 1971; x_wconf 83' lang='lat' dir='ltr'>prium.</span> 
     </span>
    </p>
   </div>
   <div class='ocr_carea' id='block_1_7' title="bbox 1005 2064 1854 2674">
    <p class='ocr_par' dir='ltr' id='par_1_8' title="bbox 1005 2064 1854 2674">
     <span class='ocr_line' id='line_1_40' title="bbox 1041 2064 1853 2142; baseline -0.012 -13"><span class='ocrx_word' id='word_1_328' title='bbox 1041 2078 1085 2129; x_wconf 74' lang='lat'>25.</span> <span class='ocrx_word' id='word_1_329' title='bbox 1104 2075 1215 2129; x_wconf 84' lang='lat' dir='ltr'>Dictum</span> <span class='ocrx_word' id='word_1_330' title='bbox 1232 2087 1297 2127; x_wconf 91' lang='lat' dir='ltr'>vero</span> <span class='ocrx_word' id='word_1_331' title='bbox 1315 2072 1343 2127; x_wconf 91' lang='lat' dir='ltr'>S.</span> <span class='ocrx_word' id='word_1_332' title='bbox 1368 2069 1535 2142; x_wconf 85' lang='lat' dir='ltr'>Hieronymi</span> <span class='ocrx_word' id='word_1_333' title='bbox 1557 2084 1574 2123; x_wconf 87' lang='lat' dir='ltr'>a</span> <span class='ocrx_word' id='word_1_334' title='bbox 1593 2073 1632 2133; x_wconf 90' lang='lat' dir='ltr'>te,</span> <span class='ocrx_word' id='word_1_335' title='bbox 1655 2067 1755 2122; x_wconf 88' lang='lat' dir='ltr'>dilecte</span> <span class='ocrx_word' id='word_1_336' title='bbox 1775 2064 1853 2137; x_wconf 91' lang='lat' dir='ltr'>posi-</span> 
     </span>
     <span class='ocr_line' id='line_1_41' title="bbox 1006 2152 1854 2231; baseline -0.012 -16"><span class='ocrx_word' id='word_1_337' title='bbox 1006 2166 1079 2230; x_wconf 90' lang='lat' dir='ltr'>tum,</span> <span class='ocrx_word' id='word_1_338' title='bbox 1103 2161 1141 2214; x_wconf 89' lang='lat' dir='ltr'>ita</span> <span class='ocrx_word' id='word_1_339' title='bbox 1164 2160 1361 2231; x_wconf 87' lang='lat' dir='ltr'>accipiendum</span> <span class='ocrx_word' id='word_1_340' title='bbox 1385 2160 1486 2230; x_wconf 92' lang='lat' dir='ltr'>procul</span> <span class='ocrx_word' id='word_1_341' title='bbox 1509 2157 1595 2211; x_wconf 90' lang='lat' dir='ltr'>dubio</span> <span class='ocrx_word' id='word_1_342' title='bbox 1617 2155 1761 2227; x_wconf 90' lang='lat' dir='ltr'>congruit,</span> <span class='ocrx_word' id='word_1_343' title='bbox 1786 2152 1854 2227; x_wconf 87' lang='lat' dir='ltr'>quie</span> 
     </span>
     <span class='ocr_line' id='line_1_42' title="bbox 1005 2246 1854 2315; baseline -0.006 -11"><span class='ocrx_word' id='word_1_344' title='bbox 1005 2249 1171 2304; x_wconf 84' lang='lat' dir='ltr'>humanitas</span> <span class='ocrx_word' id='word_1_345' title='bbox 1193 2249 1328 2303; x_wconf 87' lang='lat' dir='ltr'>derelicta</span> <span class='ocrx_word' id='word_1_346' title='bbox 1350 2253 1391 2302; x_wconf 89' lang='lat' dir='ltr'>est</span> <span class='ocrx_word' id='word_1_347' title='bbox 1416 2263 1432 2300; x_wconf 89' lang='lat' dir='ltr'>a</span> <span class='ocrx_word' id='word_1_348' title='bbox 1457 2246 1604 2300; x_wconf 88' lang='lat' dir='ltr'>divinitate</span> <span class='ocrx_word' id='word_1_349' title='bbox 1630 2262 1681 2299; x_wconf 89' lang='lat' dir='ltr'>sua</span> <span class='ocrx_word' id='word_1_350' title='bbox 1707 2259 1772 2298; x_wconf 91' lang='lat' dir='ltr'>cum</span> <span class='ocrx_word' id='word_1_351' title='bbox 1798 2260 1854 2315; x_wconf 91' lang='lat' dir='ltr'>qua</span> 
     </span>
     <span class='ocr_line' id='line_1_43' title="bbox 1006 2331 1853 2409; baseline -0.009 -17"><span class='ocrx_word' id='word_1_352' title='bbox 1006 2338 1068 2409; x_wconf 89' lang='lat' dir='ltr'>ipsa</span> <span class='ocrx_word' id='word_1_353' title='bbox 1084 2338 1169 2392; x_wconf 90' lang='lat' dir='ltr'>tertia</span> <span class='ocrx_word' id='word_1_354' title='bbox 1188 2341 1230 2391; x_wconf 90' lang='lat' dir='ltr'>est</span> <span class='ocrx_word' id='word_1_355' title='bbox 1250 2337 1281 2391; x_wconf 91' lang='lat' dir='ltr'>iu</span> <span class='ocrx_word' id='word_1_356' title='bbox 1303 2337 1443 2391; x_wconf 86' lang='lat' dir='ltr'>Trinitate</span> <span class='ocrx_word' id='word_1_357' title='bbox 1463 2350 1598 2406; x_wconf 89' lang='lat' dir='ltr'>persona.</span> <span class='ocrx_word' id='word_1_358' title='bbox 1618 2334 1671 2388; x_wconf 89' lang='lat' dir='ltr'>Sed</span> <span class='ocrx_word' id='word_1_359' title='bbox 1693 2332 1761 2404; x_wconf 89' lang='lat' dir='ltr'>quia</span> <span class='ocrx_word' id='word_1_360' title='bbox 1782 2331 1853 2386; x_wconf 86' lang='lat' dir='ltr'>divi·</span> 
     </span>
     <span class='ocr_line' id='line_1_44' title="bbox 1006 2420 1853 2494; baseline -0.008 -15"><span class='ocrx_word' id='word_1_361' title='bbox 1006 2424 1079 2480; x_wconf 92' lang='lat' dir='ltr'>nitas</span> <span class='ocrx_word' id='word_1_362' title='bbox 1094 2424 1168 2479; x_wconf 91' lang='lat' dir='ltr'>mori</span> <span class='ocrx_word' id='word_1_363' title='bbox 1183 2441 1241 2478; x_wconf 92' lang='lat' dir='ltr'>nou</span> <span class='ocrx_word' id='word_1_364' title='bbox 1258 2428 1381 2494; x_wconf 90' lang='lat' dir='ltr'>poterat,</span> <span class='ocrx_word' id='word_1_365' title='bbox 1397 2423 1461 2478; x_wconf 89' lang='lat' dir='ltr'>idco</span> <span class='ocrx_word' id='word_1_366' title='bbox 1480 2423 1561 2494; x_wconf 86' lang='lat' dir='ltr'>quasi</span> <span class='ocrx_word' id='word_1_367' title='bbox 1583 2422 1612 2475; x_wconf 94' lang='lat' dir='ltr'>in</span> <span class='ocrx_word' id='word_1_368' title='bbox 1634 2437 1664 2474; x_wconf 89' lang='lat' dir='ltr'>se</span> <span class='ocrx_word' id='word_1_369' title='bbox 1688 2420 1747 2474; x_wconf 91' lang='lat' dir='ltr'>sola</span> <span class='ocrx_word' id='word_1_370' title='bbox 1770 2424 1853 2473; x_wconf 90' lang='lat' dir='ltr'>natu·</span> 
     </span>
     <span class='ocr_line' id='line_1_45' title="bbox 1006 2509 1854 2583; baseline -0.009 -15"><span class='ocrx_word' id='word_1_371' title='bbox 1006 2515 1104 2568; x_wconf 90' lang='lat' dir='ltr'>raliter</span> <span class='ocrx_word' id='word_1_372' title='bbox 1126 2514 1292 2568; x_wconf 89' lang='lat' dir='ltr'>humanitas</span> <span class='ocrx_word' id='word_1_373' title='bbox 1316 2512 1479 2583; x_wconf 83' lang='lat' dir='ltr'>passionem</span> <span class='ocrx_word' id='word_1_374' title='bbox 1507 2511 1625 2566; x_wconf 84' lang='lat' dir='ltr'>ferebat.</span> <span class='ocrx_word' id='word_1_375' title='bbox 1650 2509 1735 2563; x_wconf 82' lang='lat' dir='ltr'>Miror</span> <span class='ocrx_word' id='word_1_376' title='bbox 1758 2514 1854 2561; x_wconf 89' lang='lat' dir='ltr'>tamen</span> 
     </span>
     <span class='ocr_line' id='line_1_46' title="bbox 1007 2596 1854 2674; baseline -0.009 -17"><span class='ocrx_word' id='word_1_377' title='bbox 1007 2604 1153 2674; x_wconf 91' lang='lat' dir='ltr'>quomodo</span> <span class='ocrx_word' id='word_1_378' title='bbox 1169 2619 1235 2656; x_wconf 91' lang='lat' dir='ltr'>eum</span> <span class='ocrx_word' id='word_1_379' title='bbox 1255 2602 1302 2656; x_wconf 89' lang='lat' dir='ltr'>hic</span> <span class='ocrx_word' id='word_1_380' title='bbox 1323 2601 1489 2656; x_wconf 88' lang='lat' dir='ltr'>derelictum</span> <span class='ocrx_word' id='word_1_381' title='bbox 1515 2618 1530 2654; x_wconf 90' lang='lat' dir='ltr'>a</span> <span class='ocrx_word' id='word_1_382' title='bbox 1554 2601 1610 2654; x_wconf 91' lang='lat' dir='ltr'>Deo</span> <span class='ocrx_word' id='word_1_383' title='bbox 1634 2615 1721 2652; x_wconf 81' lang='lat' dir='ltr'>ausus</span> <span class='ocrx_word' id='word_1_384' title='bbox 1744 2601 1786 2652; x_wconf 91' lang='lat' dir='ltr'>est</span> <span class='ocrx_word' id='word_1_385' title='bbox 1808 2596 1854 2650; x_wconf 92' lang='lat' dir='ltr'>di-</span> 
     </span>
    </p>
   </div>
   <div class='ocr_carea' id='block_1_8' title="bbox 107 2685 1854 3042">
    <p class='ocr_par' dir='ltr' id='par_1_9' title="bbox 107 2685 1854 3042">
     <span class='ocr_line' id='line_1_47' title="bbox 107 2685 1854 2759; baseline -0.003 -19"><span class='ocrx_word' id='word_1_386' title='bbox 107 2687 315 2758; x_wconf 87' lang='lat' dir='ltr'>sapientissimo</span> <span class='ocrx_word' id='word_1_387' title='bbox 337 2688 521 2758; x_wconf 81' lang='lat' dir='ltr'>explicandae,</span> <span class='ocrx_word' id='word_1_388' title='bbox 542 2694 693 2742; x_wconf 87' lang='lat' dir='ltr'>contentus</span> <span class='ocrx_word' id='word_1_389' title='bbox 718 2706 766 2743; x_wconf 91' lang='lat' dir='ltr'>ero</span> <span class='ocrx_word' id='word_1_390' title='bbox 789 2689 849 2743; x_wconf 91' lang='lat' dir='ltr'>istis</span> <span class='ocrx_word' id='word_1_391' title='bbox 870 2691 951 2744; x_wconf 90' lang='lat' dir='ltr'>testi·</span> <span class='ocrx_word' id='word_1_392' title='bbox 1006 2707 1081 2756; x_wconf 90' lang='lat' dir='ltr'>cere,</span> <span class='ocrx_word' id='word_1_393' title='bbox 1100 2706 1165 2744; x_wconf 90' lang='lat' dir='ltr'>cum</span> <span class='ocrx_word' id='word_1_394' title='bbox 1181 2690 1211 2743; x_wconf 91' lang='lat' dir='ltr'>in</span> <span class='ocrx_word' id='word_1_395' title='bbox 1225 2693 1275 2743; x_wconf 88' lang='lat' dir='ltr'>tue</span> <span class='ocrx_word' id='word_1_396' title='bbox 1291 2688 1423 2759; x_wconf 90' lang='lat' dir='ltr'>epistola,</span> <span class='ocrx_word' id='word_1_397' title='bbox 1447 2688 1516 2742; x_wconf 88' lang='lat' dir='ltr'>duur</span> <span class='ocrx_word' id='word_1_398' title='bbox 1539 2686 1616 2741; x_wconf 90' lang='lat' dir='ltr'>aliud</span> <span class='ocrx_word' id='word_1_399' title='bbox 1634 2685 1684 2751; x_wconf 88' lang='lat' dir='ltr'>ais,</span> <span class='ocrx_word' id='word_1_400' title='bbox 1705 2699 1854 2755; x_wconf 91' lang='lat' dir='ltr'>nunquam</span> 
     </span>
     <span class='ocr_line' id='line_1_48' title="bbox 107 2773 1854 2848; baseline -0.002 -19"><span class='ocrx_word' id='word_1_401' title='bbox 107 2776 206 2830; x_wconf 88' lang='lat' dir='ltr'>moniis</span> <span class='ocrx_word' id='word_1_402' title='bbox 222 2776 459 2847; x_wconf 77' lang='lat' dir='ltr'>tam⁸praetixis,</span> <span class='ocrx_word' id='word_1_403' title='bbox 476 2782 504 2830; x_wconf 92' lang='lat' dir='ltr'>et</span> <span class='ocrx_word' id='word_1_404' title='bbox 519 2777 553 2831; x_wconf 91' lang='lat' dir='ltr'>ad</span> <span class='ocrx_word' id='word_1_405' title='bbox 568 2777 724 2831; x_wconf 89' lang='lat' dir='ltr'>secundam</span> <span class='ocrx_word' id='word_1_406' title='bbox 739 2778 952 2848; x_wconf 90' lang='lat' dir='ltr'>oppositionem</span> <span class='ocrx_word' id='word_1_407' title='bbox 1008 2779 1173 2835; x_wconf 90' lang='lat' dir='ltr'>derelictum</span> <span class='ocrx_word' id='word_1_408' title='bbox 1204 2779 1279 2832; x_wconf 85' lang='lat' dir='ltr'>visus</span> <span class='ocrx_word' id='word_1_409' title='bbox 1305 2782 1349 2831; x_wconf 90' lang='lat' dir='ltr'>est</span> <span class='ocrx_word' id='word_1_410' title='bbox 1377 2777 1545 2843; x_wconf 82' lang='lat' dir='ltr'>affirmasse,</span> <span class='ocrx_word' id='word_1_411' title='bbox 1575 2775 1624 2829; x_wconf 90' lang='lat' dir='ltr'>ubi</span> <span class='ocrx_word' id='word_1_412' title='bbox 1653 2791 1687 2829; x_wconf 88' lang='lat' dir='ltr'>ex</span> <span class='ocrx_word' id='word_1_413' title='bbox 1715 2773 1854 2846; x_wconf 83' lang='lat' dir='ltr'>praeclaro</span> 
     </span>
     <span class='ocr_line' id='line_1_49' title="bbox 107 2861 1852 2940; baseline -0.003 -21"><span class='ocrx_word' id='word_1_414' title='bbox 107 2880 147 2919; x_wconf 88' lang='lat' dir='ltr'>ure</span> <span class='ocrx_word' id='word_1_415' title='bbox 170 2865 331 2919; x_wconf 89' lang='lat' dir='ltr'>identidem</span> <span class='ocrx_word' id='word_1_416' title='bbox 351 2870 466 2936; x_wconf 86' lang='lat' dir='ltr'>patrum</span> <span class='ocrx_word' id='word_1_417' title='bbox 491 2866 690 2921; x_wconf 88' lang='lat' dir='ltr'>decedentium</span> <span class='ocrx_word' id='word_1_418' title='bbox 709 2870 722 2909; x_wconf 85' lang='lat' dir='ltr'>b</span> <span class='ocrx_word' id='word_1_419' title='bbox 741 2873 851 2921; x_wconf 91' lang='lat' dir='ltr'>armatu</span> <span class='ocrx_word' id='word_1_420' title='bbox 875 2868 950 2921; x_wconf 86' lang='lat' dir='ltr'>telis.</span> <span class='ocrx_word' id='word_1_421' title='bbox 1007 2868 1144 2940; x_wconf 87' lang='lat' dir='ltr'>Gregorio</span> <span class='ocrx_word' id='word_1_422' title='bbox 1166 2875 1263 2922; x_wconf 91' lang='lat' dir='ltr'>nostra</span> <span class='ocrx_word' id='word_1_423' title='bbox 1279 2867 1412 2921; x_wconf 83' lang='lat' dir='ltr'>hrnxatur</span> <span class='ocrx_word' id='word_1_424' title='bbox 1426 2865 1556 2920; x_wconf 88' lang='lat' dir='ltr'>assertio.</span> <span class='ocrx_word' id='word_1_425' title='bbox 1574 2863 1680 2918; x_wconf 83' lang='lat' dir='ltr'>Dixisse</span> <span class='ocrx_word' id='word_1_426' title='bbox 1695 2863 1772 2917; x_wconf 89' lang='lat' dir='ltr'>euim</span> <span class='ocrx_word' id='word_1_427' title='bbox 1789 2861 1852 2915; x_wconf 91' lang='lat' dir='ltr'>ais:</span> 
     </span>
     <span class='ocr_line' id='line_1_50' title="bbox 107 2947 1854 3042; baseline -0.004 -36"><span class='ocrx_word' id='word_1_428' title='bbox 107 2954 193 3024; x_wconf 87' lang='lat' dir='ltr'>lgitnr</span> <span class='ocrx_word' id='word_1_429' title='bbox 207 2954 363 3007; x_wconf 86' lang='lat' dir='ltr'>sententias</span> <span class='ocrx_word' id='word_1_430' title='bbox 379 2955 528 3009; x_wconf 79' lang='lat' dir='ltr'>drictorum</span> <span class='ocrx_word' id='word_1_431' title='bbox 550 2956 664 3009; x_wconf 87' lang='lat' dir='ltr'>anobis</span> <span class='ocrx_word' id='word_1_432' title='bbox 686 2972 737 3025; x_wconf 91' lang='lat' dir='ltr'>pro</span> <span class='ocrx_word' id='word_1_433' title='bbox 759 2956 866 3011; x_wconf 88' lang='lat' dir='ltr'>unione</span> <span class='ocrx_word' id='word_1_434' title='bbox 888 2956 952 3010; x_wconf 82' lang='lat' dir='ltr'>Filii</span> <span class='ocrx_word' id='word_1_435' title='bbox 971 2955 1038 3042; x_wconf 73' lang='lat'>(2¹¹¹</span> <span class='ocrx_word' id='word_1_436' title='bbox 1060 2954 1168 3008; x_wconf 90' lang='lat' dir='ltr'>cunctis</span> <span class='ocrx_word' id='word_1_437' title='bbox 1191 2969 1316 3024; x_wconf 89' lang='lat' dir='ltr'>namque</span> <span class='ocrx_word' id='word_1_438' title='bbox 1340 2951 1474 3005; x_wconf 91' lang='lat' dir='ltr'>tidelibos</span> <span class='ocrx_word' id='word_1_439' title='bbox 1497 2949 1615 3021; x_wconf 89' lang='lat' dir='ltr'>spiritus</span> <span class='ocrx_word' id='word_1_440' title='bbox 1639 2948 1728 3016; x_wconf 87' lang='lat' dir='ltr'>venit,</span> <span class='ocrx_word' id='word_1_441' title='bbox 1751 2947 1799 3001; x_wconf 89' lang='lat' dir='ltr'>scd</span> <span class='ocrx_word' id='word_1_442' title='bbox 1825 2947 1854 2999; x_wconf 94' lang='lat' dir='ltr'>iu</span> 
     </span>
    </p>
   </div>
   <div class='ocr_carea' id='block_1_9' title="bbox 106 3036 1855 3380">
    <p class='ocr_par' dir='ltr' id='par_1_10' title="bbox 106 3036 1855 3380">
     <span class='ocr_line' id='line_1_51' title="bbox 107 3036 1853 3112; baseline -0.004 -17"><span class='ocrx_word' id='word_1_443' title='bbox 107 3042 152 3096; x_wconf 88' lang='lat' dir='ltr'>Dei</span> <span class='ocrx_word' id='word_1_444' title='bbox 175 3041 303 3112; x_wconf 87' lang='lat' dir='ltr'>digestas</span> <span class='ocrx_word' id='word_1_445' title='bbox 325 3042 359 3097; x_wconf 90' lang='lat' dir='ltr'>de</span> <span class='ocrx_word' id='word_1_446' title='bbox 385 3048 555 3097; x_wconf 89' lang='lat' dir='ltr'>naturarum</span> <span class='ocrx_word' id='word_1_447' title='bbox 581 3043 763 3098; x_wconf 89' lang='lat' dir='ltr'>distinctione</span> <span class='ocrx_word' id='word_1_448' title='bbox 786 3045 822 3098; x_wconf 91' lang='lat' dir='ltr'>ab</span> <span class='ocrx_word' id='word_1_449' title='bbox 845 3045 952 3099; x_wconf 88' lang='lat' dir='ltr'>eisdem</span> <span class='ocrx_word' id='word_1_450' title='bbox 1007 3042 1068 3097; x_wconf 89' lang='lat' dir='ltr'>solo</span> <span class='ocrx_word' id='word_1_451' title='bbox 1099 3042 1253 3097; x_wconf 78' lang='lat' dir='ltr'>Mediatore</span> <span class='ocrx_word' id='word_1_452' title='bbox 1282 3046 1440 3110; x_wconf 86' lang='lat' dir='ltr'>permanet,</span> <span class='ocrx_word' id='word_1_453' title='bbox 1469 3039 1519 3111; x_wconf 91' lang='lat' dir='ltr'>qui</span> <span class='ocrx_word' id='word_1_454' title='bbox 1550 3039 1612 3108; x_wconf 89' lang='lat' dir='ltr'>ejus</span> <span class='ocrx_word' id='word_1_455' title='bbox 1645 3036 1853 3091; x_wconf 85' lang='lat' dir='ltr'>humanitatem</span> 
     </span>
     <span class='ocr_line' id='line_1_52' title="bbox 106 3125 1854 3204; baseline -0.005 -21"><span class='ocrx_word' id='word_1_456' title='bbox 106 3129 288 3203; x_wconf 89' lang='lat' dir='ltr'>depromptas</span> <span class='ocrx_word' id='word_1_457' title='bbox 312 3148 396 3186; x_wconf 91' lang='lat' dir='ltr'>eonas</span> <span class='ocrx_word' id='word_1_458' title='bbox 416 3141 427 3166; x_wconf 79' lang='lat'><strong>⁰</strong></span> <span class='ocrx_word' id='word_1_459' title='bbox 448 3132 597 3198; x_wconf 88' lang='lat' dir='ltr'>subruere,</span> <span class='ocrx_word' id='word_1_460' title='bbox 620 3148 780 3204; x_wconf 89' lang='lat' dir='ltr'>corumque</span> <span class='ocrx_word' id='word_1_461' title='bbox 803 3134 877 3187; x_wconf 85' lang='lat' dir='ltr'>dicta</span> <span class='ocrx_word' id='word_1_462' title='bbox 899 3134 953 3187; x_wconf 86' lang='lat' dir='ltr'>sibi</span> <span class='ocrx_word' id='word_1_463' title='bbox 1007 3147 1155 3200; x_wconf 89' lang='lat' dir='ltr'>nunquam</span> <span class='ocrx_word' id='word_1_464' title='bbox 1177 3129 1313 3183; x_wconf 89' lang='lat' dir='ltr'>deseruit.</span> <span class='ocrx_word' id='word_1_465' title='bbox 1340 3129 1447 3182; x_wconf 88' lang='lat' dir='ltr'>Sinon</span> <span class='ocrx_word' id='word_1_466' title='bbox 1474 3133 1516 3182; x_wconf 88' lang='lat' dir='ltr'>est</span> <span class='ocrx_word' id='word_1_467' title='bbox 1537 3127 1659 3191; x_wconf 91' lang='lat' dir='ltr'>deserta,</span> <span class='ocrx_word' id='word_1_468' title='bbox 1682 3141 1735 3179; x_wconf 89' lang='lat' dir='ltr'>ner.</span> <span class='ocrx_word' id='word_1_469' title='bbox 1755 3125 1854 3195; x_wconf 90' lang='lat' dir='ltr'>utique</span> 
     </span>
     <span class='ocr_line' id='line_1_53' title="bbox 106 3213 1855 3290; baseline -0.005 -19"><span class='ocrx_word' id='word_1_470' title='bbox 106 3219 304 3289; x_wconf 86' lang='lat' dir='ltr'>impugnantia</span> <span class='ocrx_word' id='word_1_471' title='bbox 326 3236 385 3274; x_wconf 92' lang='lat' dir='ltr'>non</span> <span class='ocrx_word' id='word_1_472' title='bbox 409 3236 510 3275; x_wconf 87' lang='lat' dir='ltr'>verens</span> <span class='ocrx_word' id='word_1_473' title='bbox 534 3221 696 3290; x_wconf 89' lang='lat' dir='ltr'>ostendere,</span> <span class='ocrx_word' id='word_1_474' title='bbox 722 3238 774 3276; x_wconf 90' lang='lat' dir='ltr'>nec</span> <span class='ocrx_word' id='word_1_475' title='bbox 796 3221 871 3276; x_wconf 81' lang='lat' dir='ltr'>beati</span> <span class='ocrx_word' id='word_1_476' title='bbox 896 3223 954 3277; x_wconf 83' lang='lat' dir='ltr'>Au·</span> <span class='ocrx_word' id='word_1_477' title='bbox 1007 3219 1153 3273; x_wconf 91' lang='lat' dir='ltr'>derelicta.</span> <span class='ocrx_word' id='word_1_478' title='bbox 1180 3219 1248 3282; x_wconf 80' lang='lat' dir='ltr'>Quae</span> <span class='ocrx_word' id='word_1_479' title='bbox 1275 3233 1342 3271; x_wconf 88' lang='lat' dir='ltr'>veru</span> <span class='ocrx_word' id='word_1_480' title='bbox 1371 3232 1405 3270; x_wconf 87' lang='lat' dir='ltr'>ex</span> <span class='ocrx_word' id='word_1_481' title='bbox 1436 3220 1532 3269; x_wconf 90' lang='lat' dir='ltr'>sancto</span> <span class='ocrx_word' id='word_1_482' title='bbox 1565 3213 1725 3285; x_wconf 81' lang='lat' dir='ltr'>Augustino</span> <span class='ocrx_word' id='word_1_483' title='bbox 1756 3214 1855 3263; x_wconf 86' lang='lat' dir='ltr'>contra</span> 
     </span>
     <span class='ocr_line' id='line_1_54' title="bbox 106 3299 1853 3380; baseline -0.005 -20"><span class='ocrx_word' id='word_1_484' title='bbox 106 3307 339 3378; x_wconf 89' lang='lat' dir='ltr'>gustinieluquia</span> <span class='ocrx_word' id='word_1_485' title='bbox 359 3308 491 3372; x_wconf 88' lang='lat' dir='ltr'>destruis,</span> <span class='ocrx_word' id='word_1_486' title='bbox 517 3308 565 3362; x_wconf 92' lang='lat' dir='ltr'>sed</span> <span class='ocrx_word' id='word_1_487' title='bbox 590 3310 680 3363; x_wconf 88' lang='lat' dir='ltr'>sancti</span> <span class='ocrx_word' id='word_1_488' title='bbox 699 3310 865 3380; x_wconf 86' lang='lat' dir='ltr'>llieronyrui</span> <span class='ocrx_word' id='word_1_489' title='bbox 888 3325 954 3363; x_wconf 93' lang='lat' dir='ltr'>cun·</span> <span class='ocrx_word' id='word_1_490' title='bbox 1008 3308 1200 3361; x_wconf 86' lang='lat' dir='ltr'>Priscillianus</span> <span class='ocrx_word' id='word_1_491' title='bbox 1227 3307 1330 3360; x_wconf 84' lang='lat' dir='ltr'>dixisse</span> <span class='ocrx_word' id='word_1_492' title='bbox 1355 3305 1491 3372; x_wconf 90' lang='lat' dir='ltr'>intendis,</span> <span class='ocrx_word' id='word_1_493' title='bbox 1519 3319 1571 3357; x_wconf 90' lang='lat' dir='ltr'>nec</span> <span class='ocrx_word' id='word_1_494' title='bbox 1599 3299 1782 3357; x_wconf 86' lang='lat' dir='ltr'>mutabilitati</span> <span class='ocrx_word' id='word_1_495' title='bbox 1810 3300 1853 3351; x_wconf 87' lang='lat' dir='ltr'>vel</span> 
     </span>
    </p>
   </div>
   <div class='ocr_carea' id='block_1_10' title="bbox 104 3396 955 3996">
    <p class='ocr_par' dir='ltr' id='par_1_11' title="bbox 104 3396 955 3996">
     <span class='ocr_line' id='line_1_55' title="bbox 105 3396 953 3469; baseline 0.004 -21"><span class='ocrx_word' id='word_1_496' title='bbox 105 3401 145 3448; x_wconf 89' lang='lat' dir='ltr'>tra</span> <span class='ocrx_word' id='word_1_497' title='bbox 163 3411 231 3449; x_wconf 89' lang='lat' dir='ltr'>eum</span> <span class='ocrx_word' id='word_1_498' title='bbox 259 3396 333 3450; x_wconf 86' lang='lat' dir='ltr'>dicta</span> <span class='ocrx_word' id='word_1_499' title='bbox 358 3396 492 3467; x_wconf 89' lang='lat' dir='ltr'>opponis,</span> <span class='ocrx_word' id='word_1_500' title='bbox 519 3402 709 3469; x_wconf 88' lang='lat' dir='ltr'>utrorumque</span> <span class='ocrx_word' id='word_1_501' title='bbox 729 3398 901 3452; x_wconf 90' lang='lat' dir='ltr'>sententiam</span> <span class='ocrx_word' id='word_1_502' title='bbox 923 3399 953 3451; x_wconf 90' lang='lat' dir='ltr'>in</span> 
     </span>
     <span class='ocr_line' id='line_1_56' title="bbox 106 3480 953 3555; baseline 0.005 -21"><span class='ocrx_word' id='word_1_503' title='bbox 106 3480 194 3535; x_wconf 87' lang='lat' dir='ltr'>rixam</span> <span class='ocrx_word' id='word_1_504' title='bbox 213 3481 339 3549; x_wconf 89' lang='lat' dir='ltr'>mittens,</span> <span class='ocrx_word' id='word_1_505' title='bbox 356 3488 386 3536; x_wconf 91' lang='lat' dir='ltr'>et</span> <span class='ocrx_word' id='word_1_506' title='bbox 408 3482 439 3535; x_wconf 91' lang='lat' dir='ltr'>in</span> <span class='ocrx_word' id='word_1_507' title='bbox 463 3482 572 3553; x_wconf 90' lang='lat' dir='ltr'>seipsos</span> <span class='ocrx_word' id='word_1_508' title='bbox 597 3484 751 3537; x_wconf 84' lang='lat' dir='ltr'>surrexisse</span> <span class='ocrx_word' id='word_1_509' title='bbox 775 3489 861 3555; x_wconf 86' lang='lat' dir='ltr'>atque</span> <span class='ocrx_word' id='word_1_510' title='bbox 887 3500 953 3538; x_wconf 91' lang='lat' dir='ltr'>con-</span> 
     </span>
     <span class='ocr_line' id='line_1_57' title="bbox 106 3569 955 3626; baseline 0.006 -5"><span class='ocrx_word' id='word_1_511' title='bbox 106 3572 146 3622; x_wconf 87' lang='lat' dir='ltr'>tra</span> <span class='ocrx_word' id='word_1_512' title='bbox 173 3585 205 3622; x_wconf 88' lang='lat' dir='ltr'>se</span> <span class='ocrx_word' id='word_1_513' title='bbox 233 3569 344 3623; x_wconf 90' lang='lat' dir='ltr'>locutos</span> <span class='ocrx_word' id='word_1_514' title='bbox 368 3569 456 3624; x_wconf 82' lang='lat' dir='ltr'>fuisse</span> <span class='ocrx_word' id='word_1_515' title='bbox 481 3570 644 3625; x_wconf 89' lang='lat' dir='ltr'>ostendeus.</span> <span class='ocrx_word' id='word_1_516' title='bbox 670 3570 725 3625; x_wconf 89' lang='lat' dir='ltr'>Sed</span> <span class='ocrx_word' id='word_1_517' title='bbox 750 3572 823 3626; x_wconf 86' lang='lat' dir='ltr'>absit</span> <span class='ocrx_word' id='word_1_518' title='bbox 844 3575 876 3624; x_wconf 93' lang='lat' dir='ltr'>ut</span> <span class='ocrx_word' id='word_1_519' title='bbox 900 3573 955 3626; x_wconf 90' lang='lat' dir='ltr'>buc</span> 
     </span>
     <span class='ocr_line' id='line_1_58' title="bbox 106 3657 954 3730; baseline 0.005 -21"><span class='ocrx_word' id='word_1_520' title='bbox 106 3657 279 3712; x_wconf 88' lang='lat' dir='ltr'>credendum</span> <span class='ocrx_word' id='word_1_521' title='bbox 296 3658 379 3711; x_wconf 90' lang='lat' dir='ltr'>alicui</span> <span class='ocrx_word' id='word_1_522' title='bbox 394 3659 437 3712; x_wconf 90' lang='lat' dir='ltr'>vel</span> <span class='ocrx_word' id='word_1_523' title='bbox 453 3659 604 3729; x_wconf 87' lang='lat' dir='ltr'>paululum</span> <span class='ocrx_word' id='word_1_524' title='bbox 620 3659 794 3730; x_wconf 90' lang='lat' dir='ltr'>intelligenti</span> <span class='ocrx_word' id='word_1_525' title='bbox 809 3660 954 3727; x_wconf 81' lang='lat' dir='ltr'>videatur3</span> 
     </span>
     <span class='ocr_line' id='line_1_59' title="bbox 105 3745 954 3815; baseline 0.002 -16"><span class='ocrx_word' id='word_1_526' title='bbox 105 3749 182 3799; x_wconf 87' lang='lat' dir='ltr'>tanto</span> <span class='ocrx_word' id='word_1_527' title='bbox 197 3746 291 3815; x_wconf 88' lang='lat' dir='ltr'>magis</span> <span class='ocrx_word' id='word_1_528' title='bbox 310 3745 361 3800; x_wconf 92' lang='lat' dir='ltr'>tibi</span> <span class='ocrx_word' id='word_1_529' title='bbox 378 3751 457 3800; x_wconf 90' lang='lat' dir='ltr'>tanto</span> <span class='ocrx_word' id='word_1_530' title='bbox 478 3752 506 3800; x_wconf 92' lang='lat' dir='ltr'>et</span> <span class='ocrx_word' id='word_1_531' title='bbox 527 3746 578 3799; x_wconf 89' lang='lat' dir='ltr'>tali</span> <span class='ocrx_word' id='word_1_532' title='bbox 593 3747 654 3800; x_wconf 91' lang='lat' dir='ltr'>viro</span> <span class='ocrx_word' id='word_1_533' title='bbox 669 3747 789 3801; x_wconf 90' lang='lat' dir='ltr'>scientia</span> <span class='ocrx_word' id='word_1_534' title='bbox 804 3753 832 3801; x_wconf 94' lang='lat' dir='ltr'>et</span> <span class='ocrx_word' id='word_1_535' title='bbox 848 3748 954 3802; x_wconf 90' lang='lat' dir='ltr'>liberu-</span> 
     </span>
     <span class='ocr_line' id='line_1_60' title="bbox 104 3834 953 3908; baseline 0.004 -21"><span class='ocrx_word' id='word_1_536' title='bbox 104 3834 177 3888; x_wconf 88' lang='lat' dir='ltr'>libus</span> <span class='ocrx_word' id='word_1_537' title='bbox 193 3834 305 3888; x_wconf 89' lang='lat' dir='ltr'>artibus</span> <span class='ocrx_word' id='word_1_538' title='bbox 325 3835 486 3890; x_wconf 88' lang='lat' dir='ltr'>inlustrato.</span> <span class='ocrx_word' id='word_1_539' title='bbox 506 3837 562 3890; x_wconf 84' lang='lat' dir='ltr'>Nos</span> <span class='ocrx_word' id='word_1_540' title='bbox 581 3835 658 3889; x_wconf 91' lang='lat' dir='ltr'>enim</span> <span class='ocrx_word' id='word_1_541' title='bbox 680 3853 745 3908; x_wconf 84' lang='lat' dir='ltr'>quae</span> <span class='ocrx_word' id='word_1_542' title='bbox 762 3836 886 3890; x_wconf 86' lang='lat' dir='ltr'>diximus</span> <span class='ocrx_word' id='word_1_543' title='bbox 902 3853 953 3908; x_wconf 91' lang='lat' dir='ltr'>pro</span> 
     </span>
     <span class='ocr_line' id='line_1_61' title="bbox 105 3923 954 3996; baseline 0.004 -19"><span class='ocrx_word' id='word_1_544' title='bbox 105 3924 212 3977; x_wconf 89' lang='lat' dir='ltr'>unione</span> <span class='ocrx_word' id='word_1_545' title='bbox 227 3939 360 3993; x_wconf 74' lang='lat' dir='ltr'>personae</span> <span class='ocrx_word' id='word_1_546' title='bbox 376 3923 569 3978; x_wconf 87' lang='lat' dir='ltr'>certavimus:</span> <span class='ocrx_word' id='word_1_547' title='bbox 592 3940 741 3996; x_wconf 86' lang='lat' dir='ltr'>unumque</span> <span class='ocrx_word' id='word_1_548' title='bbox 764 3926 906 3981; x_wconf 85' lang='lat' dir='ltr'>Christum</span> <span class='ocrx_word' id='word_1_549' title='bbox 924 3926 954 3980; x_wconf 89' lang='lat' dir='ltr'>in</span> 
     </span>
    </p>
   </div>
   <div class='ocr_carea' id='block_1_11' title="bbox 1007 3387 1855 3994">
    <p class='ocr_par' dir='ltr' id='par_1_12' title="bbox 1007 3387 1855 3994">
     <span class='ocr_line' id='line_1_62' title="bbox 1007 3387 1854 3462; baseline -0.011 -15"><span class='ocrx_word' id='word_1_550' title='bbox 1007 3392 1187 3447; x_wconf 89' lang='lat' dir='ltr'>conversioni</span> <span class='ocrx_word' id='word_1_551' title='bbox 1220 3392 1401 3447; x_wconf 87' lang='lat' dir='ltr'>divinitatem</span> <span class='ocrx_word' id='word_1_552' title='bbox 1434 3391 1580 3462; x_wconf 86' lang='lat' dir='ltr'>subjacere</span> <span class='ocrx_word' id='word_1_553' title='bbox 1613 3387 1748 3455; x_wconf 87' lang='lat' dir='ltr'>causaris,</span> <span class='ocrx_word' id='word_1_554' title='bbox 1779 3389 1854 3440; x_wconf 88' lang='lat' dir='ltr'>certe</span> 
     </span>
     <span class='ocr_line' id='line_1_63' title="bbox 1007 3475 1850 3550; baseline -0.011 -14"><span class='ocrx_word' id='word_1_555' title='bbox 1007 3483 1069 3536; x_wconf 83' lang='lat' dir='ltr'>baec</span> <span class='ocrx_word' id='word_1_556' title='bbox 1084 3498 1150 3536; x_wconf 89' lang='lat' dir='ltr'>vere</span> <span class='ocrx_word' id='word_1_557' title='bbox 1166 3482 1324 3549; x_wconf 89' lang='lat' dir='ltr'>contendis,</span> <span class='ocrx_word' id='word_1_558' title='bbox 1341 3482 1388 3536; x_wconf 90' lang='lat' dir='ltr'>sed</span> <span class='ocrx_word' id='word_1_559' title='bbox 1406 3486 1505 3535; x_wconf 87' lang='lat' dir='ltr'>contra</span> <span class='ocrx_word' id='word_1_560' title='bbox 1516 3495 1602 3550; x_wconf 86' lang='lat' dir='ltr'>quern</span> <span class='ocrx_word' id='word_1_561' title='bbox 1613 3479 1674 3549; x_wconf 89' lang='lat' dir='ltr'>ipse</span> <span class='ocrx_word' id='word_1_562' title='bbox 1686 3492 1744 3531; x_wconf 90' lang='lat' dir='ltr'>non</span> <span class='ocrx_word' id='word_1_563' title='bbox 1754 3475 1850 3530; x_wconf 90' lang='lat' dir='ltr'>habes.</span> 
     </span>
     <span class='ocr_line' id='line_1_64' title="bbox 1007 3564 1854 3641; baseline -0.009 -16"><span class='ocrx_word' id='word_1_564' title='bbox 1007 3572 1106 3641; x_wconf 89' lang='lat' dir='ltr'>Neque</span> <span class='ocrx_word' id='word_1_565' title='bbox 1121 3570 1199 3625; x_wconf 85' lang='lat' dir='ltr'>enirn</span> <span class='ocrx_word' id='word_1_566' title='bbox 1215 3570 1346 3636; x_wconf 91' lang='lat' dir='ltr'>dicimus,</span> <span class='ocrx_word' id='word_1_567' title='bbox 1368 3575 1417 3623; x_wconf 89' lang='lat' dir='ltr'>eut</span> <span class='ocrx_word' id='word_1_568' title='bbox 1439 3568 1649 3623; x_wconf 82' lang='lat' dir='ltr'>humanitatem</span> <span class='ocrx_word' id='word_1_569' title='bbox 1669 3566 1700 3623; x_wconf 93' lang='lat' dir='ltr'>iu</span> <span class='ocrx_word' id='word_1_570' title='bbox 1720 3564 1854 3620; x_wconf 90' lang='lat' dir='ltr'>divinita-</span> 
     </span>
     <span class='ocr_line' id='line_1_65' title="bbox 1008 3658 1855 3725; baseline -0.007 -12"><span class='ocrx_word' id='word_1_571' title='bbox 1008 3662 1066 3714; x_wconf 88' lang='lat' dir='ltr'>tem</span> <span class='ocrx_word' id='word_1_572' title='bbox 1091 3664 1241 3725; x_wconf 90' lang='lat' dir='ltr'>mutatam,</span> <span class='ocrx_word' id='word_1_573' title='bbox 1269 3665 1317 3713; x_wconf 86' lang='lat' dir='ltr'>out</span> <span class='ocrx_word' id='word_1_574' title='bbox 1339 3659 1516 3713; x_wconf 88' lang='lat' dir='ltr'>divinitatem</span> <span class='ocrx_word' id='word_1_575' title='bbox 1544 3658 1573 3711; x_wconf 91' lang='lat' dir='ltr'>in</span> <span class='ocrx_word' id='word_1_576' title='bbox 1595 3671 1710 3710; x_wconf 88' lang='lat' dir='ltr'>carnem</span> <span class='ocrx_word' id='word_1_577' title='bbox 1733 3670 1855 3709; x_wconf 90' lang='lat' dir='ltr'>convcr-</span> 
     </span>
     <span class='ocr_line' id='line_1_66' title="bbox 1008 3744 1854 3819; baseline -0.007 -17"><span class='ocrx_word' id='word_1_578' title='bbox 1008 3765 1080 3817; x_wconf 91' lang='lat' dir='ltr'>sam,</span> <span class='ocrx_word' id='word_1_579' title='bbox 1096 3764 1148 3802; x_wconf 89' lang='lat' dir='ltr'>nec</span> <span class='ocrx_word' id='word_1_580' title='bbox 1167 3754 1356 3819; x_wconf 87' lang='lat' dir='ltr'>augmentum</span> <span class='ocrx_word' id='word_1_581' title='bbox 1381 3746 1475 3801; x_wconf 93' lang='lat' dir='ltr'>eidem</span> <span class='ocrx_word' id='word_1_582' title='bbox 1492 3744 1710 3815; x_wconf 76' lang='lat' dir='ltr'>simplicissime</span> <span class='ocrx_word' id='word_1_583' title='bbox 1733 3748 1854 3810; x_wconf 74' lang='lat' dir='ltr'>nature,</span> 
     </span>
     <span class='ocr_line' id='line_1_67' title="bbox 1008 3832 1855 3905; baseline -0.008 -13"><span class='ocrx_word' id='word_1_584' title='bbox 1008 3854 1060 3892; x_wconf 91' lang='lat' dir='ltr'>nec</span> <span class='ocrx_word' id='word_1_585' title='bbox 1076 3837 1110 3892; x_wconf 85' lang='lat' dir='ltr'>de</span> <span class='ocrx_word' id='word_1_586' title='bbox 1125 3836 1230 3890; x_wconf 87' lang='lat' dir='ltr'>talibus</span> <span class='ocrx_word' id='word_1_587' title='bbox 1244 3835 1430 3905; x_wconf 88' lang='lat' dir='ltr'>blasphemiis</span> <span class='ocrx_word' id='word_1_588' title='bbox 1449 3850 1514 3888; x_wconf 91' lang='lat' dir='ltr'>cum</span> <span class='ocrx_word' id='word_1_589' title='bbox 1530 3850 1678 3905; x_wconf 90' lang='lat' dir='ltr'>quoquam</span> <span class='ocrx_word' id='word_1_590' title='bbox 1699 3832 1855 3903; x_wconf 87' lang='lat' dir='ltr'>aliquando</span> 
     </span>
     <span class='ocr_line' id='line_1_68' title="bbox 1008 3921 1853 3994; baseline -0.009 -14"><span class='ocrx_word' id='word_1_591' title='bbox 1008 3926 1221 3993; x_wconf 76' lang='lat' dir='ltr'>contendimus,</span> <span class='ocrx_word' id='word_1_592' title='bbox 1257 3926 1304 3979; x_wconf 90' lang='lat' dir='ltr'>sed</span> <span class='ocrx_word' id='word_1_593' title='bbox 1339 3924 1432 3977; x_wconf 90' lang='lat' dir='ltr'>veraci</span> <span class='ocrx_word' id='word_1_594' title='bbox 1461 3922 1659 3994; x_wconf 89' lang='lat' dir='ltr'>persecutione</span> <span class='ocrx_word' id='word_1_595' title='bbox 1694 3921 1853 3987; x_wconf 85' lang='lat' dir='ltr'>firmamus,</span> 
     </span>
    </p>
   </div>
   <div class='ocr_carea' id='block_1_12' title="bbox 105 4009 1856 4361">
    <p class='ocr_par' dir='ltr' id='par_1_13' title="bbox 105 4009 1856 4361">
     <span class='ocr_line' id='line_1_69' title="bbox 105 4009 1855 4084; baseline -0.004 -18"><span class='ocrx_word' id='word_1_596' title='bbox 105 4013 216 4066; x_wconf 88' lang='lat' dir='ltr'>duabus</span> <span class='ocrx_word' id='word_1_597' title='bbox 248 4012 359 4066; x_wconf 84' lang='lat' dir='ltr'>naturis</span> <span class='ocrx_word' id='word_1_598' title='bbox 392 4012 622 4083; x_wconf 88' lang='lat' dir='ltr'>intelligentibus</span> <span class='ocrx_word' id='word_1_599' title='bbox 654 4014 728 4068; x_wconf 91' lang='lat' dir='ltr'>bene</span> <span class='ocrx_word' id='word_1_600' title='bbox 755 4014 952 4084; x_wconf 86' lang='lat' dir='ltr'>probavimus.</span> <span class='ocrx_word' id='word_1_601' title='bbox 1010 4013 1382 4070; x_wconf 88' lang='lat' dir='ltr'>Deumhominemiaetum</span> <span class='ocrx_word' id='word_1_602' title='bbox 1397 4011 1539 4066; x_wconf 84' lang='lat' dir='ltr'>Christum</span> <span class='ocrx_word' id='word_1_603' title='bbox 1557 4009 1855 4077; x_wconf 80' lang='lat' dir='ltr'>Redempluremom·</span> 
     </span>
     <span class='ocr_line' id='line_1_70' title="bbox 106 4099 1854 4171; baseline -0.004 -17"><span class='ocrx_word' id='word_1_604' title='bbox 106 4101 174 4154; x_wconf 81' lang='lat' dir='ltr'>liam</span> <span class='ocrx_word' id='word_1_605' title='bbox 189 4099 269 4170; x_wconf 89' lang='lat' dir='ltr'>quod</span> <span class='ocrx_word' id='word_1_606' title='bbox 292 4099 407 4154; x_wconf 90' lang='lat' dir='ltr'>beatum</span> <span class='ocrx_word' id='word_1_607' title='bbox 429 4102 633 4171; x_wconf 89' lang='lat' dir='ltr'>llierouymum</span> <span class='ocrx_word' id='word_1_608' title='bbox 654 4103 775 4156; x_wconf 86' lang='lat' dir='ltr'>sensisse</span> <span class='ocrx_word' id='word_1_609' title='bbox 791 4103 952 4168; x_wconf 88' lang='lat' dir='ltr'>contendis,</span> <span class='ocrx_word' id='word_1_610' title='bbox 1009 4104 1100 4170; x_wconf 91' lang='lat' dir='ltr'>nium,</span> <span class='ocrx_word' id='word_1_611' title='bbox 1117 4119 1218 4171; x_wconf 89' lang='lat' dir='ltr'>unum,</span> <span class='ocrx_word' id='word_1_612' title='bbox 1234 4117 1293 4156; x_wconf 92' lang='lat' dir='ltr'>non</span> <span class='ocrx_word' id='word_1_613' title='bbox 1310 4103 1382 4155; x_wconf 92' lang='lat' dir='ltr'>duos</span> <span class='ocrx_word' id='word_1_614' title='bbox 1404 4100 1477 4154; x_wconf 88' lang='lat' dir='ltr'>filios</span> <span class='ocrx_word' id='word_1_615' title='bbox 1500 4099 1655 4169; x_wconf 87' lang='lat' dir='ltr'>disjunctos</span> <span class='ocrx_word' id='word_1_616' title='bbox 1670 4102 1698 4151; x_wconf 91' lang='lat' dir='ltr'>et</span> <span class='ocrx_word' id='word_1_617' title='bbox 1714 4115 1730 4150; x_wconf 88' lang='lat' dir='ltr'>a</span> <span class='ocrx_word' id='word_1_618' title='bbox 1745 4111 1774 4150; x_wconf 90' lang='lat' dir='ltr'>se</span> <span class='ocrx_word' id='word_1_619' title='bbox 1790 4110 1854 4166; x_wconf 93' lang='lat' dir='ltr'>per·</span> 
     </span>
     <span class='ocr_line' id='line_1_71' title="bbox 106 4183 1856 4259; baseline -0.003 -16"><span class='ocrx_word' id='word_1_620' title='bbox 106 4189 137 4243; x_wconf 93' lang='lat' dir='ltr'>de</span> <span class='ocrx_word' id='word_1_621' title='bbox 151 4188 331 4258; x_wconf 87' lang='lat' dir='ltr'>proprietate</span> <span class='ocrx_word' id='word_1_622' title='bbox 347 4193 516 4242; x_wconf 88' lang='lat' dir='ltr'>naturarum</span> <span class='ocrx_word' id='word_1_623' title='bbox 531 4189 586 4243; x_wconf 90' lang='lat' dir='ltr'>hoc</span> <span class='ocrx_word' id='word_1_624' title='bbox 601 4189 683 4242; x_wconf 91' lang='lat' dir='ltr'>illum</span> <span class='ocrx_word' id='word_1_625' title='bbox 702 4190 830 4259; x_wconf 81' lang='lat' dir='ltr'>proferre</span> <span class='ocrx_word' id='word_1_626' title='bbox 847 4191 953 4245; x_wconf 88' lang='lat' dir='ltr'>sentire</span> <span class='ocrx_word' id='word_1_627' title='bbox 1009 4208 1145 4246; x_wconf 89' lang='lat' dir='ltr'>sonarum</span> <span class='ocrx_word' id='word_1_628' title='bbox 1161 4191 1323 4246; x_wconf 90' lang='lat' dir='ltr'>diversitate</span> <span class='ocrx_word' id='word_1_629' title='bbox 1339 4190 1486 4254; x_wconf 87' lang='lat' dir='ltr'>discretos,</span> <span class='ocrx_word' id='word_1_630' title='bbox 1502 4188 1551 4241; x_wconf 90' lang='lat' dir='ltr'>sed</span> <span class='ocrx_word' id='word_1_631' title='bbox 1562 4202 1663 4253; x_wconf 90' lang='lat' dir='ltr'>unum,</span> <span class='ocrx_word' id='word_1_632' title='bbox 1677 4191 1706 4240; x_wconf 93' lang='lat' dir='ltr'>et</span> <span class='ocrx_word' id='word_1_633' title='bbox 1715 4201 1766 4257; x_wconf 90' lang='lat' dir='ltr'>per</span> <span class='ocrx_word' id='word_1_634' title='bbox 1776 4183 1856 4238; x_wconf 88' lang='lat' dir='ltr'>uniu-</span> 
     </span>
     <span class='ocr_line' id='line_1_72' title="bbox 107 4274 1855 4361; baseline -0.003 -30"><span class='ocrx_word' id='word_1_635' title='bbox 107 4277 203 4343; x_wconf 91' lang='lat' dir='ltr'>debes,</span> <span class='ocrx_word' id='word_1_636' title='bbox 227 4292 285 4330; x_wconf 91' lang='lat' dir='ltr'>non</span> <span class='ocrx_word' id='word_1_637' title='bbox 313 4292 366 4347; x_wconf 90' lang='lat' dir='ltr'>pro</span> <span class='ocrx_word' id='word_1_638' title='bbox 392 4277 502 4332; x_wconf 77' lang='lat' dir='ltr'>ursione</span> <span class='ocrx_word' id='word_1_639' title='bbox 525 4294 657 4348; x_wconf 76' lang='lat' dir='ltr'>persone</span> <span class='ocrx_word' id='word_1_640' title='bbox 681 4294 687 4332; x_wconf 91' lang='lat'>:</span> <span class='ocrx_word' id='word_1_641' title='bbox 713 4279 781 4349; x_wconf 86' lang='lat' dir='ltr'>quia</span> <span class='ocrx_word' id='word_1_642' title='bbox 804 4295 954 4361; x_wconf 72' lang='lat' dir='ltr'>nunquam</span> <span class='ocrx_word' id='word_1_643' title='bbox 973 4285 1074 4340; x_wconf 83' lang='lat' dir='ltr'>linem</span> <span class='ocrx_word' id='word_1_644' title='bbox 1094 4296 1223 4351; x_wconf 77' lang='lat' dir='ltr'>personae</span> <span class='ocrx_word' id='word_1_645' title='bbox 1246 4278 1407 4348; x_wconf 90' lang='lat' dir='ltr'>proprium,</span> <span class='ocrx_word' id='word_1_646' title='bbox 1423 4293 1482 4331; x_wconf 91' lang='lat' dir='ltr'>non</span> <span class='ocrx_word' id='word_1_647' title='bbox 1497 4276 1672 4347; x_wconf 90' lang='lat' dir='ltr'>adoptivum.</span> <span class='ocrx_word' id='word_1_648' title='bbox 1691 4274 1768 4328; x_wconf 87' lang='lat' dir='ltr'>Beati</span> <span class='ocrx_word' id='word_1_649' title='bbox 1784 4274 1855 4328; x_wconf 87' lang='lat' dir='ltr'>Leo·</span> 
     </span>
    </p>
   </div>
   <div class='ocr_carea' id='block_1_13' title="bbox 108 4364 956 5239">
    <p class='ocr_par' dir='ltr' id='par_1_14' title="bbox 108 4364 956 5239">
     <span class='ocr_line' id='line_1_73' title="bbox 108 4364 955 4438; baseline 0.002 -19"><span class='ocrx_word' id='word_1_650' title='bbox 108 4366 176 4420; x_wconf 90' lang='lat' dir='ltr'>duos</span> <span class='ocrx_word' id='word_1_651' title='bbox 204 4365 331 4420; x_wconf 89' lang='lat' dir='ltr'>Christos</span> <span class='ocrx_word' id='word_1_652' title='bbox 358 4364 386 4418; x_wconf 93' lang='lat' dir='ltr'>in</span> <span class='ocrx_word' id='word_1_653' title='bbox 418 4366 631 4438; x_wconf 89' lang='lat' dir='ltr'>quaviscunque</span> <span class='ocrx_word' id='word_1_654' title='bbox 655 4367 796 4438; x_wconf 86' lang='lat' dir='ltr'>scriptura</span> <span class='ocrx_word' id='word_1_655' title='bbox 817 4367 955 4421; x_wconf 91' lang='lat' dir='ltr'>discretos</span> 
     </span>
     <span class='ocr_line' id='line_1_74' title="bbox 109 4454 955 4527; baseline 0.001 -19"><span class='ocrx_word' id='word_1_656' title='bbox 109 4455 238 4526; x_wconf 88' lang='lat' dir='ltr'>perlegis.</span> <span class='ocrx_word' id='word_1_657' title='bbox 256 4455 333 4509; x_wconf 88' lang='lat' dir='ltr'>Sicut</span> <span class='ocrx_word' id='word_1_658' title='bbox 349 4454 443 4509; x_wconf 89' lang='lat' dir='ltr'>dixit:</span> <span class='ocrx_word' id='word_1_659' title='bbox 465 4456 527 4510; x_wconf 89' lang='lat' dir='ltr'>Non</span> <span class='ocrx_word' id='word_1_660' title='bbox 547 4471 616 4526; x_wconf 90' lang='lat' dir='ltr'>ergo</span> <span class='ocrx_word' id='word_1_661' title='bbox 636 4461 738 4510; x_wconf 84' lang='lat' dir='ltr'>natrrra</span> <span class='ocrx_word' id='word_1_662' title='bbox 754 4457 898 4527; x_wconf 89' lang='lat' dir='ltr'>unigeniti</span> <span class='ocrx_word' id='word_1_663' title='bbox 913 4461 955 4511; x_wconf 89' lang='lat' dir='ltr'>est</span> 
     </span>
     <span class='ocr_line' id='line_1_75' title="bbox 111 4543 954 4617; baseline 0.002 -19"><span class='ocrx_word' id='word_1_664' title='bbox 111 4543 328 4614; x_wconf 87' lang='lat' dir='ltr'>primogenitus,</span> <span class='ocrx_word' id='word_1_665' title='bbox 346 4544 395 4599; x_wconf 91' lang='lat' dir='ltr'>sed</span> <span class='ocrx_word' id='word_1_666' title='bbox 415 4550 535 4614; x_wconf 88' lang='lat' dir='ltr'>propter</span> <span class='ocrx_word' id='word_1_667' title='bbox 556 4545 719 4600; x_wconf 90' lang='lat' dir='ltr'>societatem</span> <span class='ocrx_word' id='word_1_668' title='bbox 740 4545 883 4617; x_wconf 90' lang='lat' dir='ltr'>unigeniti</span> <span class='ocrx_word' id='word_1_669' title='bbox 904 4546 954 4600; x_wconf 92' lang='lat' dir='ltr'>Dei</span> 
     </span>
     <span class='ocr_line' id='line_1_76' title="bbox 113 4633 956 4705; baseline 0.006 -21"><span class='ocrx_word' id='word_1_670' title='bbox 113 4633 274 4704; x_wconf 87' lang='lat' dir='ltr'>unigenitus</span> <span class='ocrx_word' id='word_1_671' title='bbox 302 4637 354 4687; x_wconf 89' lang='lat' dir='ltr'>est.</span> <span class='ocrx_word' id='word_1_672' title='bbox 382 4633 466 4688; x_wconf 88' lang='lat' dir='ltr'>Vides</span> <span class='ocrx_word' id='word_1_673' title='bbox 495 4633 563 4704; x_wconf 90' lang='lat' dir='ltr'>quia</span> <span class='ocrx_word' id='word_1_674' title='bbox 590 4639 758 4688; x_wconf 88' lang='lat' dir='ltr'>naturarum</span> <span class='ocrx_word' id='word_1_675' title='bbox 786 4635 956 4705; x_wconf 83' lang='lat' dir='ltr'>explicuerit</span> 
     </span>
     <span class='ocr_line' id='line_1_77' title="bbox 114 4723 952 4793; baseline 0.004 -20"><span class='ocrx_word' id='word_1_676' title='bbox 114 4723 324 4791; x_wconf 83' lang='lat' dir='ltr'>proprietatem,</span> <span class='ocrx_word' id='word_1_677' title='bbox 354 4739 413 4777; x_wconf 93' lang='lat' dir='ltr'>non</span> <span class='ocrx_word' id='word_1_678' title='bbox 446 4739 574 4793; x_wconf 85' lang='lat' dir='ltr'>personae</span> <span class='ocrx_word' id='word_1_679' title='bbox 604 4725 768 4778; x_wconf 87' lang='lat' dir='ltr'>distinxerit</span> <span class='ocrx_word' id='word_1_680' title='bbox 801 4725 952 4778; x_wconf 83' lang='lat' dir='ltr'>unitatem.</span> 
     </span>
     <span class='ocr_line' id='line_1_78' title="bbox 116 4809 953 4882; baseline 0.005 -21"><span class='ocrx_word' id='word_1_681' title='bbox 116 4809 177 4864; x_wconf 87' lang='lat' dir='ltr'>Nam</span> <span class='ocrx_word' id='word_1_682' title='bbox 199 4812 301 4882; x_wconf 90' lang='lat' dir='ltr'>utique</span> <span class='ocrx_word' id='word_1_683' title='bbox 323 4813 479 4866; x_wconf 86' lang='lat' dir='ltr'>seeundum</span> <span class='ocrx_word' id='word_1_684' title='bbox 498 4812 673 4867; x_wconf 88' lang='lat' dir='ltr'>divinitatem</span> <span class='ocrx_word' id='word_1_685' title='bbox 695 4818 735 4867; x_wconf 90' lang='lat' dir='ltr'>est</span> <span class='ocrx_word' id='word_1_686' title='bbox 756 4815 840 4879; x_wconf 90' lang='lat' dir='ltr'>Deus,</span> <span class='ocrx_word' id='word_1_687' title='bbox 861 4819 890 4867; x_wconf 91' lang='lat' dir='ltr'>et</span> <span class='ocrx_word' id='word_1_688' title='bbox 909 4829 953 4866; x_wconf 87' lang='lat' dir='ltr'>se·</span> 
     </span>
     <span class='ocr_line' id='line_1_79' title="bbox 117 4901 953 4958; baseline 0.008 -8"><span class='ocrx_word' id='word_1_689' title='bbox 117 4901 232 4954; x_wconf 87' lang='lat' dir='ltr'>cundum</span> <span class='ocrx_word' id='word_1_690' title='bbox 256 4901 467 4956; x_wconf 84' lang='lat' dir='ltr'>humanitatem</span> <span class='ocrx_word' id='word_1_691' title='bbox 488 4902 576 4956; x_wconf 91' lang='lat' dir='ltr'>bomo</span> <span class='ocrx_word' id='word_1_692' title='bbox 598 4907 640 4956; x_wconf 93' lang='lat' dir='ltr'>est</span> <span class='ocrx_word' id='word_1_693' title='bbox 661 4919 753 4956; x_wconf 89' lang='lat' dir='ltr'>verus.</span> <span class='ocrx_word' id='word_1_694' title='bbox 777 4903 830 4958; x_wconf 89' lang='lat' dir='ltr'>Sed</span> <span class='ocrx_word' id='word_1_695' title='bbox 848 4902 953 4957; x_wconf 89' lang='lat' dir='ltr'>iterum</span> 
     </span>
     <span class='ocr_line' id='line_1_80' title="bbox 118 4984 953 5062; baseline 0.011 -26"><span class='ocrx_word' id='word_1_696' title='bbox 118 4984 195 5042; x_wconf 87' lang='lat' dir='ltr'>libere</span> <span class='ocrx_word' id='word_1_697' title='bbox 210 4995 239 5042; x_wconf 89' lang='lat' dir='ltr'>et</span> <span class='ocrx_word' id='word_1_698' title='bbox 251 4994 417 5044; x_wconf 84' lang='lat' dir='ltr'>constanter</span> <span class='ocrx_word' id='word_1_699' title='bbox 427 4990 566 5060; x_wconf 90' lang='lat' dir='ltr'>protiteor</span> <span class='ocrx_word' id='word_1_700' title='bbox 577 4991 606 5044; x_wconf 93' lang='lat' dir='ltr'>in</span> <span class='ocrx_word' id='word_1_701' title='bbox 619 4995 738 5062; x_wconf 88' lang='lat' dir='ltr'>utraque</span> <span class='ocrx_word' id='word_1_702' title='bbox 749 4997 852 5046; x_wconf 89' lang='lat' dir='ltr'>natura</span> <span class='ocrx_word' id='word_1_703' title='bbox 863 5007 953 5046; x_wconf 90' lang='lat' dir='ltr'>unum</span> 
     </span>
     <span class='ocr_line' id='line_1_81' title="bbox 119 5072 953 5150; baseline 0.008 -23"><span class='ocrx_word' id='word_1_704' title='bbox 119 5072 251 5131; x_wconf 84' lang='lat' dir='ltr'>Christum</span> <span class='ocrx_word' id='word_1_705' title='bbox 271 5077 403 5144; x_wconf 86' lang='lat' dir='ltr'>existere,</span> <span class='ocrx_word' id='word_1_706' title='bbox 421 5082 450 5132; x_wconf 88' lang='lat' dir='ltr'>et</span> <span class='ocrx_word' id='word_1_707' title='bbox 468 5094 559 5133; x_wconf 88' lang='lat' dir='ltr'>uuum</span> <span class='ocrx_word' id='word_1_708' title='bbox 579 5079 681 5134; x_wconf 87' lang='lat' dir='ltr'>Filium</span> <span class='ocrx_word' id='word_1_709' title='bbox 703 5080 852 5150; x_wconf 90' lang='lat' dir='ltr'>proprium</span> <span class='ocrx_word' id='word_1_710' title='bbox 875 5096 953 5147; x_wconf 90' lang='lat' dir='ltr'>esse;</span> 
     </span>
     <span class='ocr_line' id='line_1_82' title="bbox 121 5165 953 5239; baseline 0.01 -24"><span class='ocrx_word' id='word_1_711' title='bbox 121 5175 167 5218; x_wconf 90' lang='lat' dir='ltr'>nou</span> <span class='ocrx_word' id='word_1_712' title='bbox 187 5165 269 5232; x_wconf 91' lang='lat' dir='ltr'>duos,</span> <span class='ocrx_word' id='word_1_713' title='bbox 294 5171 326 5221; x_wconf 89' lang='lat' dir='ltr'>nt</span> <span class='ocrx_word' id='word_1_714' title='bbox 345 5167 423 5221; x_wconf 83' lang='lat' dir='ltr'>visus</span> <span class='ocrx_word' id='word_1_715' title='bbox 447 5171 490 5221; x_wconf 89' lang='lat' dir='ltr'>est</span> <span class='ocrx_word' id='word_1_716' title='bbox 514 5168 671 5239; x_wconf 85' lang='lat' dir='ltr'>Elipaudus</span> <span class='ocrx_word' id='word_1_717' title='bbox 690 5169 842 5224; x_wconf 79' lang='lat' dir='ltr'>haereticus</span> <span class='ocrx_word' id='word_1_718' title='bbox 863 5170 953 5223; x_wconf 92' lang='lat' dir='ltr'>numi·</span> 
     </span>
    </p>
   </div>
   <div class='ocr_carea' id='block_1_14' title="bbox 148 5322 952 5610">
    <p class='ocr_par' dir='ltr' id='par_1_15' title="bbox 148 5322 284 5390">
     <span class='ocr_line' id='line_1_83' title="bbox 148 5322 284 5390; baseline 0.015 -16"><span class='ocrx_word' id='word_1_719' title='bbox 148 5322 201 5375; x_wconf 81' lang='lat' dir='ltr'>²F.</span> <span class='ocrx_word' id='word_1_720' title='bbox 213 5323 284 5390; x_wconf 87' lang='lat' dir='ltr'>jom.</span> 
     </span>
    </p>

    <p class='ocr_par' dir='ltr' id='par_1_16' title="bbox 148 5392 429 5460">
     <span class='ocr_line' id='line_1_84' title="bbox 148 5392 429 5460; baseline 0.011 -14"><span class='ocrx_word' id='word_1_721' title='bbox 148 5392 159 5431; x_wconf 69' lang='lat' dir='ltr'>h</span> <span class='ocrx_word' id='word_1_722' title='bbox 174 5392 202 5447; x_wconf 79' lang='lat' dir='ltr'>F.</span> <span class='ocrx_word' id='word_1_723' title='bbox 217 5393 429 5460; x_wconf 74' lang='lat' dir='ltr'>defendentium.</span> 
     </span>
    </p>

    <p class='ocr_par' dir='ltr' id='par_1_17' title="bbox 149 5463 425 5520">
     <span class='ocr_line' id='line_1_85' title="bbox 149 5463 425 5520; baseline 0.018 -5"><span class='ocrx_word' id='word_1_724' title='bbox 149 5469 158 5493; x_wconf 73' lang='lat'>⁶</span> <span class='ocrx_word' id='word_1_725' title='bbox 172 5463 247 5518; x_wconf 90' lang='lat' dir='ltr'>ldem</span> <span class='ocrx_word' id='word_1_726' title='bbox 264 5480 296 5518; x_wconf 91' lang='lat' dir='ltr'>ac</span> <span class='ocrx_word' id='word_1_727' title='bbox 310 5468 425 5520; x_wconf 72' lang='lat' dir='ltr'>coneris.</span> 
     </span>
    </p>

    <p class='ocr_par' dir='ltr' id='par_1_18' title="bbox 151 5530 952 5610">
     <span class='ocr_line' id='line_1_86' title="bbox 151 5530 952 5610; baseline 0.009 -24"><span class='ocrx_word' id='word_1_728' title='bbox 151 5530 234 5600; x_wconf 70' lang='lat' dir='ltr'>lits,</span> <span class='ocrx_word' id='word_1_729' title='bbox 266 5535 338 5605; x_wconf 87' lang='lat' dir='ltr'>quud</span> <span class='ocrx_word' id='word_1_730' title='bbox 366 5537 509 5594; x_wconf 83' lang='lat' dir='ltr'>noscendo.</span> <span class='ocrx_word' id='word_1_731' title='bbox 540 5538 650 5594; x_wconf 88' lang='lat' dir='ltr'>Nedum</span> <span class='ocrx_word' id='word_1_732' title='bbox 681 5543 776 5593; x_wconf 89' lang='lat' dir='ltr'>autem</span> <span class='ocrx_word' id='word_1_733' title='bbox 802 5540 878 5610; x_wconf 87' lang='lat' dir='ltr'>apud</span> <span class='ocrx_word' id='word_1_734' title='bbox 908 5539 952 5593; x_wconf 92' lang='lat' dir='ltr'>Li·</span> 
     </span>
    </p>
   </div>
   <div class='ocr_carea' id='block_1_15' title="bbox 1007 4363 1857 5061">
    <p class='ocr_par' dir='ltr' id='par_1_19' title="bbox 1007 4363 1857 5061">
     <span class='ocr_line' id='line_1_87' title="bbox 1010 4363 1856 4437; baseline -0.009 -14"><span class='ocrx_word' id='word_1_735' title='bbox 1010 4369 1054 4423; x_wconf 94' lang='lat' dir='ltr'>nis</span> <span class='ocrx_word' id='word_1_736' title='bbox 1072 4369 1168 4434; x_wconf 89' lang='lat' dir='ltr'>verba,</span> <span class='ocrx_word' id='word_1_737' title='bbox 1192 4373 1220 4422; x_wconf 92' lang='lat' dir='ltr'>et</span> <span class='ocrx_word' id='word_1_738' title='bbox 1242 4369 1271 4422; x_wconf 92' lang='lat' dir='ltr'>S.</span> <span class='ocrx_word' id='word_1_739' title='bbox 1297 4367 1462 4437; x_wconf 87' lang='lat' dir='ltr'>Hieronymi</span> <span class='ocrx_word' id='word_1_740' title='bbox 1482 4366 1643 4420; x_wconf 88' lang='lat' dir='ltr'>veneranda</span> <span class='ocrx_word' id='word_1_741' title='bbox 1662 4363 1785 4434; x_wconf 87' lang='lat' dir='ltr'>eloquia,</span> <span class='ocrx_word' id='word_1_742' title='bbox 1806 4378 1856 4417; x_wconf 90' lang='lat' dir='ltr'>seu</span> 
     </span>
     <span class='ocr_line' id='line_1_88' title="bbox 1009 4451 1854 4526; baseline -0.009 -14"><span class='ocrx_word' id='word_1_743' title='bbox 1009 4457 1156 4512; x_wconf 79' lang='lat' dir='ltr'>Athanasii</span> <span class='ocrx_word' id='word_1_744' title='bbox 1180 4457 1312 4526; x_wconf 70' lang='lat' dir='ltr'>praeclari</span> <span class='ocrx_word' id='word_1_745' title='bbox 1336 4456 1507 4510; x_wconf 88' lang='lat' dir='ltr'>sententiam</span> <span class='ocrx_word' id='word_1_746' title='bbox 1533 4454 1582 4509; x_wconf 90' lang='lat' dir='ltr'>diu</span> <span class='ocrx_word' id='word_1_747' title='bbox 1602 4470 1634 4508; x_wconf 89' lang='lat' dir='ltr'>ac</span> <span class='ocrx_word' id='word_1_748' title='bbox 1652 4453 1725 4508; x_wconf 90' lang='lat' dir='ltr'>bene</span> <span class='ocrx_word' id='word_1_749' title='bbox 1744 4451 1854 4518; x_wconf 88' lang='lat' dir='ltr'>rimavi,</span> 
     </span>
     <span class='ocr_line' id='line_1_89' title="bbox 1009 4541 1855 4610; baseline -0.006 -9"><span class='ocrx_word' id='word_1_750' title='bbox 1009 4552 1038 4601; x_wconf 90' lang='lat' dir='ltr'>et</span> <span class='ocrx_word' id='word_1_751' title='bbox 1060 4552 1118 4600; x_wconf 91' lang='lat' dir='ltr'>tota</span> <span class='ocrx_word' id='word_1_752' title='bbox 1142 4545 1213 4600; x_wconf 91' lang='lat' dir='ltr'>mihi</span> <span class='ocrx_word' id='word_1_753' title='bbox 1237 4562 1294 4599; x_wconf 87' lang='lat' dir='ltr'>non</span> <span class='ocrx_word' id='word_1_754' title='bbox 1318 4545 1475 4610; x_wconf 87' lang='lat' dir='ltr'>adversata,</span> <span class='ocrx_word' id='word_1_755' title='bbox 1502 4544 1550 4598; x_wconf 89' lang='lat' dir='ltr'>sed</span> <span class='ocrx_word' id='word_1_756' title='bbox 1574 4545 1765 4597; x_wconf 90' lang='lat' dir='ltr'>consentanea</span> <span class='ocrx_word' id='word_1_757' title='bbox 1787 4541 1855 4596; x_wconf 91' lang='lat' dir='ltr'>vidi.</span> 
     </span>
     <span class='ocr_line' id='line_1_90' title="bbox 1009 4631 1855 4705; baseline -0.004 -17"><span class='ocrx_word' id='word_1_758' title='bbox 1009 4636 1081 4700; x_wconf 85' lang='lat' dir='ltr'>Quia</span> <span class='ocrx_word' id='word_1_759' title='bbox 1099 4651 1158 4689; x_wconf 74' lang='lat' dir='ltr'>utin</span> <span class='ocrx_word' id='word_1_760' title='bbox 1177 4651 1229 4703; x_wconf 88' lang='lat' dir='ltr'>pro</span> <span class='ocrx_word' id='word_1_761' title='bbox 1244 4651 1368 4705; x_wconf 88' lang='lat' dir='ltr'>persona</span> <span class='ocrx_word' id='word_1_762' title='bbox 1383 4633 1495 4689; x_wconf 87' lang='lat' dir='ltr'>Christi.</span> <span class='ocrx_word' id='word_1_763' title='bbox 1513 4649 1578 4703; x_wconf 84' lang='lat' dir='ltr'>quae</span> <span class='ocrx_word' id='word_1_764' title='bbox 1596 4648 1662 4699; x_wconf 88' lang='lat' dir='ltr'>una,</span> <span class='ocrx_word' id='word_1_765' title='bbox 1680 4636 1720 4686; x_wconf 90' lang='lat' dir='ltr'>est</span> <span class='ocrx_word' id='word_1_766' title='bbox 1735 4631 1855 4695; x_wconf 87' lang='lat' dir='ltr'>dictum,</span> 
     </span>
     <span class='ocr_line' id='line_1_91' title="bbox 1008 4720 1857 4795; baseline -0.007 -16"><span class='ocrx_word' id='word_1_767' title='bbox 1008 4725 1056 4779; x_wconf 90' lang='lat' dir='ltr'>sed</span> <span class='ocrx_word' id='word_1_768' title='bbox 1077 4741 1128 4795; x_wconf 92' lang='lat' dir='ltr'>pro</span> <span class='ocrx_word' id='word_1_769' title='bbox 1148 4727 1345 4777; x_wconf 77' lang='lat' dir='ltr'>naturarum⁸</span> <span class='ocrx_word' id='word_1_770' title='bbox 1368 4723 1553 4793; x_wconf 88' lang='lat' dir='ltr'>proprietate,</span> <span class='ocrx_word' id='word_1_771' title='bbox 1580 4738 1645 4793; x_wconf 86' lang='lat' dir='ltr'>quae</span> <span class='ocrx_word' id='word_1_772' title='bbox 1669 4720 1698 4775; x_wconf 94' lang='lat' dir='ltr'>in</span> <span class='ocrx_word' id='word_1_773' title='bbox 1725 4739 1759 4775; x_wconf 92' lang='lat' dir='ltr'>eo</span> <span class='ocrx_word' id='word_1_774' title='bbox 1780 4721 1857 4774; x_wconf 77' lang='lat' dir='ltr'>binas</span> 
     </span>
     <span class='ocr_line' id='line_1_92' title="bbox 1009 4809 1855 4883; baseline -0.005 -17"><span class='ocrx_word' id='word_1_775' title='bbox 1009 4819 1084 4883; x_wconf 92' lang='lat' dir='ltr'>suut,</span> <span class='ocrx_word' id='word_1_776' title='bbox 1100 4814 1220 4883; x_wconf 86' lang='lat' dir='ltr'>cognovi</span> <span class='ocrx_word' id='word_1_777' title='bbox 1236 4813 1391 4882; x_wconf 88' lang='lat' dir='ltr'>digestum.</span> <span class='ocrx_word' id='word_1_778' title='bbox 1415 4813 1530 4865; x_wconf 83' lang='lat' dir='ltr'>Beatum</span> <span class='ocrx_word' id='word_1_779' title='bbox 1549 4812 1730 4866; x_wconf 78' lang='lat' dir='ltr'>Ambrosium</span> <span class='ocrx_word' id='word_1_780' title='bbox 1750 4809 1855 4864; x_wconf 90' lang='lat' dir='ltr'>identi-</span> 
     </span>
     <span class='ocr_line' id='line_1_93' title="bbox 1007 4896 1856 4971; baseline -0.011 -15"><span class='ocrx_word' id='word_1_781' title='bbox 1007 4902 1072 4956; x_wconf 91' lang='lat' dir='ltr'>dem</span> <span class='ocrx_word' id='word_1_782' title='bbox 1089 4901 1158 4956; x_wconf 88' lang='lat' dir='ltr'>talia</span> <span class='ocrx_word' id='word_1_783' title='bbox 1172 4905 1353 4970; x_wconf 89' lang='lat' dir='ltr'>prosecutum</span> <span class='ocrx_word' id='word_1_784' title='bbox 1372 4900 1515 4971; x_wconf 86' lang='lat' dir='ltr'>producis,</span> <span class='ocrx_word' id='word_1_785' title='bbox 1531 4906 1558 4953; x_wconf 92' lang='lat' dir='ltr'>et</span> <span class='ocrx_word' id='word_1_786' title='bbox 1572 4907 1671 4954; x_wconf 88' lang='lat' dir='ltr'>contra</span> <span class='ocrx_word' id='word_1_787' title='bbox 1686 4896 1856 4968; x_wconf 78' lang='lat' dir='ltr'>Appolliua-</span> 
     </span>
     <span class='ocr_line' id='line_1_94' title="bbox 1008 4986 1853 5061; baseline -0.009 -16"><span class='ocrx_word' id='word_1_788' title='bbox 1008 4992 1091 5045; x_wconf 81' lang='lat' dir='ltr'>rictas</span> <span class='ocrx_word' id='word_1_789' title='bbox 1113 4991 1306 5045; x_wconf 84' lang='lat' dir='ltr'>decertantem</span> <span class='ocrx_word' id='word_1_790' title='bbox 1328 4990 1467 5061; x_wconf 86' lang='lat' dir='ltr'>injungis,</span> <span class='ocrx_word' id='word_1_791' title='bbox 1489 4989 1570 5059; x_wconf 90' lang='lat' dir='ltr'>quasi</span> <span class='ocrx_word' id='word_1_792' title='bbox 1593 5005 1646 5060; x_wconf 90' lang='lat' dir='ltr'>ego</span> <span class='ocrx_word' id='word_1_793' title='bbox 1665 4986 1853 5052; x_wconf 90' lang='lat' dir='ltr'>divinitatem,</span> 
     </span>
    </p>
   </div>
   <div class='ocr_carea' id='block_1_16' title="bbox 1007 5071 1948 5146">
    <p class='ocr_par' dir='ltr' id='par_1_20' title="bbox 1007 5071 1948 5146">
     <span class='ocr_line' id='line_1_95' title="bbox 1007 5071 1948 5146; baseline -0.011 -10"><span class='ocrx_word' id='word_1_794' title='bbox 1007 5087 1037 5136; x_wconf 90' lang='lat' dir='ltr'>et</span> <span class='ocrx_word' id='word_1_795' title='bbox 1060 5094 1173 5133; x_wconf 89' lang='lat' dir='ltr'>carnem</span> <span class='ocrx_word' id='word_1_796' title='bbox 1199 5079 1285 5132; x_wconf 91' lang='lat' dir='ltr'>uuius</span> <span class='ocrx_word' id='word_1_797' title='bbox 1308 5079 1474 5133; x_wconf 82' lang='lat' dir='ltr'>substantiae</span> <span class='ocrx_word' id='word_1_798' title='bbox 1491 5078 1595 5143; x_wconf 87' lang='lat' dir='ltr'>dicam,</span> <span class='ocrx_word' id='word_1_799' title='bbox 1613 5083 1641 5131; x_wconf 93' lang='lat' dir='ltr'>et</span> <span class='ocrx_word' id='word_1_800' title='bbox 1657 5073 1763 5146; x_wconf 90' lang='lat' dir='ltr'>apertis</span> <span class='ocrx_word' id='word_1_801' title='bbox 1780 5072 1856 5127; x_wconf 89' lang='lat' dir='ltr'>voci·</span> <span class='ocrx_word' id='word_1_802' title='bbox 1944 5071 1948 5084; x_wconf 94' lang='lat'>&#39;</span> 
     </span>
    </p>
   </div>
   <div class='ocr_carea' id='block_1_17' title="bbox 1006 5162 1856 5238">
    <p class='ocr_par' dir='ltr' id='par_1_21' title="bbox 1006 5162 1856 5238">
     <span class='ocr_line' id='line_1_96' title="bbox 1006 5162 1856 5238; baseline -0.008 -15"><span class='ocrx_word' id='word_1_803' title='bbox 1006 5170 1060 5224; x_wconf 88' lang='lat' dir='ltr'>bus</span> <span class='ocrx_word' id='word_1_804' title='bbox 1081 5170 1151 5223; x_wconf 89' lang='lat' dir='ltr'>duas</span> <span class='ocrx_word' id='word_1_805' title='bbox 1173 5168 1202 5222; x_wconf 94' lang='lat' dir='ltr'>in</span> <span class='ocrx_word' id='word_1_806' title='bbox 1228 5184 1261 5223; x_wconf 90' lang='lat' dir='ltr'>eo</span> <span class='ocrx_word' id='word_1_807' title='bbox 1284 5175 1400 5224; x_wconf 86' lang='lat' dir='ltr'>naturas</span> <span class='ocrx_word' id='word_1_808' title='bbox 1425 5168 1599 5238; x_wconf 89' lang='lat' dir='ltr'>distinguam</span> <span class='ocrx_word' id='word_1_809' title='bbox 1621 5165 1637 5221; x_wconf 70' lang='lat' dir='ltr'>f.</span> <span class='ocrx_word' id='word_1_810' title='bbox 1665 5163 1754 5219; x_wconf 89' lang='lat' dir='ltr'>Dilnis</span> <span class='ocrx_word' id='word_1_811' title='bbox 1779 5162 1856 5234; x_wconf 90' lang='lat' dir='ltr'>quud</span> 
     </span>
    </p>
   </div>
   <div class='ocr_carea' id='block_1_18' title="bbox 1006 5322 1854 5611">
    <p class='ocr_par' dir='ltr' id='par_1_22' title="bbox 1006 5322 1854 5611">
     <span class='ocr_line' id='line_1_97' title="bbox 1007 5322 1854 5398; baseline -0.008 -17"><span class='ocrx_word' id='word_1_812' title='bbox 1007 5326 1176 5392; x_wconf 89' lang='lat' dir='ltr'>banensem,</span> <span class='ocrx_word' id='word_1_813' title='bbox 1198 5327 1247 5382; x_wconf 92' lang='lat' dir='ltr'>sed</span> <span class='ocrx_word' id='word_1_814' title='bbox 1267 5343 1353 5398; x_wconf 87' lang='lat' dir='ltr'>supra</span> <span class='ocrx_word' id='word_1_815' title='bbox 1375 5325 1460 5396; x_wconf 87' lang='lat' dir='ltr'>Epist.</span> <span class='ocrx_word' id='word_1_816' title='bbox 1480 5342 1497 5391; x_wconf 88' lang='lat' dir='ltr'>t,</span> <span class='ocrx_word' id='word_1_817' title='bbox 1514 5340 1542 5378; x_wconf 86' lang='lat' dir='ltr'>n.</span> <span class='ocrx_word' id='word_1_818' title='bbox 1568 5329 1592 5390; x_wconf 83' lang='lat'>5,</span> <span class='ocrx_word' id='word_1_819' title='bbox 1609 5322 1733 5394; x_wconf 87' lang='lat' dir='ltr'>legimus</span> <span class='ocrx_word' id='word_1_820' title='bbox 1755 5336 1854 5380; x_wconf 84' lang='lat' dir='ltr'>couno·</span> 
     </span>
     <span class='ocr_line' id='line_1_98' title="bbox 1006 5399 1447 5539; baseline -0.011 -16"><span class='ocrx_word' id='word_1_821' title='bbox 1006 5399 1129 5532; x_wconf 38' lang='lat' dir='ltr'>scepqtpsq</span> <span class='ocrx_word' id='word_1_822' title='bbox 1146 5485 1195 5539; x_wconf 87' lang='lat' dir='ltr'>pro</span> <span class='ocrx_word' id='word_1_823' title='bbox 1211 5485 1259 5534; x_wconf 84' lang='lat' dir='ltr'>per</span> <span class='ocrx_word' id='word_1_824' title='bbox 1273 5473 1447 5523; x_wconf 83' lang='lat' dir='ltr'>naturarum.</span> 
     </span>
     <span class='ocr_line' id='line_1_99' title="bbox 1044 5537 1537 5611; baseline -0.004 -16"><span class='ocrx_word' id='word_1_825' title='bbox 1044 5538 1052 5574; x_wconf 72' lang='lat' dir='ltr'><strong>f</strong></span> <span class='ocrx_word' id='word_1_826' title='bbox 1069 5541 1135 5611; x_wconf 87' lang='lat' dir='ltr'>Leg.</span> <span class='ocrx_word' id='word_1_827' title='bbox 1153 5544 1268 5594; x_wconf 84' lang='lat' dir='ltr'>naturus</span> <span class='ocrx_word' id='word_1_828' title='bbox 1284 5555 1341 5592; x_wconf 88' lang='lat' dir='ltr'>nou</span> <span class='ocrx_word' id='word_1_829' title='bbox 1357 5537 1537 5603; x_wconf 80' lang='lat' dir='ltr'>distinpuum.</span> 
     </span>
    </p>
   </div>
   <div class='ocr_carea' id='block_1_19' title="bbox 0 0 1977 6098">
    <p class='ocr_par' dir='ltr' id='par_1_23' title="bbox 0 0 1977 6098">
     <span class='ocr_line' id='line_1_100' title="bbox 0 0 1977 6098; baseline 0 0"><span class='ocrx_word' id='word_1_830' title='bbox 0 0 1977 6098; x_wconf 95' lang='lat' dir='ltr'> </span> 
     </span>
    </p>
   </div>
  </div>
 </body>
</html>
