<?xml version="1.0" encoding="UTF-8"?>
<!DOCTYPE html PUBLIC "-//W3C//DTD XHTML 1.0 Transitional//EN"
    "http://www.w3.org/TR/xhtml1/DTD/xhtml1-transitional.dtd">
<html xmlns="http://www.w3.org/1999/xhtml" xml:lang="en" lang="en">
 <head>
  <title>
</title>
<meta http-equiv="Content-Type" content="text/html;charset=utf-8" />
  <meta name='ocr-system' content='tesseract 3.04.00' />
  <meta name='ocr-capabilities' content='ocr_page ocr_carea ocr_par ocr_line ocrx_word'/>
</head>
<body>
  <div class='ocr_page' id='page_1' title='image "./patrologiaecurs04unkngoog_0067.png"; bbox 0 0 3930 6098; ppageno 0'>
   <div class='ocr_carea' id='block_1_1' title="bbox 179 435 228 493">
    <p class='ocr_par' dir='ltr' id='par_1_1' title="bbox 179 435 228 493">
     <span class='ocr_line' id='line_1_1' title="bbox 179 435 228 493; baseline 0.041 -2"><span class='ocrx_word' id='word_1_1' title='bbox 179 435 228 493; x_wconf 75' lang='lat'><strong>123</strong></span> 
     </span>
    </p>
   </div>
   <div class='ocr_carea' id='block_1_2' title="bbox 741 420 1921 485">
    <p class='ocr_par' dir='ltr' id='par_1_2' title="bbox 741 420 1921 485">
     <span class='ocr_line' id='line_1_2' title="bbox 741 420 1921 485; baseline -0.002 -1"><span class='ocrx_word' id='word_1_2' title='bbox 741 427 919 485; x_wconf 74' lang='lat' dir='ltr'><strong>mt&#39;lhuslrtt</strong></span> <span class='ocrx_word' id='word_1_3' title='bbox 937 424 1167 485; x_wconf 75' lang='lat' dir='ltr'><strong>CORBEIENSIS</strong></span> <span class='ocrx_word' id='word_1_4' title='bbox 1185 420 1340 480; x_wconf 76' lang='lat' dir='ltr'><strong>sourcut</strong></span> <span class='ocrx_word' id='word_1_5' title='bbox 1874 430 1921 482; x_wconf 72' lang='lat' dir='ltr'><strong>t&#39;tt</strong></span> 
     </span>
    </p>
   </div>
   <div class='ocr_carea' id='block_1_3' title="bbox 175 551 1923 636">
    <p class='ocr_par' dir='ltr' id='par_1_3' title="bbox 175 551 1923 636">
     <span class='ocr_line' id='line_1_3' title="bbox 175 551 1923 636; baseline -0.002 -18"><span class='ocrx_word' id='word_1_6' title='bbox 175 566 200 618; x_wconf 77' lang='lat' dir='ltr'><strong>ta</strong></span> <span class='ocrx_word' id='word_1_7' title='bbox 215 562 455 636; x_wconf 63' lang='lat' dir='ltr'><strong>abepouhanim</strong></span> <span class='ocrx_word' id='word_1_8' title='bbox 468 560 579 616; x_wconf 91' lang='lat' dir='ltr'><strong>dubitat</strong></span> <span class='ocrx_word' id='word_1_9' title='bbox 589 559 660 632; x_wconf 90' lang='lat' dir='ltr'><strong>quin</strong></span> <span class='ocrx_word' id='word_1_10' title='bbox 673 558 719 614; x_wconf 90' lang='lat' dir='ltr'><strong>hic</strong></span> <span class='ocrx_word' id='word_1_11' title='bbox 730 556 1057 629; x_wconf 77' lang='lat' dir='ltr'><strong>sitsensusgenuinush</strong></span> <span class='ocrx_word' id='word_1_12' title='bbox 1114 554 1170 608; x_wconf 87' lang='lat' dir='ltr'><strong>Nec</strong></span> <span class='ocrx_word' id='word_1_13' title='bbox 1186 551 1335 609; x_wconf 89' lang='lat' dir='ltr'><strong>dubitandi</strong></span> <span class='ocrx_word' id='word_1_14' title='bbox 1351 551 1430 607; x_wconf 87' lang='lat' dir='ltr'><strong>locus</strong></span> <span class='ocrx_word' id='word_1_15' title='bbox 1454 553 1570 609; x_wconf 90' lang='lat' dir='ltr'><strong>relictus</strong></span> <span class='ocrx_word' id='word_1_16' title='bbox 1594 559 1636 610; x_wconf 89' lang='lat' dir='ltr'><strong>est</strong></span> <span class='ocrx_word' id='word_1_17' title='bbox 1659 554 1730 627; x_wconf 89' lang='lat' dir='ltr'><strong>quin</strong></span> <span class='ocrx_word' id='word_1_18' title='bbox 1758 556 1881 614; x_wconf 75' lang='lat' dir='ltr'><strong>libenter</strong></span> <span class='ocrx_word' id='word_1_19' title='bbox 1896 576 1923 626; x_wconf 74' lang='lat' dir='ltr'><strong>ec</strong></span> 
     </span>
    </p>
   </div>
   <div class='ocr_carea' id='block_1_4' title="bbox 154 646 1024 1868">
    <p class='ocr_par' dir='ltr' id='par_1_4' title="bbox 154 646 1024 1868">
     <span class='ocr_line' id='line_1_4' title="bbox 154 646 1022 718; baseline -0.013 -8"><span class='ocrx_word' id='word_1_20' title='bbox 154 696 156 700; x_wconf 13' lang='grc' dir='ltr'>μ</span> <span class='ocrx_word' id='word_1_21' title='bbox 175 652 317 710; x_wconf 71' lang='lat' dir='ltr'><strong>anastasii</strong></span> <span class='ocrx_word' id='word_1_22' title='bbox 329 651 399 717; x_wconf 83' lang='lat' dir='ltr'><strong>etin</strong></span> <span class='ocrx_word' id='word_1_23' title='bbox 412 651 544 705; x_wconf 75' lang='lat' dir='ltr'>suasione</span> <span class='ocrx_word' id='word_1_24' title='bbox 556 646 770 718; x_wconf 88' lang='lat' dir='ltr'><strong>lueritiudiguc</strong></span> <span class='ocrx_word' id='word_1_25' title='bbox 781 646 1022 717; x_wconf 87' lang='lat' dir='ltr'><strong>suscipientcsho·</strong></span> 
     </span>
     <span class='ocr_line' id='line_1_5' title="bbox 176 734 1022 812; baseline -0.011 -15"><span class='ocrx_word' id='word_1_26' title='bbox 176 743 268 797; x_wconf 90' lang='lat' dir='ltr'><strong>mines</strong></span> <span class='ocrx_word' id='word_1_27' title='bbox 283 758 383 812; x_wconf 86' lang='lat' dir='ltr'><strong>pravos</strong></span> <span class='ocrx_word' id='word_1_28' title='bbox 394 736 630 794; x_wconf 82' lang='lat' dir='ltr'><strong>communionem</strong></span> <span class='ocrx_word' id='word_1_29' title='bbox 645 735 775 807; x_wconf 91' lang='lat' dir='ltr'><strong>corporis</strong></span> <span class='ocrx_word' id='word_1_30' title='bbox 786 734 890 791; x_wconf 76' lang='lat' dir='ltr'>Christi</span> <span class='ocrx_word' id='word_1_31' title='bbox 905 750 1022 789; x_wconf 87' lang='lat' dir='ltr'><strong>carnem</strong></span> 
     </span>
     <span class='ocr_line' id='line_1_6' title="bbox 176 823 1022 901; baseline -0.008 -18"><span class='ocrx_word' id='word_1_32' title='bbox 176 847 273 886; x_wconf 90' lang='lat' dir='ltr'><strong>veram</strong></span> <span class='ocrx_word' id='word_1_33' title='bbox 282 835 311 884; x_wconf 90' lang='lat' dir='ltr'><strong>et</strong></span> <span class='ocrx_word' id='word_1_34' title='bbox 321 826 651 901; x_wconf 71' lang='lat' dir='ltr'><strong>sanguinemsverumore</strong></span> <span class='ocrx_word' id='word_1_35' title='bbox 659 824 806 896; x_wconf 70' lang='lat' dir='ltr'>percipere</span> <span class='ocrx_word' id='word_1_36' title='bbox 819 840 825 877; x_wconf 91' lang='lat'>:</span> <span class='ocrx_word' id='word_1_37' title='bbox 838 823 1022 895; x_wconf 73' lang='lat' dir='ltr'><strong>quippenam</strong></span> 
     </span>
     <span class='ocr_line' id='line_1_7' title="bbox 175 911 1022 984; baseline -0.011 -11"><span class='ocrx_word' id='word_1_38' title='bbox 175 919 312 973; x_wconf 89' lang='lat' dir='ltr'><strong>anteriori</strong></span> <span class='ocrx_word' id='word_1_39' title='bbox 327 917 395 972; x_wconf 90' lang='lat' dir='ltr'><strong>dicti</strong></span> <span class='ocrx_word' id='word_1_40' title='bbox 410 915 476 971; x_wconf 90' lang='lat' dir='ltr'><strong>hbri</strong></span> <span class='ocrx_word' id='word_1_41' title='bbox 491 915 560 970; x_wconf 83' lang='lat' dir='ltr'><strong>tolio</strong></span> <span class='ocrx_word' id='word_1_42' title='bbox 574 914 695 984; x_wconf 90' lang='lat' dir='ltr'><strong>indigne</strong></span> <span class='ocrx_word' id='word_1_43' title='bbox 715 913 884 983; x_wconf 81' lang='lat' dir='ltr'>recipientes</span> <span class='ocrx_word' id='word_1_44' title='bbox 899 930 916 966; x_wconf 88' lang='lat' dir='ltr'><strong>a</strong></span> <span class='ocrx_word' id='word_1_45' title='bbox 935 911 1022 983; x_wconf 89' lang='lat' dir='ltr'><strong>digna</strong></span> 
     </span>
     <span class='ocr_line' id='line_1_8' title="bbox 176 1001 1022 1078; baseline -0.007 -16"><span class='ocrx_word' id='word_1_46' title='bbox 176 1001 1022 1078; x_wconf 87' lang='lat' dir='ltr'><strong>recipientibusiueodistinguatetdiscriminetquoddigne</strong></span> 
     </span>
     <span class='ocr_line' id='line_1_9' title="bbox 175 1089 1022 1165; baseline -0.007 -14"><span class='ocrx_word' id='word_1_47' title='bbox 175 1095 344 1165; x_wconf 72' lang='lat' dir='ltr'><strong>recipientes</strong></span> <span class='ocrx_word' id='word_1_48' title='bbox 356 1093 386 1147; x_wconf 93' lang='lat' dir='ltr'><strong>iu</strong></span> <span class='ocrx_word' id='word_1_49' title='bbox 401 1098 541 1146; x_wconf 87' lang='lat' dir='ltr'><strong>eternum</strong></span> <span class='ocrx_word' id='word_1_50' title='bbox 563 1107 620 1145; x_wconf 92' lang='lat' dir='ltr'><strong>noa</strong></span> <span class='ocrx_word' id='word_1_51' title='bbox 636 1090 803 1154; x_wconf 89' lang='lat' dir='ltr'><strong>moriantur,</strong></span> <span class='ocrx_word' id='word_1_52' title='bbox 821 1089 869 1144; x_wconf 90' lang='lat' dir='ltr'><strong>alii</strong></span> <span class='ocrx_word' id='word_1_53' title='bbox 885 1105 950 1144; x_wconf 87' lang='lat' dir='ltr'><strong>vero</strong></span> <span class='ocrx_word' id='word_1_54' title='bbox 964 1089 1022 1145; x_wconf 86' lang='lat' dir='ltr'><strong>sive</strong></span> 
     </span>
     <span class='ocr_line' id='line_1_10' title="bbox 177 1177 1020 1251; baseline -0.007 -15"><span class='ocrx_word' id='word_1_55' title='bbox 177 1182 255 1246; x_wconf 89' lang='lat' dir='ltr'><strong>mali,</strong></span> <span class='ocrx_word' id='word_1_56' title='bbox 271 1179 383 1251; x_wconf 87' lang='lat' dir='ltr'><strong>impiati</strong></span> <span class='ocrx_word' id='word_1_57' title='bbox 398 1196 430 1234; x_wconf 90' lang='lat' dir='ltr'><strong>ac</strong></span> <span class='ocrx_word' id='word_1_58' title='bbox 450 1178 618 1235; x_wconf 84' lang='lat' dir='ltr'><strong>criminibus</strong></span> <span class='ocrx_word' id='word_1_59' title='bbox 640 1177 796 1248; x_wconf 89' lang='lat' dir='ltr'><strong>inquinati,</strong></span> <span class='ocrx_word' id='word_1_60' title='bbox 813 1183 842 1233; x_wconf 86' lang='lat' dir='ltr'><strong>et</strong></span> <span class='ocrx_word' id='word_1_61' title='bbox 860 1181 1020 1244; x_wconf 71' lang='lat' dir='ltr'><strong>terrestres,</strong></span> 
     </span>
     <span class='ocr_line' id='line_1_11' title="bbox 176 1265 1021 1337; baseline -0.008 -12"><span class='ocrx_word' id='word_1_62' title='bbox 176 1269 266 1325; x_wconf 86' lang='lat' dir='ltr'><strong>solnm</strong></span> <span class='ocrx_word' id='word_1_63' title='bbox 280 1284 396 1323; x_wconf 85' lang='lat' dir='ltr'><strong>carnem</strong></span> <span class='ocrx_word' id='word_1_64' title='bbox 421 1272 585 1322; x_wconf 73' lang='lat' dir='ltr'><strong>terrestrem</strong></span> <span class='ocrx_word' id='word_1_65' title='bbox 609 1272 639 1322; x_wconf 89' lang='lat' dir='ltr'><strong>et</strong></span> <span class='ocrx_word' id='word_1_66' title='bbox 661 1267 831 1337; x_wconf 86' lang='lat' dir='ltr'><strong>sanguinem</strong></span> <span class='ocrx_word' id='word_1_67' title='bbox 856 1265 960 1322; x_wconf 85' lang='lat' dir='ltr'><strong>Christi</strong></span> <span class='ocrx_word' id='word_1_68' title='bbox 975 1282 1021 1319; x_wconf 88' lang='lat' dir='ltr'><strong>sn-</strong></span> 
     </span>
     <span class='ocr_line' id='line_1_12' title="bbox 176 1347 1022 1429; baseline -0.008 -17"><span class='ocrx_word' id='word_1_69' title='bbox 176 1358 297 1429; x_wconf 84' lang='lat' dir='ltr'><strong>scipicnt</strong></span> <span class='ocrx_word' id='word_1_70' title='bbox 321 1373 328 1411; x_wconf 88' lang='lat'>:</span> <span class='ocrx_word' id='word_1_71' title='bbox 358 1358 391 1408; x_wconf 88' lang='lat' dir='ltr'><strong>Oi</strong></span> <span class='ocrx_word' id='word_1_72' title='bbox 417 1352 446 1408; x_wconf 71' lang='grc' dir='ltr'><strong>δὲ</strong></span> <span class='ocrx_word' id='word_1_73' title='bbox 470 1358 548 1427; x_wconf 69' lang='lat' dir='ltr'><strong>privat</strong></span> <span class='ocrx_word' id='word_1_74' title='bbox 571 1359 615 1407; x_wconf 78' lang='lat' dir='ltr'><strong>eat</strong></span> <span class='ocrx_word' id='word_1_75' title='bbox 638 1356 671 1407; x_wconf 79' lang='grc' dir='ltr'><strong>τὰ</strong></span> <span class='ocrx_word' id='word_1_76' title='bbox 696 1347 773 1425; x_wconf 62' lang='lat' dir='ltr'><strong>put-iar</strong></span> <span class='ocrx_word' id='word_1_77' title='bbox 797 1362 952 1429; x_wconf 68' lang='lat' dir='ltr'><strong>ppoaordrsq,</strong></span> <span class='ocrx_word' id='word_1_78' title='bbox 976 1362 1022 1415; x_wconf 83' lang='grc' dir='ltr'><strong>τῆς</strong></span> 
     </span>
     <span class='ocr_line' id='line_1_13' title="bbox 175 1441 1024 1518; baseline -0.006 -20"><span class='ocrx_word' id='word_1_79' title='bbox 175 1448 266 1517; x_wconf 69' lang='lat' dir='ltr'><strong>peirac</strong></span> <span class='ocrx_word' id='word_1_80' title='bbox 289 1450 342 1518; x_wconf 79' lang='grc' dir='ltr'><strong>μίν,</strong></span> <span class='ocrx_word' id='word_1_81' title='bbox 368 1449 412 1496; x_wconf 78' lang='grc' dir='ltr'><strong>καὶ</strong></span> <span class='ocrx_word' id='word_1_82' title='bbox 428 1449 507 1517; x_wconf 81' lang='grc' dir='ltr'><strong>μόνης</strong></span> <span class='ocrx_word' id='word_1_83' title='bbox 529 1447 624 1517; x_wconf 79' lang='grc' dir='ltr'>σαρκὸς</span> <span class='ocrx_word' id='word_1_84' title='bbox 647 1450 692 1495; x_wconf 76' lang='grc' dir='ltr'><strong>τοῦ</strong></span> <span class='ocrx_word' id='word_1_85' title='bbox 716 1448 832 1517; x_wconf 74' lang='grc' dir='ltr'><strong>Χριστοῦ</strong></span> <span class='ocrx_word' id='word_1_86' title='bbox 852 1441 1024 1514; x_wconf 52' lang='lat' dir='ltr'><strong>persimplici·</strong></span> 
     </span>
     <span class='ocr_line' id='line_1_14' title="bbox 175 1530 1023 1607; baseline -0.001 -21"><span class='ocrx_word' id='word_1_87' title='bbox 175 1553 263 1586; x_wconf 82' lang='grc' dir='ltr'><strong>νουσιν</strong></span> <span class='ocrx_word' id='word_1_88' title='bbox 277 1532 412 1607; x_wconf 73' lang='grc' dir='ltr'><strong>τολμηρῶς</strong></span> <span class='ocrx_word' id='word_1_89' title='bbox 425 1537 468 1584; x_wconf 74' lang='lat' dir='ltr'><strong>arai</strong></span> <span class='ocrx_word' id='word_1_90' title='bbox 483 1530 602 1594; x_wconf 81' lang='grc' dir='ltr'><strong>ἀναξίώς.</strong></span> <span class='ocrx_word' id='word_1_91' title='bbox 621 1552 633 1582; x_wconf 79' lang='lat' dir='ltr'><strong>c</strong></span> <span class='ocrx_word' id='word_1_92' title='bbox 649 1531 703 1596; x_wconf 84' lang='lat' dir='ltr'><strong>Qui</strong></span> <span class='ocrx_word' id='word_1_93' title='bbox 723 1548 788 1585; x_wconf 82' lang='lat' dir='ltr'><strong>vero</strong></span> <span class='ocrx_word' id='word_1_94' title='bbox 804 1532 909 1586; x_wconf 74' lang='lat' dir='ltr'><strong>terreni</strong></span> <span class='ocrx_word' id='word_1_95' title='bbox 925 1537 952 1585; x_wconf 80' lang='lat' dir='ltr'><strong>ei</strong></span> <span class='ocrx_word' id='word_1_96' title='bbox 967 1536 1023 1586; x_wconf 83' lang='lat' dir='ltr'><strong>ier·</strong></span> 
     </span>
     <span class='ocr_line' id='line_1_15' title="bbox 175 1619 1024 1693; baseline -0.002 -15"><span class='ocrx_word' id='word_1_97' title='bbox 175 1638 245 1678; x_wconf 86' lang='lat' dir='ltr'><strong>rana</strong></span> <span class='ocrx_word' id='word_1_98' title='bbox 259 1622 402 1693; x_wconf 88' lang='lat' dir='ltr'><strong>sapientes</strong></span> <span class='ocrx_word' id='word_1_99' title='bbox 425 1620 569 1693; x_wconf 89' lang='lat' dir='ltr'><strong>rccipiunt</strong></span> <span class='ocrx_word' id='word_1_100' title='bbox 589 1621 725 1675; x_wconf 89' lang='lat' dir='ltr'><strong>audacter</strong></span> <span class='ocrx_word' id='word_1_101' title='bbox 748 1623 776 1673; x_wconf 89' lang='lat' dir='ltr'><strong>et</strong></span> <span class='ocrx_word' id='word_1_102' title='bbox 800 1619 918 1690; x_wconf 89' lang='lat' dir='ltr'><strong>indigne</strong></span> <span class='ocrx_word' id='word_1_103' title='bbox 932 1621 1024 1676; x_wconf 90' lang='lat' dir='ltr'><strong>solam</strong></span> 
     </span>
     <span class='ocr_line' id='line_1_16' title="bbox 175 1707 1023 1779; baseline -0.005 -13"><span class='ocrx_word' id='word_1_104' title='bbox 175 1725 291 1766; x_wconf 87' lang='lat' dir='ltr'><strong>carnem</strong></span> <span class='ocrx_word' id='word_1_105' title='bbox 320 1714 484 1764; x_wconf 86' lang='lat' dir='ltr'><strong>terrestrem</strong></span> <span class='ocrx_word' id='word_1_106' title='bbox 511 1707 656 1764; x_wconf 84' lang='lat' dir='ltr'><strong>Christi.»</strong></span> <span class='ocrx_word' id='word_1_107' title='bbox 689 1708 818 1763; x_wconf 81' lang='lat' dir='ltr'><strong>Fortasse</strong></span> <span class='ocrx_word' id='word_1_108' title='bbox 848 1707 1023 1779; x_wconf 85' lang='lat' dir='ltr'><strong>quibusdam</strong></span> 
     </span>
     <span class='ocr_line' id='line_1_17' title="bbox 176 1795 1022 1868; baseline -0.001 -16"><span class='ocrx_word' id='word_1_109' title='bbox 176 1814 234 1853; x_wconf 92' lang='lat' dir='ltr'><strong>non</strong></span> <span class='ocrx_word' id='word_1_110' title='bbox 249 1797 390 1868; x_wconf 91' lang='lat' dir='ltr'><strong>imperitis</strong></span> <span class='ocrx_word' id='word_1_111' title='bbox 405 1797 472 1851; x_wconf 91' lang='lat' dir='ltr'><strong>viris</strong></span> <span class='ocrx_word' id='word_1_112' title='bbox 487 1813 538 1851; x_wconf 89' lang='lat' dir='ltr'><strong>nec</strong></span> <span class='ocrx_word' id='word_1_113' title='bbox 554 1795 772 1851; x_wconf 85' lang='lat' dir='ltr'><strong>inconsideratis</strong></span> <span class='ocrx_word' id='word_1_114' title='bbox 796 1803 907 1867; x_wconf 51' lang='lat' dir='ltr'><strong>parum,</strong></span> <span class='ocrx_word' id='word_1_115' title='bbox 918 1813 1022 1868; x_wconf 90' lang='lat' dir='ltr'><strong>oppor-</strong></span> 
     </span>
    </p>
   </div>
   <div class='ocr_carea' id='block_1_5' title="bbox 1075 640 1925 1864">
    <p class='ocr_par' dir='ltr' id='par_1_5' title="bbox 1075 640 1925 978">
     <span class='ocr_line' id='line_1_18' title="bbox 1075 640 1924 715; baseline 0.008 -20"><span class='ocrx_word' id='word_1_116' title='bbox 1075 645 1178 712; x_wconf 91' lang='lat' dir='ltr'><strong>sponte</strong></span> <span class='ocrx_word' id='word_1_117' title='bbox 1195 657 1292 696; x_wconf 89' lang='lat' dir='ltr'><strong>verum</strong></span> <span class='ocrx_word' id='word_1_118' title='bbox 1308 640 1385 713; x_wconf 90' lang='lat' dir='ltr'><strong>quod</strong></span> <span class='ocrx_word' id='word_1_119' title='bbox 1403 647 1446 696; x_wconf 91' lang='lat' dir='ltr'><strong>ast</strong></span> <span class='ocrx_word' id='word_1_120' title='bbox 1460 647 1488 697; x_wconf 91' lang='lat' dir='ltr'><strong>et</strong></span> <span class='ocrx_word' id='word_1_121' title='bbox 1500 647 1633 713; x_wconf 88' lang='lat' dir='ltr'><strong>apertum</strong></span> <span class='ocrx_word' id='word_1_122' title='bbox 1657 647 1855 715; x_wconf 82' lang='lat' dir='ltr'><strong>recognoverit</strong></span> <span class='ocrx_word' id='word_1_123' title='bbox 1870 649 1924 702; x_wconf 89' lang='lat' dir='ltr'><strong>cla·</strong></span> 
     </span>
     <span class='ocr_line' id='line_1_19' title="bbox 1075 729 1923 805; baseline 0.006 -21"><span class='ocrx_word' id='word_1_124' title='bbox 1075 729 1205 785; x_wconf 89' lang='lat' dir='ltr'><strong>rissimus</strong></span> <span class='ocrx_word' id='word_1_125' title='bbox 1221 736 1250 784; x_wconf 91' lang='lat' dir='ltr'><strong>et</strong></span> <span class='ocrx_word' id='word_1_126' title='bbox 1265 729 1484 785; x_wconf 83' lang='lat' dir='ltr'><strong>honestissimus</strong></span> <span class='ocrx_word' id='word_1_127' title='bbox 1509 731 1653 800; x_wconf 89' lang='lat' dir='ltr'><strong>Dacerius,</strong></span> <span class='ocrx_word' id='word_1_128' title='bbox 1670 750 1735 788; x_wconf 89' lang='lat' dir='ltr'><strong>curu</strong></span> <span class='ocrx_word' id='word_1_129' title='bbox 1760 735 1923 805; x_wconf 70' lang='lat' dir='ltr'><strong>presertim</strong></span> 
     </span>
     <span class='ocr_line' id='line_1_20' title="bbox 1076 818 1925 891; baseline 0.006 -17"><span class='ocrx_word' id='word_1_130' title='bbox 1076 818 1288 891; x_wconf 86' lang='lat' dir='ltr'><strong>superstitionis</strong></span> <span class='ocrx_word' id='word_1_131' title='bbox 1312 818 1487 874; x_wconf 87' lang='lat' dir='ltr'><strong>Calviniane</strong></span> <span class='ocrx_word' id='word_1_132' title='bbox 1500 820 1639 876; x_wconf 76' lang='lat' dir='ltr'><strong>fascinum</strong></span> <span class='ocrx_word' id='word_1_133' title='bbox 1665 822 1776 878; x_wconf 86' lang='lat' dir='ltr'><strong>sincere</strong></span> <span class='ocrx_word' id='word_1_134' title='bbox 1792 828 1820 878; x_wconf 91' lang='lat' dir='ltr'><strong>et</strong></span> <span class='ocrx_word' id='word_1_135' title='bbox 1835 824 1925 879; x_wconf 90' lang='lat' dir='ltr'><strong>tideli-</strong></span> 
     </span>
     <span class='ocr_line' id='line_1_21' title="bbox 1077 908 1297 978; baseline -0.014 -16"><span class='ocrx_word' id='word_1_136' title='bbox 1077 912 1120 962; x_wconf 90' lang='lat' dir='ltr'><strong>tar</strong></span> <span class='ocrx_word' id='word_1_137' title='bbox 1134 908 1297 978; x_wconf 87' lang='lat' dir='ltr'><strong>ejuraverit.</strong></span> 
     </span>
    </p>

    <p class='ocr_par' dir='ltr' id='par_1_6' title="bbox 1076 996 1925 1864">
     <span class='ocr_line' id='line_1_22' title="bbox 1110 996 1923 1067; baseline 0.004 -15"><span class='ocrx_word' id='word_1_138' title='bbox 1110 998 1173 1052; x_wconf 81' lang='lat' dir='ltr'><strong>tam</strong></span> <span class='ocrx_word' id='word_1_139' title='bbox 1187 998 1224 1052; x_wconf 88' lang='lat' dir='ltr'><strong>ad</strong></span> <span class='ocrx_word' id='word_1_140' title='bbox 1241 997 1353 1052; x_wconf 83' lang='lat' dir='ltr'><strong>tertiani</strong></span> <span class='ocrx_word' id='word_1_141' title='bbox 1369 996 1574 1067; x_wconf 76' lang='lat' dir='ltr'><strong>cogitationem</strong></span> <span class='ocrx_word' id='word_1_142' title='bbox 1590 1003 1619 1053; x_wconf 86' lang='lat' dir='ltr'><strong>et</strong></span> <span class='ocrx_word' id='word_1_143' title='bbox 1638 998 1856 1055; x_wconf 79' lang='lat' dir='ltr'><strong>meditationem</strong></span> <span class='ocrx_word' id='word_1_144' title='bbox 1878 999 1923 1056; x_wconf 93' lang='lat' dir='ltr'><strong>in-</strong></span> 
     </span>
     <span class='ocr_line' id='line_1_23' title="bbox 1077 1085 1925 1158; baseline 0.006 -19"><span class='ocrx_word' id='word_1_145' title='bbox 1077 1086 1208 1156; x_wconf 88' lang='lat' dir='ltr'><strong>terpretis</strong></span> <span class='ocrx_word' id='word_1_146' title='bbox 1226 1085 1374 1141; x_wconf 83' lang='lat' dir='ltr'><strong>ltatraurni</strong></span> <span class='ocrx_word' id='word_1_147' title='bbox 1395 1086 1605 1157; x_wconf 85' lang='lat' dir='ltr'><strong>procedamus:</strong></span> <span class='ocrx_word' id='word_1_148' title='bbox 1632 1104 1697 1158; x_wconf 83' lang='lat' dir='ltr'><strong>que</strong></span> <span class='ocrx_word' id='word_1_149' title='bbox 1722 1104 1786 1142; x_wconf 89' lang='lat' dir='ltr'><strong>curu</strong></span> <span class='ocrx_word' id='word_1_150' title='bbox 1812 1089 1925 1144; x_wconf 82' lang='lat' dir='ltr'><strong>diverse</strong></span> 
     </span>
     <span class='ocr_line' id='line_1_24' title="bbox 1077 1174 1923 1246; baseline 0.006 -19"><span class='ocrx_word' id='word_1_151' title='bbox 1077 1174 1195 1229; x_wconf 90' lang='lat' dir='ltr'><strong>nomina</strong></span> <span class='ocrx_word' id='word_1_152' title='bbox 1209 1174 1387 1229; x_wconf 82' lang='lat' dir='ltr'><strong>eucharistie</strong></span> <span class='ocrx_word' id='word_1_153' title='bbox 1402 1174 1486 1229; x_wconf 85' lang='lat' dir='ltr'><strong>variis</strong></span> <span class='ocrx_word' id='word_1_154' title='bbox 1507 1175 1684 1246; x_wconf 89' lang='lat' dir='ltr'><strong>temporibus</strong></span> <span class='ocrx_word' id='word_1_155' title='bbox 1698 1195 1713 1231; x_wconf 88' lang='lat' dir='ltr'><strong>a</strong></span> <span class='ocrx_word' id='word_1_156' title='bbox 1737 1177 1859 1232; x_wconf 90' lang='lat' dir='ltr'><strong>diversis</strong></span> <span class='ocrx_word' id='word_1_157' title='bbox 1878 1195 1923 1232; x_wconf 89' lang='lat' dir='ltr'><strong>ra-</strong></span> 
     </span>
     <span class='ocr_line' id='line_1_25' title="bbox 1076 1262 1922 1338; baseline 0.005 -21"><span class='ocrx_word' id='word_1_158' title='bbox 1076 1262 1195 1333; x_wconf 90' lang='lat' dir='ltr'><strong>gionum</strong></span> <span class='ocrx_word' id='word_1_159' title='bbox 1209 1270 1238 1318; x_wconf 89' lang='lat' dir='ltr'><strong>et</strong></span> <span class='ocrx_word' id='word_1_160' title='bbox 1253 1264 1402 1334; x_wconf 85' lang='lat' dir='ltr'><strong>plagarum</strong></span> <span class='ocrx_word' id='word_1_161' title='bbox 1414 1262 1491 1317; x_wconf 91' lang='lat' dir='ltr'><strong>orbis</strong></span> <span class='ocrx_word' id='word_1_162' title='bbox 1504 1264 1659 1332; x_wconf 79' lang='lat' dir='ltr'><strong>Christiani</strong></span> <span class='ocrx_word' id='word_1_163' title='bbox 1669 1265 1770 1320; x_wconf 92' lang='lat' dir='ltr'><strong>incolis</strong></span> <span class='ocrx_word' id='word_1_164' title='bbox 1785 1266 1922 1338; x_wconf 87' lang='lat' dir='ltr'><strong>imposita</strong></span> 
     </span>
     <span class='ocr_line' id='line_1_26' title="bbox 1077 1352 1922 1422; baseline 0.004 -16"><span class='ocrx_word' id='word_1_165' title='bbox 1077 1356 1213 1422; x_wconf 84' lang='lat' dir='ltr'><strong>spectent,</strong></span> <span class='ocrx_word' id='word_1_166' title='bbox 1230 1352 1302 1407; x_wconf 91' lang='lat' dir='ltr'><strong>nihil</strong></span> <span class='ocrx_word' id='word_1_167' title='bbox 1317 1356 1400 1407; x_wconf 74' lang='lat' dir='ltr'><strong>rectos</strong></span> <span class='ocrx_word' id='word_1_168' title='bbox 1415 1352 1518 1407; x_wconf 86' lang='lat' dir='ltr'><strong>rationi</strong></span> <span class='ocrx_word' id='word_1_169' title='bbox 1534 1369 1653 1407; x_wconf 90' lang='lat' dir='ltr'><strong>concors</strong></span> <span class='ocrx_word' id='word_1_170' title='bbox 1677 1362 1726 1408; x_wconf 91' lang='lat' dir='ltr'><strong>aut</strong></span> <span class='ocrx_word' id='word_1_171' title='bbox 1748 1354 1922 1410; x_wconf 89' lang='lat' dir='ltr'><strong>conveniens</strong></span> 
     </span>
     <span class='ocr_line' id='line_1_27' title="bbox 1078 1440 1923 1512; baseline 0.006 -18"><span class='ocrx_word' id='word_1_172' title='bbox 1078 1456 1112 1494; x_wconf 85' lang='lat' dir='ltr'><strong>ex</strong></span> <span class='ocrx_word' id='word_1_173' title='bbox 1127 1456 1161 1495; x_wconf 87' lang='lat' dir='ltr'><strong>ea</strong></span> <span class='ocrx_word' id='word_1_174' title='bbox 1176 1440 1277 1496; x_wconf 90' lang='lat' dir='ltr'><strong>deduci</strong></span> <span class='ocrx_word' id='word_1_175' title='bbox 1291 1446 1387 1512; x_wconf 89' lang='lat' dir='ltr'><strong>potest</strong></span> <span class='ocrx_word' id='word_1_176' title='bbox 1405 1442 1539 1496; x_wconf 80' lang='lat' dir='ltr'><strong>adversus</strong></span> <span class='ocrx_word' id='word_1_177' title='bbox 1567 1442 1696 1498; x_wconf 76' lang='lat' dir='ltr'><strong>Ecclesiae</strong></span> <span class='ocrx_word' id='word_1_178' title='bbox 1719 1443 1856 1498; x_wconf 83' lang='lat' dir='ltr'><strong>Romane</strong></span> <span class='ocrx_word' id='word_1_179' title='bbox 1872 1445 1923 1499; x_wconf 91' lang='lat' dir='ltr'><strong>do·</strong></span> 
     </span>
     <span class='ocr_line' id='line_1_28' title="bbox 1076 1528 1924 1603; baseline 0.005 -21"><span class='ocrx_word' id='word_1_180' title='bbox 1076 1528 1197 1583; x_wconf 90' lang='lat' dir='ltr'><strong>ctriuam</strong></span> <span class='ocrx_word' id='word_1_181' title='bbox 1216 1544 1222 1583; x_wconf 93' lang='lat'><strong>:</strong></span> <span class='ocrx_word' id='word_1_182' title='bbox 1239 1544 1304 1583; x_wconf 91' lang='lat' dir='ltr'><strong>cum</strong></span> <span class='ocrx_word' id='word_1_183' title='bbox 1320 1528 1439 1599; x_wconf 89' lang='lat' dir='ltr'><strong>iusuper</strong></span> <span class='ocrx_word' id='word_1_184' title='bbox 1454 1529 1602 1585; x_wconf 86' lang='lat' dir='ltr'><strong>materiam</strong></span> <span class='ocrx_word' id='word_1_185' title='bbox 1619 1531 1744 1603; x_wconf 89' lang='lat' dir='ltr'><strong>amplam</strong></span> <span class='ocrx_word' id='word_1_186' title='bbox 1758 1533 1924 1603; x_wconf 88' lang='lat' dir='ltr'><strong>suppedita-</strong></span> 
     </span>
     <span class='ocr_line' id='line_1_29' title="bbox 1076 1615 1923 1686; baseline 0.005 -16"><span class='ocrx_word' id='word_1_187' title='bbox 1076 1619 1120 1670; x_wconf 90' lang='lat' dir='ltr'><strong>ret</strong></span> <span class='ocrx_word' id='word_1_188' title='bbox 1133 1615 1167 1669; x_wconf 87' lang='lat' dir='ltr'><strong>ad</strong></span> <span class='ocrx_word' id='word_1_189' title='bbox 1185 1615 1291 1670; x_wconf 89' lang='lat' dir='ltr'><strong>librum</strong></span> <span class='ocrx_word' id='word_1_190' title='bbox 1307 1616 1463 1686; x_wconf 90' lang='lat' dir='ltr'><strong>integrum,</strong></span> <span class='ocrx_word' id='word_1_191' title='bbox 1477 1616 1501 1671; x_wconf 89' lang='lat' dir='ltr'><strong>si</strong></span> <span class='ocrx_word' id='word_1_192' title='bbox 1515 1618 1549 1672; x_wconf 89' lang='lat' dir='ltr'><strong>de</strong></span> <span class='ocrx_word' id='word_1_193' title='bbox 1569 1633 1667 1672; x_wconf 89' lang='lat' dir='ltr'><strong>eorum</strong></span> <span class='ocrx_word' id='word_1_194' title='bbox 1695 1620 1846 1675; x_wconf 88' lang='lat' dir='ltr'><strong>nominum</strong></span> <span class='ocrx_word' id='word_1_195' title='bbox 1867 1621 1923 1674; x_wconf 92' lang='lat' dir='ltr'><strong>ori·</strong></span> 
     </span>
     <span class='ocr_line' id='line_1_30' title="bbox 1076 1702 1925 1774; baseline 0.007 -19"><span class='ocrx_word' id='word_1_196' title='bbox 1076 1702 1142 1773; x_wconf 89' lang='lat' dir='ltr'><strong>gine</strong></span> <span class='ocrx_word' id='word_1_197' title='bbox 1156 1702 1320 1759; x_wconf 81' lang='lat' dir='ltr'><strong>faciendum</strong></span> <span class='ocrx_word' id='word_1_198' title='bbox 1336 1720 1408 1774; x_wconf 92' lang='lat' dir='ltr'><strong>opus</strong></span> <span class='ocrx_word' id='word_1_199' title='bbox 1425 1704 1649 1774; x_wconf 79' lang='lat' dir='ltr'><strong>aggrederemur</strong></span> <span class='ocrx_word' id='word_1_200' title='bbox 1664 1710 1691 1760; x_wconf 93' lang='lat' dir='ltr'><strong>et</strong></span> <span class='ocrx_word' id='word_1_201' title='bbox 1716 1707 1877 1772; x_wconf 88' lang='lat' dir='ltr'><strong>ostendere,</strong></span> <span class='ocrx_word' id='word_1_202' title='bbox 1893 1711 1925 1761; x_wconf 89' lang='lat' dir='ltr'><strong>ut</strong></span> 
     </span>
     <span class='ocr_line' id='line_1_31' title="bbox 1076 1791 1923 1864; baseline 0.006 -18"><span class='ocrx_word' id='word_1_203' title='bbox 1076 1791 1159 1847; x_wconf 88' lang='lat' dir='ltr'><strong>lacile</strong></span> <span class='ocrx_word' id='word_1_204' title='bbox 1175 1798 1260 1860; x_wconf 85' lang='lat' dir='ltr'><strong>asset,</strong></span> <span class='ocrx_word' id='word_1_205' title='bbox 1276 1793 1411 1864; x_wconf 90' lang='lat' dir='ltr'><strong>imposita</strong></span> <span class='ocrx_word' id='word_1_206' title='bbox 1428 1793 1454 1848; x_wconf 88' lang='lat' dir='ltr'><strong>ei</strong></span> <span class='ocrx_word' id='word_1_207' title='bbox 1470 1793 1558 1848; x_wconf 85' lang='lat' dir='ltr'><strong>tuisse</strong></span> <span class='ocrx_word' id='word_1_208' title='bbox 1573 1795 1634 1850; x_wconf 88' lang='lat' dir='ltr'><strong>hec</strong></span> <span class='ocrx_word' id='word_1_209' title='bbox 1644 1795 1762 1850; x_wconf 88' lang='lat' dir='ltr'><strong>nomina</strong></span> <span class='ocrx_word' id='word_1_210' title='bbox 1775 1814 1790 1850; x_wconf 92' lang='lat' dir='ltr'><strong>a</strong></span> <span class='ocrx_word' id='word_1_211' title='bbox 1805 1796 1874 1855; x_wconf 88' lang='lat' dir='ltr'><strong>viris</strong></span> <span class='ocrx_word' id='word_1_212' title='bbox 1888 1797 1923 1851; x_wconf 91' lang='lat' dir='ltr'><strong>de</strong></span> 
     </span>
    </p>
   </div>
   <div class='ocr_carea' id='block_1_6' title="bbox 174 1858 1926 2132">
    <p class='ocr_par' dir='ltr' id='par_1_7' title="bbox 174 1858 1926 2132">
     <span class='ocr_line' id='line_1_32' title="bbox 175 1858 1923 1956; baseline -0.001 -15"><span class='ocrx_word' id='word_1_213' title='bbox 175 1890 245 1941; x_wconf 89' lang='lat' dir='ltr'><strong>tana</strong></span> <span class='ocrx_word' id='word_1_214' title='bbox 264 1885 407 1940; x_wconf 88' lang='lat' dir='ltr'><strong>videbitur</strong></span> <span class='ocrx_word' id='word_1_215' title='bbox 432 1884 571 1955; x_wconf 90' lang='lat' dir='ltr'><strong>digressio</strong></span> <span class='ocrx_word' id='word_1_216' title='bbox 594 1901 644 1939; x_wconf 88' lang='lat' dir='ltr'><strong>son</strong></span> <span class='ocrx_word' id='word_1_217' title='bbox 667 1900 801 1939; x_wconf 79' lang='lat' dir='ltr'><strong>excrrrsus</strong></span> <span class='ocrx_word' id='word_1_218' title='bbox 827 1885 872 1940; x_wconf 88' lang='lat' dir='ltr'><strong>hic</strong></span> <span class='ocrx_word' id='word_1_219' title='bbox 899 1901 916 1939; x_wconf 91' lang='lat' dir='ltr'><strong>a</strong></span> <span class='ocrx_word' id='word_1_220' title='bbox 940 1858 1058 1940; x_wconf 78' lang='lat' dir='ltr'><strong>nobisB</strong></span> <span class='ocrx_word' id='word_1_221' title='bbox 1077 1880 1137 1935; x_wconf 79' lang='lat' dir='ltr'><strong>veri</strong></span> <span class='ocrx_word' id='word_1_222' title='bbox 1164 1881 1292 1952; x_wconf 84' lang='lat' dir='ltr'><strong>corporis</strong></span> <span class='ocrx_word' id='word_1_223' title='bbox 1316 1881 1419 1936; x_wconf 86' lang='lat' dir='ltr'><strong>Christi</strong></span> <span class='ocrx_word' id='word_1_224' title='bbox 1446 1881 1476 1936; x_wconf 87' lang='lat' dir='ltr'><strong>in</strong></span> <span class='ocrx_word' id='word_1_225' title='bbox 1498 1883 1669 1939; x_wconf 84' lang='lat' dir='ltr'><strong>eucharistia</strong></span> <span class='ocrx_word' id='word_1_226' title='bbox 1693 1885 1846 1956; x_wconf 77' lang='lat' dir='ltr'><strong>presentie</strong></span> <span class='ocrx_word' id='word_1_227' title='bbox 1872 1901 1923 1941; x_wconf 85' lang='lat' dir='ltr'><strong>seu</strong></span> 
     </span>
     <span class='ocr_line' id='line_1_33' title="bbox 175 1969 1922 2044; baseline 0.001 -17"><span class='ocrx_word' id='word_1_228' title='bbox 175 1972 268 2027; x_wconf 87' lang='lat' dir='ltr'><strong>eltieri</strong></span> <span class='ocrx_word' id='word_1_229' title='bbox 291 1972 325 2027; x_wconf 91' lang='lat' dir='ltr'><strong>de</strong></span> <span class='ocrx_word' id='word_1_230' title='bbox 352 1973 478 2027; x_wconf 88' lang='lat' dir='ltr'><strong>editione</strong></span> <span class='ocrx_word' id='word_1_231' title='bbox 510 1972 720 2029; x_wconf 83' lang='lat' dir='ltr'><strong>Graeco-Latina</strong></span> <span class='ocrx_word' id='word_1_232' title='bbox 750 1989 765 2026; x_wconf 93' lang='lat' dir='ltr'><strong>a</strong></span> <span class='ocrx_word' id='word_1_233' title='bbox 794 1972 1023 2028; x_wconf 88' lang='lat' dir='ltr'><strong>Protestentibus</strong></span> <span class='ocrx_word' id='word_1_234' title='bbox 1075 1970 1200 2024; x_wconf 83' lang='lat' dir='ltr'><strong>realitate</strong></span> <span class='ocrx_word' id='word_1_235' title='bbox 1214 1986 1272 2024; x_wconf 91' lang='lat' dir='ltr'><strong>non</strong></span> <span class='ocrx_word' id='word_1_236' title='bbox 1297 1969 1505 2025; x_wconf 88' lang='lat' dir='ltr'><strong>dubitantibus.</strong></span> <span class='ocrx_word' id='word_1_237' title='bbox 1522 1971 1576 2026; x_wconf 88' lang='lat' dir='ltr'><strong>Sed</strong></span> <span class='ocrx_word' id='word_1_238' title='bbox 1601 1971 1646 2026; x_wconf 88' lang='lat' dir='ltr'><strong>his</strong></span> <span class='ocrx_word' id='word_1_239' title='bbox 1671 1973 1795 2044; x_wconf 91' lang='lat' dir='ltr'><strong>amplius</strong></span> <span class='ocrx_word' id='word_1_240' title='bbox 1814 1973 1922 2028; x_wconf 91' lang='lat' dir='ltr'><strong>immo·</strong></span> 
     </span>
     <span class='ocr_line' id='line_1_34' title="bbox 174 2057 1926 2132; baseline 0.001 -18"><span class='ocrx_word' id='word_1_241' title='bbox 174 2064 522 2132; x_wconf 69' lang='lat' dir='ltr'><strong>procurata,annolt582,</strong></span> <span class='ocrx_word' id='word_1_242' title='bbox 539 2060 668 2132; x_wconf 89' lang='lat' dir='ltr'><strong>praedicti</strong></span> <span class='ocrx_word' id='word_1_243' title='bbox 689 2061 853 2116; x_wconf 89' lang='lat' dir='ltr'><strong>duodecimi</strong></span> <span class='ocrx_word' id='word_1_244' title='bbox 882 2061 1023 2117; x_wconf 89' lang='lat' dir='ltr'><strong>tibrille-</strong></span> <span class='ocrx_word' id='word_1_245' title='bbox 1077 2057 1135 2112; x_wconf 86' lang='lat' dir='ltr'><strong>rari</strong></span> <span class='ocrx_word' id='word_1_246' title='bbox 1147 2058 1306 2127; x_wconf 86' lang='lat' dir='ltr'><strong>nonjuvat.</strong></span> <span class='ocrx_word' id='word_1_247' title='bbox 1323 2058 1461 2129; x_wconf 78' lang='lat' dir='ltr'><strong>Adeoque</strong></span> <span class='ocrx_word' id='word_1_248' title='bbox 1481 2059 1548 2114; x_wconf 91' lang='lat' dir='ltr'><strong>huic</strong></span> <span class='ocrx_word' id='word_1_249' title='bbox 1571 2060 1734 2131; x_wconf 91' lang='lat' dir='ltr'><strong>prelationi</strong></span> <span class='ocrx_word' id='word_1_250' title='bbox 1755 2078 1806 2115; x_wconf 92' lang='lat' dir='ltr'><strong>seu</strong></span> <span class='ocrx_word' id='word_1_251' title='bbox 1839 2062 1926 2117; x_wconf 88' lang='lat' dir='ltr'><strong>histo·</strong></span> 
     </span>
    </p>
   </div>
   <div class='ocr_carea' id='block_1_7' title="bbox 175 2141 1026 2928">
    <p class='ocr_par' dir='ltr' id='par_1_8' title="bbox 175 2141 1026 2928">
     <span class='ocr_line' id='line_1_35' title="bbox 175 2141 1024 2219; baseline -0.001 -14"><span class='ocrx_word' id='word_1_252' title='bbox 175 2148 350 2205; x_wconf 89' lang='lat' dir='ltr'><strong>ditationnm</strong></span> <span class='ocrx_word' id='word_1_253' title='bbox 373 2149 517 2203; x_wconf 78' lang='lat' dir='ltr'><strong>anastasii</strong></span> <span class='ocrx_word' id='word_1_254' title='bbox 542 2149 577 2204; x_wconf 88' lang='lat' dir='ltr'><strong>ad</strong></span> <span class='ocrx_word' id='word_1_255' title='bbox 592 2141 687 2204; x_wconf 50' lang='lat' dir='ltr'><strong>lldem&#39;</strong></span> <span class='ocrx_word' id='word_1_256' title='bbox 704 2149 809 2203; x_wconf 90' lang='lat' dir='ltr'><strong>codicis</strong></span> <span class='ocrx_word' id='word_1_257' title='bbox 834 2148 1024 2219; x_wconf 88' lang='lat' dir='ltr'><strong>manuscripti</strong></span> 
     </span>
     <span class='ocr_line' id='line_1_36' title="bbox 175 2235 1024 2308; baseline 0.001 -17"><span class='ocrx_word' id='word_1_258' title='bbox 175 2235 356 2292; x_wconf 84' lang='lat' dir='ltr'><strong>bibliothece</strong></span> <span class='ocrx_word' id='word_1_259' title='bbox 374 2236 493 2308; x_wconf 81' lang='lat' dir='ltr'><strong>celebris</strong></span> <span class='ocrx_word' id='word_1_260' title='bbox 510 2236 635 2291; x_wconf 85' lang='lat' dir='ltr'><strong>ministri</strong></span> <span class='ocrx_word' id='word_1_261' title='bbox 657 2238 777 2303; x_wconf 88' lang='lat' dir='ltr'><strong>senioris</strong></span> <span class='ocrx_word' id='word_1_262' title='bbox 802 2237 1024 2294; x_wconf 89' lang='lat' dir='ltr'><strong>Charentoniani</strong></span> 
     </span>
     <span class='ocr_line' id='line_1_37' title="bbox 176 2324 1024 2397; baseline 0.001 -17"><span class='ocrx_word' id='word_1_263' title='bbox 176 2324 293 2380; x_wconf 83' lang='lat' dir='ltr'><strong>loannis</strong></span> <span class='ocrx_word' id='word_1_264' title='bbox 304 2325 414 2392; x_wconf 80' lang='lat' dir='ltr'><strong>hallei,</strong></span> <span class='ocrx_word' id='word_1_265' title='bbox 431 2340 517 2397; x_wconf 88' lang='lat' dir='ltr'><strong>quem</strong></span> <span class='ocrx_word' id='word_1_266' title='bbox 534 2326 564 2380; x_wconf 95' lang='lat' dir='ltr'><strong>in</strong></span> <span class='ocrx_word' id='word_1_267' title='bbox 578 2325 784 2381; x_wconf 87' lang='lat' dir='ltr'><strong>bibliothecam</strong></span> <span class='ocrx_word' id='word_1_268' title='bbox 809 2326 927 2381; x_wconf 88' lang='lat' dir='ltr'><strong>illustris</strong></span> <span class='ocrx_word' id='word_1_269' title='bbox 941 2326 1024 2397; x_wconf 86' lang='lat' dir='ltr'><strong>regni</strong></span> 
     </span>
     <span class='ocr_line' id='line_1_38' title="bbox 178 2412 1024 2484; baseline 0.005 -18"><span class='ocrx_word' id='word_1_270' title='bbox 178 2412 340 2469; x_wconf 86' lang='lat' dir='ltr'><strong>administri</strong></span> <span class='ocrx_word' id='word_1_271' title='bbox 364 2414 489 2470; x_wconf 91' lang='lat' dir='ltr'><strong>Colberti</strong></span> <span class='ocrx_word' id='word_1_272' title='bbox 505 2415 672 2470; x_wconf 87' lang='lat' dir='ltr'><strong>translatam</strong></span> <span class='ocrx_word' id='word_1_273' title='bbox 697 2414 784 2470; x_wconf 82' lang='lat' dir='ltr'><strong>luisse</strong></span> <span class='ocrx_word' id='word_1_274' title='bbox 803 2415 978 2484; x_wconf 84' lang='lat' dir='ltr'><strong>existimant,</strong></span> <span class='ocrx_word' id='word_1_275' title='bbox 994 2415 1024 2470; x_wconf 89' lang='lat' dir='ltr'><strong>iu</strong></span> 
     </span>
     <span class='ocr_line' id='line_1_39' title="bbox 177 2501 1022 2576; baseline 0.005 -21"><span class='ocrx_word' id='word_1_276' title='bbox 177 2501 383 2574; x_wconf 79' lang='lat' dir='ltr'><strong>investigandis</strong></span> <span class='ocrx_word' id='word_1_277' title='bbox 398 2502 477 2557; x_wconf 90' lang='lat' dir='ltr'><strong>libris</strong></span> <span class='ocrx_word' id='word_1_278' title='bbox 489 2503 615 2575; x_wconf 84' lang='lat' dir='ltr'><strong>antiquis</strong></span> <span class='ocrx_word' id='word_1_279' title='bbox 630 2503 683 2558; x_wconf 89' lang='lat' dir='ltr'><strong>viri</strong></span> <span class='ocrx_word' id='word_1_280' title='bbox 704 2503 809 2559; x_wconf 91' lang='lat' dir='ltr'><strong>curiosi</strong></span> <span class='ocrx_word' id='word_1_281' title='bbox 827 2508 855 2559; x_wconf 89' lang='lat' dir='ltr'><strong>et</strong></span> <span class='ocrx_word' id='word_1_282' title='bbox 877 2503 1022 2576; x_wconf 89' lang='lat' dir='ltr'><strong>applicati.</strong></span> 
     </span>
     <span class='ocr_line' id='line_1_40' title="bbox 179 2590 1025 2664; baseline 0.001 -19"><span class='ocrx_word' id='word_1_283' title='bbox 179 2590 233 2646; x_wconf 89' lang='lat' dir='ltr'><strong>Sed</strong></span> <span class='ocrx_word' id='word_1_284' title='bbox 248 2590 419 2662; x_wconf 86' lang='lat' dir='ltr'><strong>obsequiosa</strong></span> <span class='ocrx_word' id='word_1_285' title='bbox 443 2591 558 2647; x_wconf 90' lang='lat' dir='ltr'><strong>silentio</strong></span> <span class='ocrx_word' id='word_1_286' title='bbox 588 2593 806 2663; x_wconf 74' lang='lat' dir='ltr'><strong>pretermittere</strong></span> <span class='ocrx_word' id='word_1_287' title='bbox 833 2607 893 2647; x_wconf 93' lang='lat' dir='ltr'><strong>non</strong></span> <span class='ocrx_word' id='word_1_288' title='bbox 908 2607 1025 2664; x_wconf 88' lang='lat' dir='ltr'><strong>possum</strong></span> 
     </span>
     <span class='ocr_line' id='line_1_41' title="bbox 178 2679 1025 2751; baseline 0.002 -18"><span class='ocrx_word' id='word_1_289' title='bbox 178 2684 324 2734; x_wconf 87' lang='lat' dir='ltr'><strong>auctorem</strong></span> <span class='ocrx_word' id='word_1_290' title='bbox 339 2679 486 2745; x_wconf 88' lang='lat' dir='ltr'><strong>versionis,</strong></span> <span class='ocrx_word' id='word_1_291' title='bbox 503 2679 553 2750; x_wconf 90' lang='lat' dir='ltr'><strong>qui</strong></span> <span class='ocrx_word' id='word_1_292' title='bbox 568 2679 602 2734; x_wconf 88' lang='lat' dir='ltr'><strong>de</strong></span> <span class='ocrx_word' id='word_1_293' title='bbox 623 2680 729 2735; x_wconf 83' lang='lat' dir='ltr'><strong>Grecis</strong></span> <span class='ocrx_word' id='word_1_294' title='bbox 743 2679 826 2734; x_wconf 91' lang='lat' dir='ltr'><strong>bonis</strong></span> <span class='ocrx_word' id='word_1_295' title='bbox 848 2679 960 2751; x_wconf 89' lang='lat' dir='ltr'><strong>scripsit</strong></span> <span class='ocrx_word' id='word_1_296' title='bbox 973 2682 1025 2735; x_wconf 83' lang='lat' dir='ltr'><strong>La·</strong></span> 
     </span>
     <span class='ocr_line' id='line_1_42' title="bbox 178 2767 1026 2841; baseline 0.002 -20"><span class='ocrx_word' id='word_1_297' title='bbox 178 2767 238 2822; x_wconf 88' lang='lat' dir='ltr'><strong>tine</strong></span> <span class='ocrx_word' id='word_1_298' title='bbox 252 2785 309 2823; x_wconf 94' lang='lat' dir='ltr'><strong>non</strong></span> <span class='ocrx_word' id='word_1_299' title='bbox 322 2769 456 2837; x_wconf 90' lang='lat' dir='ltr'><strong>deterius,</strong></span> <span class='ocrx_word' id='word_1_300' title='bbox 473 2769 566 2824; x_wconf 90' lang='lat' dir='ltr'><strong>virum</strong></span> <span class='ocrx_word' id='word_1_301' title='bbox 580 2769 724 2841; x_wconf 89' lang='lat' dir='ltr'><strong>insignem</strong></span> <span class='ocrx_word' id='word_1_302' title='bbox 740 2769 851 2825; x_wconf 90' lang='lat' dir='ltr'><strong>maritis</strong></span> <span class='ocrx_word' id='word_1_303' title='bbox 880 2769 1026 2824; x_wconf 89' lang='lat' dir='ltr'><strong>litterariis</strong></span> 
     </span>
     <span class='ocr_line' id='line_1_43' title="bbox 179 2854 1026 2928; baseline 0.002 -18"><span class='ocrx_word' id='word_1_304' title='bbox 179 2854 284 2911; x_wconf 86' lang='lat' dir='ltr'><strong>Grecis</strong></span> <span class='ocrx_word' id='word_1_305' title='bbox 293 2862 321 2911; x_wconf 88' lang='lat' dir='ltr'><strong>et</strong></span> <span class='ocrx_word' id='word_1_306' title='bbox 336 2857 443 2912; x_wconf 86' lang='lat' dir='ltr'><strong>Latinis</strong></span> <span class='ocrx_word' id='word_1_307' title='bbox 460 2861 488 2912; x_wconf 86' lang='lat' dir='ltr'><strong>et</strong></span> <span class='ocrx_word' id='word_1_308' title='bbox 502 2858 752 2913; x_wconf 87' lang='lat' dir='ltr'><strong>commendatione</strong></span> <span class='ocrx_word' id='word_1_309' title='bbox 768 2857 893 2928; x_wconf 88' lang='lat' dir='ltr'><strong>plurima</strong></span> <span class='ocrx_word' id='word_1_310' title='bbox 907 2858 1026 2928; x_wconf 90' lang='lat' dir='ltr'><strong>dignum</strong></span> 
     </span>
    </p>
   </div>
   <div class='ocr_carea' id='block_1_8' title="bbox 1077 2146 1927 2927">
    <p class='ocr_par' dir='ltr' id='par_1_9' title="bbox 1077 2146 1926 2554">
     <span class='ocr_line' id='line_1_44' title="bbox 1077 2146 1926 2219; baseline 0.005 -18"><span class='ocrx_word' id='word_1_311' title='bbox 1077 2146 1128 2201; x_wconf 85' lang='lat' dir='ltr'><strong>rie</strong></span> <span class='ocrx_word' id='word_1_312' title='bbox 1144 2146 1210 2201; x_wconf 91' lang='lat' dir='ltr'><strong>libri</strong></span> <span class='ocrx_word' id='word_1_313' title='bbox 1235 2147 1385 2202; x_wconf 83' lang='lat' dir='ltr'><strong>ltatramni</strong></span> <span class='ocrx_word' id='word_1_314' title='bbox 1408 2147 1497 2201; x_wconf 88' lang='lat' dir='ltr'><strong>linem</strong></span> <span class='ocrx_word' id='word_1_315' title='bbox 1520 2147 1670 2203; x_wconf 90' lang='lat' dir='ltr'><strong>meliorem</strong></span> <span class='ocrx_word' id='word_1_316' title='bbox 1694 2149 1845 2219; x_wconf 87' lang='lat' dir='ltr'><strong>imponere</strong></span> <span class='ocrx_word' id='word_1_317' title='bbox 1867 2167 1926 2205; x_wconf 93' lang='lat' dir='ltr'><strong>non</strong></span> 
     </span>
     <span class='ocr_line' id='line_1_45' title="bbox 1078 2234 1924 2307; baseline 0.005 -19"><span class='ocrx_word' id='word_1_318' title='bbox 1078 2250 1160 2306; x_wconf 88' lang='lat' dir='ltr'><strong>posse</strong></span> <span class='ocrx_word' id='word_1_319' title='bbox 1179 2235 1309 2289; x_wconf 91' lang='lat' dir='ltr'><strong>videmur</strong></span> <span class='ocrx_word' id='word_1_320' title='bbox 1330 2251 1416 2306; x_wconf 88' lang='lat' dir='ltr'><strong>quam</strong></span> <span class='ocrx_word' id='word_1_321' title='bbox 1441 2234 1466 2288; x_wconf 94' lang='lat' dir='ltr'><strong>si</strong></span> <span class='ocrx_word' id='word_1_322' title='bbox 1482 2239 1538 2289; x_wconf 92' lang='lat' dir='ltr'><strong>tres</strong></span> <span class='ocrx_word' id='word_1_323' title='bbox 1566 2236 1654 2290; x_wconf 89' lang='lat' dir='ltr'><strong>etiam</strong></span> <span class='ocrx_word' id='word_1_324' title='bbox 1673 2236 1861 2307; x_wconf 89' lang='lat' dir='ltr'><strong>cogitationes</strong></span> <span class='ocrx_word' id='word_1_325' title='bbox 1875 2253 1924 2292; x_wconf 87' lang='lat' dir='ltr'><strong>seu</strong></span> 
     </span>
     <span class='ocr_line' id='line_1_46' title="bbox 1078 2322 1922 2397; baseline 0.002 -20"><span class='ocrx_word' id='word_1_326' title='bbox 1078 2322 1277 2378; x_wconf 89' lang='lat' dir='ltr'><strong>meditationes</strong></span> <span class='ocrx_word' id='word_1_327' title='bbox 1292 2323 1327 2378; x_wconf 86' lang='lat' dir='ltr'><strong>de</strong></span> <span class='ocrx_word' id='word_1_328' title='bbox 1343 2325 1397 2378; x_wconf 90' lang='lat' dir='ltr'><strong>hoc</strong></span> <span class='ocrx_word' id='word_1_329' title='bbox 1412 2323 1549 2395; x_wconf 88' lang='lat' dir='ltr'><strong>opusculo</strong></span> <span class='ocrx_word' id='word_1_330' title='bbox 1566 2325 1714 2379; x_wconf 83' lang='lat' dir='ltr'><strong>ltatramni</strong></span> <span class='ocrx_word' id='word_1_331' title='bbox 1726 2325 1922 2397; x_wconf 58' lang='lat' dir='ltr'><strong>imponamus,</strong></span> 
     </span>
     <span class='ocr_line' id='line_1_47' title="bbox 1078 2411 1924 2486; baseline 0.005 -21"><span class='ocrx_word' id='word_1_332' title='bbox 1078 2411 1183 2483; x_wconf 90' lang='lat' dir='ltr'><strong>quibus</strong></span> <span class='ocrx_word' id='word_1_333' title='bbox 1209 2411 1465 2467; x_wconf 89' lang='lat' dir='ltr'><strong>aProtestantibus</strong></span> <span class='ocrx_word' id='word_1_334' title='bbox 1489 2428 1548 2468; x_wconf 91' lang='lat' dir='ltr'><strong>non</strong></span> <span class='ocrx_word' id='word_1_335' title='bbox 1576 2429 1747 2486; x_wconf 89' lang='lat' dir='ltr'><strong>responsum</strong></span> <span class='ocrx_word' id='word_1_336' title='bbox 1774 2414 1811 2469; x_wconf 91' lang='lat' dir='ltr'><strong>iri</strong></span> <span class='ocrx_word' id='word_1_337' title='bbox 1835 2416 1924 2470; x_wconf 89' lang='lat' dir='ltr'><strong>conli-</strong></span> 
     </span>
     <span class='ocr_line' id='line_1_48' title="bbox 1080 2499 1187 2554; baseline 0.009 -1"><span class='ocrx_word' id='word_1_338' title='bbox 1080 2499 1187 2554; x_wconf 70' lang='lat' dir='ltr'><strong>mmm.</strong></span> 
     </span>
    </p>

    <p class='ocr_par' dir='ltr' id='par_1_10' title="bbox 1079 2587 1927 2927">
     <span class='ocr_line' id='line_1_49' title="bbox 1116 2587 1926 2660; baseline 0.004 -17"><span class='ocrx_word' id='word_1_339' title='bbox 1116 2587 1210 2643; x_wconf 83' lang='lat' dir='ltr'><strong>Primo</strong></span> <span class='ocrx_word' id='word_1_340' title='bbox 1221 2587 1361 2658; x_wconf 88' lang='lat' dir='ltr'><strong>subjecto,</strong></span> <span class='ocrx_word' id='word_1_341' title='bbox 1378 2587 1574 2660; x_wconf 80' lang='lat' dir='ltr'><strong>quodfalsum</strong></span> <span class='ocrx_word' id='word_1_342' title='bbox 1592 2594 1769 2660; x_wconf 84' lang='lat' dir='ltr'><strong>reputamus,</strong></span> <span class='ocrx_word' id='word_1_343' title='bbox 1795 2591 1926 2647; x_wconf 82' lang='lat' dir='ltr'><strong>listram·</strong></span> 
     </span>
     <span class='ocr_line' id='line_1_50' title="bbox 1079 2676 1925 2750; baseline 0.004 -20"><span class='ocrx_word' id='word_1_344' title='bbox 1079 2691 1150 2731; x_wconf 92' lang='lat' dir='ltr'><strong>num</strong></span> <span class='ocrx_word' id='word_1_345' title='bbox 1165 2676 1327 2748; x_wconf 88' lang='lat' dir='ltr'><strong>inpugnare</strong></span> <span class='ocrx_word' id='word_1_346' title='bbox 1342 2676 1466 2731; x_wconf 82' lang='lat' dir='ltr'><strong>voluisse</strong></span> <span class='ocrx_word' id='word_1_347' title='bbox 1488 2677 1574 2732; x_wconf 88' lang='lat' dir='ltr'><strong>tidem</strong></span> <span class='ocrx_word' id='word_1_348' title='bbox 1592 2694 1641 2732; x_wconf 87' lang='lat' dir='ltr'><strong>seu</strong></span> <span class='ocrx_word' id='word_1_349' title='bbox 1663 2678 1825 2733; x_wconf 87' lang='lat' dir='ltr'><strong>suasionem</strong></span> <span class='ocrx_word' id='word_1_350' title='bbox 1850 2696 1925 2750; x_wconf 81' lang='lat' dir='ltr'><strong>prae-</strong></span> 
     </span>
     <span class='ocr_line' id='line_1_51' title="bbox 1079 2763 1927 2836; baseline 0.005 -18"><span class='ocrx_word' id='word_1_351' title='bbox 1079 2763 1178 2819; x_wconf 86' lang='lat' dir='ltr'><strong>sentie</strong></span> <span class='ocrx_word' id='word_1_352' title='bbox 1193 2781 1268 2820; x_wconf 84' lang='lat' dir='ltr'><strong>verm</strong></span> <span class='ocrx_word' id='word_1_353' title='bbox 1285 2764 1344 2819; x_wconf 88' lang='lat' dir='ltr'><strong>veri</strong></span> <span class='ocrx_word' id='word_1_354' title='bbox 1359 2765 1486 2836; x_wconf 89' lang='lat' dir='ltr'><strong>corporis</strong></span> <span class='ocrx_word' id='word_1_355' title='bbox 1500 2765 1620 2834; x_wconf 80' lang='lat' dir='ltr'><strong>Christi3</strong></span> <span class='ocrx_word' id='word_1_356' title='bbox 1635 2766 1735 2821; x_wconf 88' lang='lat' dir='ltr'><strong>saltem</strong></span> <span class='ocrx_word' id='word_1_357' title='bbox 1758 2783 1817 2822; x_wconf 91' lang='lat' dir='ltr'><strong>non</strong></span> <span class='ocrx_word' id='word_1_358' title='bbox 1839 2767 1927 2823; x_wconf 89' lang='lat' dir='ltr'><strong>dubi·</strong></span> 
     </span>
     <span class='ocr_line' id='line_1_52' title="bbox 1080 2852 1926 2927; baseline 0.005 -20"><span class='ocrx_word' id='word_1_359' title='bbox 1080 2857 1173 2907; x_wconf 81' lang='lat' dir='ltr'><strong>tanam</strong></span> <span class='ocrx_word' id='word_1_360' title='bbox 1204 2853 1275 2925; x_wconf 92' lang='lat' dir='ltr'><strong>quin</strong></span> <span class='ocrx_word' id='word_1_361' title='bbox 1301 2852 1401 2908; x_wconf 81' lang='lat' dir='ltr'><strong>fideles</strong></span> <span class='ocrx_word' id='word_1_362' title='bbox 1432 2853 1606 2924; x_wconf 88' lang='lat' dir='ltr'><strong>reputaverit</strong></span> <span class='ocrx_word' id='word_1_363' title='bbox 1632 2857 1661 2908; x_wconf 88' lang='lat' dir='ltr'><strong>ct</strong></span> <span class='ocrx_word' id='word_1_364' title='bbox 1693 2857 1864 2927; x_wconf 87' lang='lat' dir='ltr'><strong>neutiquam</strong></span> <span class='ocrx_word' id='word_1_365' title='bbox 1891 2856 1926 2911; x_wconf 90' lang='lat' dir='ltr'><strong>ab</strong></span> 
     </span>
    </p>
   </div>
   <div class='ocr_carea' id='block_1_9' title="bbox 178 2941 1928 3723">
    <p class='ocr_par' dir='ltr' id='par_1_11' title="bbox 178 2941 1928 3723">
     <span class='ocr_line' id='line_1_53' title="bbox 180 2941 1926 3018; baseline 0 -19"><span class='ocrx_word' id='word_1_366' title='bbox 180 2944 255 3014; x_wconf 86' lang='lat' dir='ltr'><strong>apud</strong></span> <span class='ocrx_word' id='word_1_367' title='bbox 268 2959 369 3000; x_wconf 92' lang='lat' dir='ltr'><strong>omnes</strong></span> <span class='ocrx_word' id='word_1_368' title='bbox 386 2945 591 3017; x_wconf 88' lang='lat' dir='ltr'><strong>antiquitatum</strong></span> <span class='ocrx_word' id='word_1_369' title='bbox 616 2946 844 3017; x_wconf 87' lang='lat' dir='ltr'><strong>investigatores,</strong></span> <span class='ocrx_word' id='word_1_370' title='bbox 861 2946 955 3000; x_wconf 82' lang='lat' dir='ltr'><strong>nescio</strong></span> <span class='ocrx_word' id='word_1_371' title='bbox 970 2962 1027 3018; x_wconf 82' lang='lat' dir='ltr'><strong>qna</strong></span> <span class='ocrx_word' id='word_1_372' title='bbox 1082 2941 1212 2996; x_wconf 79' lang='lat' dir='ltr'><strong>Ecclesiae</strong></span> <span class='ocrx_word' id='word_1_373' title='bbox 1224 2947 1300 2996; x_wconf 81' lang='lat' dir='ltr'><strong>coetu</strong></span> <span class='ocrx_word' id='word_1_374' title='bbox 1322 2947 1444 2996; x_wconf 89' lang='lat' dir='ltr'><strong>secretos</strong></span> <span class='ocrx_word' id='word_1_375' title='bbox 1467 2942 1598 2997; x_wconf 90' lang='lat' dir='ltr'><strong>homines</strong></span> <span class='ocrx_word' id='word_1_376' title='bbox 1620 2942 1784 2998; x_wconf 84' lang='lat' dir='ltr'><strong>defensores</strong></span> <span class='ocrx_word' id='word_1_377' title='bbox 1807 2946 1926 3015; x_wconf 85' lang='lat' dir='ltr'><strong>hujusce</strong></span> 
     </span>
     <span class='ocr_line' id='line_1_54' title="bbox 178 3029 1926 3102; baseline 0.001 -16"><span class='ocrx_word' id='word_1_378' title='bbox 178 3031 300 3101; x_wconf 85' lang='lat' dir='ltr'><strong>ratione,</strong></span> <span class='ocrx_word' id='word_1_379' title='bbox 316 3051 332 3087; x_wconf 92' lang='lat' dir='ltr'><strong>a</strong></span> <span class='ocrx_word' id='word_1_380' title='bbox 350 3034 440 3089; x_wconf 86' lang='lat' dir='ltr'><strong>Greci</strong></span> <span class='ocrx_word' id='word_1_381' title='bbox 456 3038 550 3089; x_wconf 84' lang='lat' dir='ltr'><strong>textos</strong></span> <span class='ocrx_word' id='word_1_382' title='bbox 564 3034 727 3089; x_wconf 87' lang='lat' dir='ltr'><strong>sinceritate</strong></span> <span class='ocrx_word' id='word_1_383' title='bbox 744 3034 912 3102; x_wconf 87' lang='lat' dir='ltr'><strong>declinasse,</strong></span> <span class='ocrx_word' id='word_1_384' title='bbox 938 3035 979 3089; x_wconf 92' lang='lat' dir='ltr'><strong>uti</strong></span> <span class='ocrx_word' id='word_1_385' title='bbox 992 3050 1027 3089; x_wconf 88' lang='lat' dir='ltr'><strong>ex</strong></span> <span class='ocrx_word' id='word_1_386' title='bbox 1081 3029 1295 3084; x_wconf 70' lang='lat' dir='ltr'><strong>variasuarias</strong></span> <span class='ocrx_word' id='word_1_387' title='bbox 1309 3031 1445 3099; x_wconf 87' lang='lat' dir='ltr'><strong>palnmet</strong></span> <span class='ocrx_word' id='word_1_388' title='bbox 1461 3029 1569 3101; x_wconf 89' lang='lat' dir='ltr'><strong>liquido</strong></span> <span class='ocrx_word' id='word_1_389' title='bbox 1585 3030 1788 3102; x_wconf 88' lang='lat' dir='ltr'><strong>intelliguntur</strong></span> <span class='ocrx_word' id='word_1_390' title='bbox 1803 3048 1836 3087; x_wconf 83' lang='lat' dir='ltr'><strong>ex</strong></span> <span class='ocrx_word' id='word_1_391' title='bbox 1858 3049 1926 3087; x_wconf 90' lang='lat' dir='ltr'><strong>con·</strong></span> 
     </span>
     <span class='ocr_line' id='line_1_55' title="bbox 179 3117 1924 3212; baseline 0 -37"><span class='ocrx_word' id='word_1_392' title='bbox 179 3120 224 3175; x_wconf 90' lang='lat' dir='ltr'><strong>his</strong></span> <span class='ocrx_word' id='word_1_393' title='bbox 238 3120 401 3193; x_wconf 88' lang='lat' dir='ltr'><strong>intelligere</strong></span> <span class='ocrx_word' id='word_1_394' title='bbox 417 3138 529 3176; x_wconf 89' lang='lat' dir='ltr'><strong>necesse</strong></span> <span class='ocrx_word' id='word_1_395' title='bbox 550 3128 592 3176; x_wconf 86' lang='lat' dir='ltr'><strong>est</strong></span> <span class='ocrx_word' id='word_1_396' title='bbox 610 3122 698 3197; x_wconf 70' lang='grc' dir='ltr'><strong>οὐπερὶ</strong></span> <span class='ocrx_word' id='word_1_397' title='bbox 713 3130 760 3184; x_wconf 78' lang='grc' dir='ltr'><strong>τῆς</strong></span> <span class='ocrx_word' id='word_1_398' title='bbox 782 3122 911 3197; x_wconf 58' lang='lat' dir='ltr'><strong>Epagrum</strong></span> <span class='ocrx_word' id='word_1_399' title='bbox 932 3127 1026 3197; x_wconf 78' lang='grc' dir='ltr'>σαρκὸς</span> <span class='ocrx_word' id='word_1_400' title='bbox 1041 3156 1061 3212; x_wconf 71' lang='lat' dir='ltr'><strong>c</strong></span> <span class='ocrx_word' id='word_1_401' title='bbox 1082 3117 1173 3189; x_wconf 86' lang='lat' dir='ltr'><strong>ceptis</strong></span> <span class='ocrx_word' id='word_1_402' title='bbox 1187 3118 1279 3172; x_wconf 89' lang='lat' dir='ltr'><strong>verbis</strong></span> <span class='ocrx_word' id='word_1_403' title='bbox 1292 3117 1410 3172; x_wconf 89' lang='lat' dir='ltr'><strong>secundi</strong></span> <span class='ocrx_word' id='word_1_404' title='bbox 1426 3118 1539 3172; x_wconf 90' lang='lat' dir='ltr'><strong>articuli</strong></span> <span class='ocrx_word' id='word_1_405' title='bbox 1555 3119 1620 3173; x_wconf 90' lang='lat' dir='ltr'><strong>libri</strong></span> <span class='ocrx_word' id='word_1_406' title='bbox 1636 3119 1783 3174; x_wconf 88' lang='lat' dir='ltr'><strong>ltatramni</strong></span> <span class='ocrx_word' id='word_1_407' title='bbox 1800 3137 1806 3174; x_wconf 90' lang='lat'>:</span> <span class='ocrx_word' id='word_1_408' title='bbox 1822 3142 1837 3170; x_wconf 78' lang='lat' dir='ltr'><strong>a</strong></span> <span class='ocrx_word' id='word_1_409' title='bbox 1853 3122 1924 3175; x_wconf 79' lang='lat' dir='ltr'><strong>lium</strong></span> 
     </span>
     <span class='ocr_line' id='line_1_56' title="bbox 179 3205 1926 3283; baseline 0.002 -23"><span class='ocrx_word' id='word_1_410' title='bbox 179 3213 223 3261; x_wconf 80' lang='grc' dir='ltr'><strong>καὶ</strong></span> <span class='ocrx_word' id='word_1_411' title='bbox 237 3210 346 3282; x_wconf 65' lang='lat' dir='ltr'><strong>alpem</strong></span> <span class='ocrx_word' id='word_1_412' title='bbox 361 3209 437 3278; x_wconf 69' lang='lat' dir='ltr'><strong>istst,</strong></span> <span class='ocrx_word' id='word_1_413' title='bbox 453 3227 518 3280; x_wconf 80' lang='lat' dir='ltr'><strong>quae</strong></span> <span class='ocrx_word' id='word_1_414' title='bbox 532 3211 573 3266; x_wconf 83' lang='lat' dir='ltr'><strong>sie</strong></span> <span class='ocrx_word' id='word_1_415' title='bbox 587 3211 686 3267; x_wconf 82' lang='lat' dir='ltr'><strong>Latine</strong></span> <span class='ocrx_word' id='word_1_416' title='bbox 700 3211 794 3267; x_wconf 85' lang='lat' dir='ltr'><strong>reddit</strong></span> <span class='ocrx_word' id='word_1_417' title='bbox 809 3228 816 3267; x_wconf 72' lang='grc' dir='ltr'><strong><em>ς</em></strong></span> <span class='ocrx_word' id='word_1_418' title='bbox 833 3214 893 3269; x_wconf 82' lang='lat' dir='ltr'><strong>Non</strong></span> <span class='ocrx_word' id='word_1_419' title='bbox 908 3212 942 3266; x_wconf 80' lang='lat' dir='ltr'><strong>de</strong></span> <span class='ocrx_word' id='word_1_420' title='bbox 956 3226 1027 3283; x_wconf 79' lang='lat' dir='ltr'><strong>pre·</strong></span> <span class='ocrx_word' id='word_1_421' title='bbox 1080 3206 1157 3261; x_wconf 86' lang='lat' dir='ltr'><strong>enim</strong></span> <span class='ocrx_word' id='word_1_422' title='bbox 1170 3206 1288 3277; x_wconf 84' lang='lat' dir='ltr'><strong>quidam</strong></span> <span class='ocrx_word' id='word_1_423' title='bbox 1306 3205 1434 3260; x_wconf 82' lang='lat' dir='ltr'><strong>iideiium</strong></span> <span class='ocrx_word' id='word_1_424' title='bbox 1452 3206 1581 3277; x_wconf 87' lang='lat' dir='ltr'><strong>corporis</strong></span> <span class='ocrx_word' id='word_1_425' title='bbox 1594 3208 1799 3279; x_wconf 80' lang='lat' dir='ltr'><strong>sanguinisque</strong></span> <span class='ocrx_word' id='word_1_426' title='bbox 1819 3208 1926 3264; x_wconf 84' lang='lat' dir='ltr'><strong>Christi</strong></span> 
     </span>
     <span class='ocr_line' id='line_1_57' title="bbox 179 3293 1927 3369; baseline 0.001 -20"><span class='ocrx_word' id='word_1_427' title='bbox 179 3295 647 3368; x_wconf 77' lang='lat' dir='ltr'><strong>senticomeetsonpataeperqit,</strong></span> <span class='ocrx_word' id='word_1_428' title='bbox 673 3304 705 3353; x_wconf 91' lang='lat' dir='ltr'><strong>ut</strong></span> <span class='ocrx_word' id='word_1_429' title='bbox 727 3297 924 3369; x_wconf 89' lang='lat' dir='ltr'><strong>intelligamus</strong></span> <span class='ocrx_word' id='word_1_430' title='bbox 947 3302 1025 3353; x_wconf 79' lang='lat' dir='ltr'><strong>Ana·</strong></span> <span class='ocrx_word' id='word_1_431' title='bbox 1082 3294 1206 3365; x_wconf 87' lang='lat' dir='ltr'><strong>quodin</strong></span> <span class='ocrx_word' id='word_1_432' title='bbox 1237 3293 1361 3349; x_wconf 87' lang='lat' dir='ltr'><strong>Ecclesia</strong></span> <span class='ocrx_word' id='word_1_433' title='bbox 1390 3294 1519 3365; x_wconf 87' lang='lat' dir='ltr'><strong>quotidie</strong></span> <span class='ocrx_word' id='word_1_434' title='bbox 1547 3295 1716 3364; x_wconf 89' lang='lat' dir='ltr'><strong>celebratur,</strong></span> <span class='ocrx_word' id='word_1_435' title='bbox 1741 3296 1927 3368; x_wconf 87' lang='lat' dir='ltr'><strong>dicantqnod</strong></span> 
     </span>
     <span class='ocr_line' id='line_1_58' title="bbox 178 3382 1927 3455; baseline 0.002 -17"><span class='ocrx_word' id='word_1_436' title='bbox 178 3382 373 3438; x_wconf 89' lang='lat' dir='ltr'><strong>stasiumnon</strong></span> <span class='ocrx_word' id='word_1_437' title='bbox 398 3387 544 3455; x_wconf 89' lang='lat' dir='ltr'><strong>reputasse</strong></span> <span class='ocrx_word' id='word_1_438' title='bbox 560 3391 611 3441; x_wconf 81' lang='lat' dir='ltr'><strong>arat</strong></span> <span class='ocrx_word' id='word_1_439' title='bbox 633 3387 787 3442; x_wconf 87' lang='lat' dir='ltr'><strong>credidisse</strong></span> <span class='ocrx_word' id='word_1_440' title='bbox 817 3387 962 3442; x_wconf 87' lang='lat' dir='ltr'><strong>Christum</strong></span> <span class='ocrx_word' id='word_1_441' title='bbox 982 3387 1027 3441; x_wconf 90' lang='lat' dir='ltr'><strong>his</strong></span> <span class='ocrx_word' id='word_1_442' title='bbox 1080 3386 1161 3439; x_wconf 89' lang='lat' dir='ltr'><strong>nulla</strong></span> <span class='ocrx_word' id='word_1_443' title='bbox 1189 3384 1243 3440; x_wconf 85' lang='lat' dir='ltr'><strong>sub</strong></span> <span class='ocrx_word' id='word_1_444' title='bbox 1274 3385 1379 3455; x_wconf 87' lang='lat' dir='ltr'><strong>ligura,</strong></span> <span class='ocrx_word' id='word_1_445' title='bbox 1414 3386 1493 3439; x_wconf 88' lang='lat' dir='ltr'><strong>nulla</strong></span> <span class='ocrx_word' id='word_1_446' title='bbox 1514 3385 1566 3440; x_wconf 92' lang='lat' dir='ltr'><strong>sub</strong></span> <span class='ocrx_word' id='word_1_447' title='bbox 1590 3385 1844 3454; x_wconf 86' lang='lat' dir='ltr'><strong>obvelationetlat,</strong></span> <span class='ocrx_word' id='word_1_448' title='bbox 1877 3386 1927 3441; x_wconf 87' lang='lat' dir='ltr'><strong>sod</strong></span> 
     </span>
     <span class='ocr_line' id='line_1_59' title="bbox 178 3471 1928 3547; baseline 0.002 -21"><span class='ocrx_word' id='word_1_449' title='bbox 178 3471 322 3542; x_wconf 90' lang='lat' dir='ltr'><strong>conceptis</strong></span> <span class='ocrx_word' id='word_1_450' title='bbox 337 3472 430 3526; x_wconf 84' lang='lat' dir='ltr'><strong>verbis</strong></span> <span class='ocrx_word' id='word_1_451' title='bbox 446 3474 591 3544; x_wconf 74' lang='lat' dir='ltr'><strong>Evangelii</strong></span> <span class='ocrx_word' id='word_1_452' title='bbox 606 3475 695 3528; x_wconf 87' lang='lat' dir='ltr'><strong>sancti</strong></span> <span class='ocrx_word' id='word_1_453' title='bbox 705 3474 837 3529; x_wconf 84' lang='lat' dir='ltr'><strong>loannis:</strong></span> <span class='ocrx_word' id='word_1_454' title='bbox 851 3496 864 3524; x_wconf 75' lang='lat' dir='ltr'><strong>a</strong></span> <span class='ocrx_word' id='word_1_455' title='bbox 879 3474 1026 3545; x_wconf 54' lang='lat' dir='ltr'><strong>Quissman·</strong></span> <span class='ocrx_word' id='word_1_456' title='bbox 1078 3471 1170 3544; x_wconf 90' lang='lat' dir='ltr'><strong>ipsius</strong></span> <span class='ocrx_word' id='word_1_457' title='bbox 1186 3473 1314 3528; x_wconf 87' lang='lat' dir='ltr'><strong>veritatis</strong></span> <span class='ocrx_word' id='word_1_458' title='bbox 1337 3473 1414 3528; x_wconf 87' lang='lat' dir='ltr'><strong>nuda</strong></span> <span class='ocrx_word' id='word_1_459' title='bbox 1435 3473 1663 3529; x_wconf 77' lang='lat' dir='ltr'><strong>manifestatione</strong></span> <span class='ocrx_word' id='word_1_460' title='bbox 1678 3480 1846 3546; x_wconf 61' lang='lat' dir='ltr'><strong>peragratum</strong></span> <span class='ocrx_word' id='word_1_461' title='bbox 1864 3477 1928 3547; x_wconf 90' lang='lat' dir='ltr'><strong>qui-</strong></span> 
     </span>
     <span class='ocr_line' id='line_1_60' title="bbox 178 3557 1928 3636; baseline 0.003 -23"><span class='ocrx_word' id='word_1_462' title='bbox 178 3557 264 3613; x_wconf 88' lang='lat' dir='ltr'><strong>ducat</strong></span> <span class='ocrx_word' id='word_1_463' title='bbox 282 3575 375 3614; x_wconf 80' lang='lat' dir='ltr'><strong>nicam</strong></span> <span class='ocrx_word' id='word_1_464' title='bbox 395 3576 521 3627; x_wconf 88' lang='lat' dir='ltr'><strong>carnem,</strong></span> <span class='ocrx_word' id='word_1_465' title='bbox 542 3566 571 3616; x_wconf 90' lang='lat' dir='ltr'><strong>et</strong></span> <span class='ocrx_word' id='word_1_466' title='bbox 592 3560 666 3616; x_wconf 92' lang='lat' dir='ltr'><strong>bibit</strong></span> <span class='ocrx_word' id='word_1_467' title='bbox 682 3577 778 3616; x_wconf 89' lang='lat' dir='ltr'><strong>meum</strong></span> <span class='ocrx_word' id='word_1_468' title='bbox 798 3563 980 3634; x_wconf 88' lang='lat' dir='ltr'><strong>sanguinem,</strong></span> <span class='ocrx_word' id='word_1_469' title='bbox 997 3562 1027 3616; x_wconf 93' lang='lat' dir='ltr'><strong>in</strong></span> <span class='ocrx_word' id='word_1_470' title='bbox 1079 3561 1146 3616; x_wconf 90' lang='lat' dir='ltr'><strong>dam</strong></span> <span class='ocrx_word' id='word_1_471' title='bbox 1167 3577 1234 3616; x_wconf 90' lang='lat' dir='ltr'><strong>vero</strong></span> <span class='ocrx_word' id='word_1_472' title='bbox 1255 3568 1396 3618; x_wconf 89' lang='lat' dir='ltr'><strong>testentur</strong></span> <span class='ocrx_word' id='word_1_473' title='bbox 1415 3564 1491 3635; x_wconf 85' lang='lat' dir='ltr'><strong>qnod</strong></span> <span class='ocrx_word' id='word_1_474' title='bbox 1513 3564 1574 3619; x_wconf 86' lang='lat' dir='ltr'><strong>baec</strong></span> <span class='ocrx_word' id='word_1_475' title='bbox 1596 3564 1649 3618; x_wconf 91' lang='lat' dir='ltr'><strong>snb</strong></span> <span class='ocrx_word' id='word_1_476' title='bbox 1675 3564 1805 3634; x_wconf 84' lang='lat' dir='ltr'><strong>mysterii</strong></span> <span class='ocrx_word' id='word_1_477' title='bbox 1833 3566 1928 3636; x_wconf 88' lang='lat' dir='ltr'><strong>ligura</strong></span> 
     </span>
     <span class='ocr_line' id='line_1_61' title="bbox 178 3647 1928 3723; baseline 0.004 -24"><span class='ocrx_word' id='word_1_478' title='bbox 178 3661 225 3700; x_wconf 89' lang='lat' dir='ltr'><strong>me</strong></span> <span class='ocrx_word' id='word_1_479' title='bbox 241 3650 437 3717; x_wconf 82' lang='lat' dir='ltr'><strong>monetatago</strong></span> <span class='ocrx_word' id='word_1_480' title='bbox 451 3647 482 3701; x_wconf 90' lang='lat' dir='ltr'><strong>in</strong></span> <span class='ocrx_word' id='word_1_481' title='bbox 496 3648 556 3715; x_wconf 92' lang='lat' dir='ltr'><strong>illo,</strong></span> <span class='ocrx_word' id='word_1_482' title='bbox 570 3669 584 3697; x_wconf 92' lang='lat'>»</span> <span class='ocrx_word' id='word_1_483' title='bbox 600 3649 744 3718; x_wconf 88' lang='lat' dir='ltr'><strong>appulisse</strong></span> <span class='ocrx_word' id='word_1_484' title='bbox 758 3649 888 3705; x_wconf 89' lang='lat' dir='ltr'><strong>animum</strong></span> <span class='ocrx_word' id='word_1_485' title='bbox 904 3656 936 3705; x_wconf 89' lang='lat' dir='ltr'><strong>ut</strong></span> <span class='ocrx_word' id='word_1_486' title='bbox 947 3667 1026 3705; x_wconf 85' lang='lat' dir='ltr'><strong>man·</strong></span> <span class='ocrx_word' id='word_1_487' title='bbox 1080 3649 1293 3718; x_wconf 87' lang='lat' dir='ltr'><strong>contineantur,</strong></span> <span class='ocrx_word' id='word_1_488' title='bbox 1308 3657 1361 3706; x_wconf 87' lang='lat' dir='ltr'><strong>etc.</strong></span> <span class='ocrx_word' id='word_1_489' title='bbox 1379 3652 1470 3707; x_wconf 72' lang='lat' dir='ltr'><strong>»hee</strong></span> <span class='ocrx_word' id='word_1_490' title='bbox 1484 3652 1563 3707; x_wconf 88' lang='lat' dir='ltr'><strong>enim</strong></span> <span class='ocrx_word' id='word_1_491' title='bbox 1578 3669 1635 3706; x_wconf 89' lang='lat' dir='ltr'><strong>nou</strong></span> <span class='ocrx_word' id='word_1_492' title='bbox 1649 3652 1741 3706; x_wconf 89' lang='lat' dir='ltr'><strong>solum</strong></span> <span class='ocrx_word' id='word_1_493' title='bbox 1756 3653 1819 3707; x_wconf 91' lang='lat' dir='ltr'><strong>sina</strong></span> <span class='ocrx_word' id='word_1_494' title='bbox 1835 3669 1928 3723; x_wconf 88' lang='lat' dir='ltr'><strong>mora,</strong></span> 
     </span>
    </p>
   </div>
   <div class='ocr_carea' id='block_1_10' title="bbox 178 3734 1028 4246">
    <p class='ocr_par' dir='ltr' id='par_1_12' title="bbox 178 3734 1028 4246">
     <span class='ocr_line' id='line_1_62' title="bbox 179 3734 1028 3810; baseline 0.006 -21"><span class='ocrx_word' id='word_1_495' title='bbox 179 3734 286 3790; x_wconf 88' lang='lat' dir='ltr'><strong>tionem</strong></span> <span class='ocrx_word' id='word_1_496' title='bbox 299 3735 406 3790; x_wconf 86' lang='lat' dir='ltr'><strong>laceret</strong></span> <span class='ocrx_word' id='word_1_497' title='bbox 424 3752 499 3790; x_wconf 86' lang='lat' dir='ltr'><strong>vere</strong></span> <span class='ocrx_word' id='word_1_498' title='bbox 514 3737 675 3807; x_wconf 74' lang='lat' dir='ltr'><strong>presentie</strong></span> <span class='ocrx_word' id='word_1_499' title='bbox 695 3739 754 3793; x_wconf 87' lang='lat' dir='ltr'><strong>veri</strong></span> <span class='ocrx_word' id='word_1_500' title='bbox 768 3739 897 3810; x_wconf 89' lang='lat' dir='ltr'><strong>corporis</strong></span> <span class='ocrx_word' id='word_1_501' title='bbox 923 3739 1028 3795; x_wconf 89' lang='lat' dir='ltr'><strong>Christi</strong></span> 
     </span>
     <span class='ocr_line' id='line_1_63' title="bbox 179 3822 1026 3883; baseline 0.007 -7"><span class='ocrx_word' id='word_1_502' title='bbox 179 3822 210 3877; x_wconf 93' lang='lat' dir='ltr'><strong>in</strong></span> <span class='ocrx_word' id='word_1_503' title='bbox 223 3823 414 3878; x_wconf 87' lang='lat' dir='ltr'><strong>eucharistia:</strong></span> <span class='ocrx_word' id='word_1_504' title='bbox 442 3841 508 3879; x_wconf 89' lang='lat' dir='ltr'><strong>curn</strong></span> <span class='ocrx_word' id='word_1_505' title='bbox 539 3842 639 3879; x_wconf 90' lang='lat' dir='ltr'><strong>sensus</strong></span> <span class='ocrx_word' id='word_1_506' title='bbox 665 3827 807 3881; x_wconf 70' lang='lat' dir='ltr'><strong>anastasii</strong></span> <span class='ocrx_word' id='word_1_507' title='bbox 832 3829 869 3882; x_wconf 91' lang='lat' dir='ltr'><strong>sit</strong></span> <span class='ocrx_word' id='word_1_508' title='bbox 896 3834 1026 3883; x_wconf 90' lang='lat' dir='ltr'><strong>sanctum</strong></span> 
     </span>
     <span class='ocr_line' id='line_1_64' title="bbox 178 3911 1027 3971; baseline 0.008 -7"><span class='ocrx_word' id='word_1_509' title='bbox 178 3911 317 3965; x_wconf 86' lang='lat' dir='ltr'><strong>loannem</strong></span> <span class='ocrx_word' id='word_1_510' title='bbox 333 3926 398 3965; x_wconf 90' lang='lat' dir='ltr'><strong>cum</strong></span> <span class='ocrx_word' id='word_1_511' title='bbox 414 3911 526 3967; x_wconf 88' lang='lat' dir='ltr'><strong>Christo</strong></span> <span class='ocrx_word' id='word_1_512' title='bbox 544 3913 666 3967; x_wconf 88' lang='lat' dir='ltr'><strong>Domino</strong></span> <span class='ocrx_word' id='word_1_513' title='bbox 681 3931 715 3967; x_wconf 89' lang='lat' dir='ltr'><strong>ao</strong></span> <span class='ocrx_word' id='word_1_514' title='bbox 728 3915 784 3968; x_wconf 79' lang='lat' dir='ltr'><strong>laci</strong></span> <span class='ocrx_word' id='word_1_515' title='bbox 798 3930 859 3970; x_wconf 92' lang='lat' dir='ltr'><strong>non</strong></span> <span class='ocrx_word' id='word_1_516' title='bbox 871 3916 1027 3971; x_wconf 88' lang='lat' dir='ltr'><strong>attendisse</strong></span> 
     </span>
     <span class='ocr_line' id='line_1_65' title="bbox 180 4002 1026 4071; baseline 0.008 -19"><span class='ocrx_word' id='word_1_517' title='bbox 180 4006 230 4054; x_wconf 88' lang='lat' dir='ltr'><strong>aut</strong></span> <span class='ocrx_word' id='word_1_518' title='bbox 240 4004 381 4070; x_wconf 86' lang='lat' dir='ltr'><strong>spectasse</strong></span> <span class='ocrx_word' id='word_1_519' title='bbox 396 4015 511 4055; x_wconf 88' lang='lat' dir='ltr'><strong>carnem</strong></span> <span class='ocrx_word' id='word_1_520' title='bbox 527 4006 555 4054; x_wconf 88' lang='lat' dir='ltr'><strong>et</strong></span> <span class='ocrx_word' id='word_1_521' title='bbox 569 4002 739 4071; x_wconf 87' lang='lat' dir='ltr'><strong>sauguinem</strong></span> <span class='ocrx_word' id='word_1_522' title='bbox 756 4002 898 4058; x_wconf 85' lang='lat' dir='ltr'><strong>risibilem</strong></span> <span class='ocrx_word' id='word_1_523' title='bbox 917 4009 946 4059; x_wconf 90' lang='lat' dir='ltr'><strong>et</strong></span> <span class='ocrx_word' id='word_1_524' title='bbox 961 4021 1026 4059; x_wconf 91' lang='lat' dir='ltr'><strong>sen-</strong></span> 
     </span>
     <span class='ocr_line' id='line_1_66' title="bbox 180 4085 1026 4160; baseline 0.009 -20"><span class='ocrx_word' id='word_1_525' title='bbox 180 4085 259 4140; x_wconf 85' lang='lat' dir='ltr'><strong>sibus</strong></span> <span class='ocrx_word' id='word_1_526' title='bbox 289 4087 458 4157; x_wconf 87' lang='lat' dir='ltr'><strong>subjectam,</strong></span> <span class='ocrx_word' id='word_1_527' title='bbox 488 4089 619 4158; x_wconf 88' lang='lat' dir='ltr'><strong>quamvis</strong></span> <span class='ocrx_word' id='word_1_528' title='bbox 648 4097 819 4160; x_wconf 75' lang='lat' dir='ltr'><strong>presentem</strong></span> <span class='ocrx_word' id='word_1_529' title='bbox 850 4108 949 4148; x_wconf 88' lang='lat' dir='ltr'><strong>revera</strong></span> <span class='ocrx_word' id='word_1_530' title='bbox 977 4110 1026 4148; x_wconf 89' lang='lat' dir='ltr'><strong>seu</strong></span> 
     </span>
     <span class='ocr_line' id='line_1_67' title="bbox 180 4175 1028 4246; baseline 0.011 -18"><span class='ocrx_word' id='word_1_531' title='bbox 180 4175 303 4241; x_wconf 85' lang='lat' dir='ltr'><strong>reolitcr;</strong></span> <span class='ocrx_word' id='word_1_532' title='bbox 335 4191 422 4246; x_wconf 88' lang='lat' dir='ltr'><strong>quarn</strong></span> <span class='ocrx_word' id='word_1_533' title='bbox 451 4192 512 4230; x_wconf 88' lang='lat' dir='ltr'><strong>esse</strong></span> <span class='ocrx_word' id='word_1_534' title='bbox 538 4177 677 4232; x_wconf 89' lang='lat' dir='ltr'><strong>sinceram</strong></span> <span class='ocrx_word' id='word_1_535' title='bbox 707 4178 868 4234; x_wconf 88' lang='lat' dir='ltr'><strong>doctrinam</strong></span> <span class='ocrx_word' id='word_1_536' title='bbox 896 4183 1028 4237; x_wconf 85' lang='lat' dir='ltr'><strong>Ecclesie</strong></span> 
     </span>
    </p>
   </div>
   <div class='ocr_carea' id='block_1_11' title="bbox 1079 3738 1929 4251">
    <p class='ocr_par' dir='ltr' id='par_1_13' title="bbox 1079 3738 1929 4251">
     <span class='ocr_line' id='line_1_68' title="bbox 1080 3738 1928 3810; baseline 0.006 -18"><span class='ocrx_word' id='word_1_537' title='bbox 1080 3738 1133 3792; x_wconf 92' lang='lat' dir='ltr'><strong>sub</strong></span> <span class='ocrx_word' id='word_1_538' title='bbox 1148 3738 1243 3793; x_wconf 90' lang='lat' dir='ltr'><strong>subito</strong></span> <span class='ocrx_word' id='word_1_539' title='bbox 1258 3739 1433 3794; x_wconf 80' lang='lat' dir='ltr'><strong>constituere</strong></span> <span class='ocrx_word' id='word_1_540' title='bbox 1447 3740 1551 3795; x_wconf 90' lang='lat' dir='ltr'><strong>debent</strong></span> <span class='ocrx_word' id='word_1_541' title='bbox 1561 3745 1589 3794; x_wconf 87' lang='lat' dir='ltr'><strong>et</strong></span> <span class='ocrx_word' id='word_1_542' title='bbox 1601 3742 1690 3810; x_wconf 89' lang='lat' dir='ltr'><strong>ligera</strong></span> <span class='ocrx_word' id='word_1_543' title='bbox 1701 3740 1730 3794; x_wconf 90' lang='lat' dir='ltr'><strong>iu</strong></span> <span class='ocrx_word' id='word_1_544' title='bbox 1747 3741 1803 3796; x_wconf 89' lang='lat' dir='ltr'><strong>lide</strong></span> <span class='ocrx_word' id='word_1_545' title='bbox 1820 3747 1848 3796; x_wconf 90' lang='lat' dir='ltr'><strong>et</strong></span> <span class='ocrx_word' id='word_1_546' title='bbox 1863 3759 1928 3797; x_wconf 88' lang='lat' dir='ltr'><strong>sua-</strong></span> 
     </span>
     <span class='ocr_line' id='line_1_69' title="bbox 1079 3826 1927 3898; baseline 0.005 -18"><span class='ocrx_word' id='word_1_547' title='bbox 1079 3826 1169 3894; x_wconf 91' lang='lat' dir='ltr'><strong>sione,</strong></span> <span class='ocrx_word' id='word_1_548' title='bbox 1186 3826 1262 3898; x_wconf 91' lang='lat' dir='ltr'><strong>quod</strong></span> <span class='ocrx_word' id='word_1_549' title='bbox 1279 3842 1314 3881; x_wconf 85' lang='lat' dir='ltr'><strong>ex</strong></span> <span class='ocrx_word' id='word_1_550' title='bbox 1328 3826 1431 3882; x_wconf 89' lang='lat' dir='ltr'><strong>nostris</strong></span> <span class='ocrx_word' id='word_1_551' title='bbox 1448 3827 1681 3882; x_wconf 85' lang='lat' dir='ltr'><strong>adnotationibus</strong></span> <span class='ocrx_word' id='word_1_552' title='bbox 1695 3829 1803 3883; x_wconf 89' lang='lat' dir='ltr'><strong>allatim</strong></span> <span class='ocrx_word' id='word_1_553' title='bbox 1820 3829 1927 3884; x_wconf 85' lang='lat' dir='ltr'><strong>intelli·</strong></span> 
     </span>
     <span class='ocr_line' id='line_1_70' title="bbox 1080 3915 1929 3987; baseline 0.004 -20"><span class='ocrx_word' id='word_1_554' title='bbox 1080 3920 1174 3984; x_wconf 89' lang='lat' dir='ltr'><strong>getur,</strong></span> <span class='ocrx_word' id='word_1_555' title='bbox 1197 3915 1439 3970; x_wconf 87' lang='lat' dir='ltr'><strong>concertationem</strong></span> <span class='ocrx_word' id='word_1_556' title='bbox 1466 3931 1532 3985; x_wconf 81' lang='lat' dir='ltr'><strong>quae</strong></span> <span class='ocrx_word' id='word_1_557' title='bbox 1560 3916 1655 3970; x_wconf 89' lang='lat' dir='ltr'><strong>locum</strong></span> <span class='ocrx_word' id='word_1_558' title='bbox 1683 3915 1763 3971; x_wconf 89' lang='lat' dir='ltr'><strong>dedit</strong></span> <span class='ocrx_word' id='word_1_559' title='bbox 1790 3918 1929 3987; x_wconf 89' lang='lat' dir='ltr'><strong>opusculo</strong></span> 
     </span>
     <span class='ocr_line' id='line_1_71' title="bbox 1081 4003 1928 4061; baseline -0.001 -2"><span class='ocrx_word' id='word_1_560' title='bbox 1081 4003 1229 4059; x_wconf 84' lang='lat' dir='ltr'><strong>Ratramni</strong></span> <span class='ocrx_word' id='word_1_561' title='bbox 1244 4019 1318 4058; x_wconf 89' lang='lat' dir='ltr'><strong>nouo</strong></span> <span class='ocrx_word' id='word_1_562' title='bbox 1333 4003 1437 4058; x_wconf 86' lang='lat' dir='ltr'><strong>secolo</strong></span> <span class='ocrx_word' id='word_1_563' title='bbox 1453 4004 1582 4059; x_wconf 83' lang='lat' dir='ltr'><strong>Ecclesiae</strong></span> <span class='ocrx_word' id='word_1_564' title='bbox 1597 4003 1673 4058; x_wconf 87' lang='lat' dir='ltr'><strong>inter</strong></span> <span class='ocrx_word' id='word_1_565' title='bbox 1688 4004 1835 4059; x_wconf 84' lang='lat' dir='ltr'><strong>catholice</strong></span> <span class='ocrx_word' id='word_1_566' title='bbox 1863 4006 1928 4061; x_wconf 85' lang='lat' dir='ltr'><strong>lidei</strong></span> 
     </span>
     <span class='ocr_line' id='line_1_72' title="bbox 1080 4090 1928 4162; baseline 0.004 -18"><span class='ocrx_word' id='word_1_567' title='bbox 1080 4091 1157 4145; x_wconf 89' lang='lat' dir='ltr'><strong>viros</strong></span> <span class='ocrx_word' id='word_1_568' title='bbox 1172 4090 1337 4145; x_wconf 81' lang='lat' dir='ltr'><strong>defensores</strong></span> <span class='ocrx_word' id='word_1_569' title='bbox 1351 4091 1520 4158; x_wconf 86' lang='lat' dir='ltr'><strong>substitisse,</strong></span> <span class='ocrx_word' id='word_1_570' title='bbox 1541 4091 1646 4146; x_wconf 84' lang='lat' dir='ltr'><strong>etheri</strong></span> <span class='ocrx_word' id='word_1_571' title='bbox 1672 4108 1730 4146; x_wconf 92' lang='lat' dir='ltr'><strong>uon</strong></span> <span class='ocrx_word' id='word_1_572' title='bbox 1756 4093 1883 4162; x_wconf 88' lang='lat' dir='ltr'><strong>potuisse</strong></span> <span class='ocrx_word' id='word_1_573' title='bbox 1899 4097 1928 4147; x_wconf 90' lang='lat' dir='ltr'><strong>ut</strong></span> 
     </span>
     <span class='ocr_line' id='line_1_73' title="bbox 1080 4179 1925 4251; baseline 0.001 -17"><span class='ocrx_word' id='word_1_574' title='bbox 1080 4181 1233 4234; x_wconf 64' lang='lat' dir='ltr'><strong>recitatam</strong></span> <span class='ocrx_word' id='word_1_575' title='bbox 1262 4184 1290 4233; x_wconf 89' lang='lat' dir='ltr'><strong>at</strong></span> <span class='ocrx_word' id='word_1_576' title='bbox 1319 4180 1469 4234; x_wconf 83' lang='lat' dir='ltr'><strong>veritatem</strong></span> <span class='ocrx_word' id='word_1_577' title='bbox 1494 4179 1624 4251; x_wconf 91' lang='lat' dir='ltr'><strong>corporis</strong></span> <span class='ocrx_word' id='word_1_578' title='bbox 1638 4179 1743 4236; x_wconf 89' lang='lat' dir='ltr'><strong>Christi</strong></span> <span class='ocrx_word' id='word_1_579' title='bbox 1772 4179 1801 4236; x_wconf 91' lang='lat' dir='ltr'><strong>in</strong></span> <span class='ocrx_word' id='word_1_580' title='bbox 1819 4182 1925 4237; x_wconf 88' lang='lat' dir='ltr'><strong>Eucha-</strong></span> 
     </span>
    </p>
   </div>
   <div class='ocr_carea' id='block_1_12' title="bbox 180 4260 1928 4517">
    <p class='ocr_par' dir='ltr' id='par_1_14' title="bbox 180 4260 1928 4517">
     <span class='ocr_line' id='line_1_74' title="bbox 180 4260 1927 4341; baseline 0.006 -27"><span class='ocrx_word' id='word_1_581' title='bbox 180 4260 325 4315; x_wconf 86' lang='lat' dir='ltr'><strong>catholicae</strong></span> <span class='ocrx_word' id='word_1_582' title='bbox 340 4278 398 4316; x_wconf 91' lang='lat' dir='ltr'><strong>non</strong></span> <span class='ocrx_word' id='word_1_583' title='bbox 414 4263 533 4318; x_wconf 89' lang='lat' dir='ltr'><strong>dubium</strong></span> <span class='ocrx_word' id='word_1_584' title='bbox 549 4270 602 4320; x_wconf 90' lang='lat' dir='ltr'><strong>est.</strong></span> <span class='ocrx_word' id='word_1_585' title='bbox 621 4266 796 4322; x_wconf 87' lang='lat' dir='ltr'><strong>Nemotldus</strong></span> <span class='ocrx_word' id='word_1_586' title='bbox 810 4268 951 4341; x_wconf 87' lang='lat' dir='ltr'><strong>interpres</strong></span> <span class='ocrx_word' id='word_1_587' title='bbox 966 4270 1028 4325; x_wconf 80' lang='lat' dir='ltr'><strong>hec</strong></span> <span class='ocrx_word' id='word_1_588' title='bbox 1081 4266 1161 4321; x_wconf 88' lang='lat' dir='ltr'><strong>ristia</strong></span> <span class='ocrx_word' id='word_1_589' title='bbox 1173 4271 1311 4337; x_wconf 87' lang='lat' dir='ltr'><strong>spectaret</strong></span> <span class='ocrx_word' id='word_1_590' title='bbox 1329 4283 1335 4321; x_wconf 90' lang='lat'>:</span> <span class='ocrx_word' id='word_1_591' title='bbox 1351 4282 1416 4322; x_wconf 91' lang='lat' dir='ltr'><strong>cum</strong></span> <span class='ocrx_word' id='word_1_592' title='bbox 1433 4284 1484 4339; x_wconf 94' lang='lat' dir='ltr'><strong>pro</strong></span> <span class='ocrx_word' id='word_1_593' title='bbox 1507 4272 1535 4323; x_wconf 88' lang='lat' dir='ltr'><strong>et</strong></span> <span class='ocrx_word' id='word_1_594' title='bbox 1555 4272 1664 4334; x_wconf 85' lang='lat' dir='ltr'><strong>corrtra,</strong></span> <span class='ocrx_word' id='word_1_595' title='bbox 1680 4268 1715 4324; x_wconf 88' lang='lat' dir='ltr'><strong>de</strong></span> <span class='ocrx_word' id='word_1_596' title='bbox 1730 4268 1815 4323; x_wconf 90' lang='lat' dir='ltr'><strong>hocce</strong></span> <span class='ocrx_word' id='word_1_597' title='bbox 1839 4274 1927 4340; x_wconf 81' lang='lat' dir='ltr'><strong>syste-</strong></span> 
     </span>
     <span class='ocr_line' id='line_1_75' title="bbox 181 4347 1928 4429; baseline 0.006 -30"><span class='ocrx_word' id='word_1_598' title='bbox 181 4347 269 4400; x_wconf 87' lang='lat' dir='ltr'><strong>verba</strong></span> <span class='ocrx_word' id='word_1_599' title='bbox 283 4347 372 4401; x_wconf 88' lang='lat' dir='ltr'><strong>sancti</strong></span> <span class='ocrx_word' id='word_1_600' title='bbox 386 4349 503 4404; x_wconf 78' lang='lat' dir='ltr'><strong>loannis</strong></span> <span class='ocrx_word' id='word_1_601' title='bbox 523 4350 715 4421; x_wconf 86' lang='lat' dir='ltr'><strong>Chrysostomi</strong></span> <span class='ocrx_word' id='word_1_602' title='bbox 741 4369 775 4408; x_wconf 89' lang='lat' dir='ltr'><strong>ex</strong></span> <span class='ocrx_word' id='word_1_603' title='bbox 798 4353 918 4409; x_wconf 89' lang='lat' dir='ltr'><strong>homilia</strong></span> <span class='ocrx_word' id='word_1_604' title='bbox 937 4357 981 4419; x_wconf 78' lang='lat'><strong>73,</strong></span> <span class='ocrx_word' id='word_1_605' title='bbox 998 4356 1027 4409; x_wconf 89' lang='lat' dir='ltr'><strong>in</strong></span> <span class='ocrx_word' id='word_1_606' title='bbox 1082 4360 1158 4410; x_wconf 88' lang='lat' dir='ltr'><strong>mate</strong></span> <span class='ocrx_word' id='word_1_607' title='bbox 1185 4355 1284 4410; x_wconf 89' lang='lat' dir='ltr'><strong>tideles</strong></span> <span class='ocrx_word' id='word_1_608' title='bbox 1304 4355 1485 4427; x_wconf 76' lang='lat' dir='ltr'><strong>aequabiliter</strong></span> <span class='ocrx_word' id='word_1_609' title='bbox 1510 4355 1663 4411; x_wconf 83' lang='lat' dir='ltr'><strong>detondere</strong></span> <span class='ocrx_word' id='word_1_610' title='bbox 1685 4361 1734 4410; x_wconf 88' lang='lat' dir='ltr'><strong>aut</strong></span> <span class='ocrx_word' id='word_1_611' title='bbox 1756 4355 1928 4429; x_wconf 81' lang='lat' dir='ltr'><strong>impugnare</strong></span> 
     </span>
     <span class='ocr_line' id='line_1_76' title="bbox 180 4437 1928 4517; baseline 0.006 -28"><span class='ocrx_word' id='word_1_612' title='bbox 180 4451 242 4506; x_wconf 88' lang='lat' dir='ltr'><strong>cap.</strong></span> <span class='ocrx_word' id='word_1_613' title='bbox 253 4451 300 4488; x_wconf 82' lang='lat' dir='ltr'><strong>xiv</strong></span> <span class='ocrx_word' id='word_1_614' title='bbox 314 4437 403 4490; x_wconf 88' lang='lat' dir='ltr'><strong>sancti</strong></span> <span class='ocrx_word' id='word_1_615' title='bbox 418 4438 546 4505; x_wconf 82' lang='lat' dir='ltr'><strong>loannis,</strong></span> <span class='ocrx_word' id='word_1_616' title='bbox 558 4446 666 4510; x_wconf 73' lang='lat' dir='ltr'><strong>varst,</strong></span> <span class='ocrx_word' id='word_1_617' title='bbox 678 4444 743 4502; x_wconf 79' lang='grc' dir='ltr'><strong>Τοὺς</strong></span> <span class='ocrx_word' id='word_1_618' title='bbox 758 4445 803 4514; x_wconf 73' lang='grc' dir='ltr'><strong>μέν</strong></span> <span class='ocrx_word' id='word_1_619' title='bbox 816 4444 866 4517; x_wconf 76' lang='grc' dir='ltr'><strong>γὰρ</strong></span> <span class='ocrx_word' id='word_1_620' title='bbox 881 4445 1024 4517; x_wconf 73' lang='grc' dir='ltr'><strong>ὁρωμένους</strong></span> <span class='ocrx_word' id='word_1_621' title='bbox 1041 4451 1063 4506; x_wconf 81' lang='grc' dir='ltr'><strong>υ</strong></span> <span class='ocrx_word' id='word_1_622' title='bbox 1082 4459 1140 4497; x_wconf 93' lang='lat' dir='ltr'><strong>non</strong></span> <span class='ocrx_word' id='word_1_623' title='bbox 1153 4442 1313 4514; x_wconf 82' lang='lat' dir='ltr'><strong>potuerint3</strong></span> <span class='ocrx_word' id='word_1_624' title='bbox 1328 4448 1357 4498; x_wconf 91' lang='lat' dir='ltr'><strong>et</strong></span> <span class='ocrx_word' id='word_1_625' title='bbox 1380 4443 1434 4498; x_wconf 88' lang='lat' dir='ltr'><strong>nisi</strong></span> <span class='ocrx_word' id='word_1_626' title='bbox 1463 4444 1493 4498; x_wconf 92' lang='lat' dir='ltr'><strong>in</strong></span> <span class='ocrx_word' id='word_1_627' title='bbox 1509 4443 1604 4499; x_wconf 93' lang='lat' dir='ltr'><strong>medio</strong></span> <span class='ocrx_word' id='word_1_628' title='bbox 1632 4443 1736 4498; x_wconf 87' lang='lat' dir='ltr'><strong>dubios</strong></span> <span class='ocrx_word' id='word_1_629' title='bbox 1760 4445 1928 4510; x_wconf 88' lang='lat' dir='ltr'><strong>consistere,</strong></span> 
     </span>
    </p>
   </div>
   <div class='ocr_carea' id='block_1_13' title="bbox 177 4519 1030 5571">
    <p class='ocr_par' dir='ltr' id='par_1_15' title="bbox 177 4519 1030 5571">
     <span class='ocr_line' id='line_1_77' title="bbox 182 4519 1026 4600; baseline 0.012 -25"><span class='ocrx_word' id='word_1_630' title='bbox 182 4519 315 4596; x_wconf 77' lang='grc' dir='ltr'><strong>δυνάμεθα</strong></span> <span class='ocrx_word' id='word_1_631' title='bbox 337 4528 380 4575; x_wconf 78' lang='grc' dir='ltr'><strong>καὶ</strong></span> <span class='ocrx_word' id='word_1_632' title='bbox 404 4525 465 4600; x_wconf 76' lang='grc' dir='ltr'><strong>ὀροῖν</strong></span> <span class='ocrx_word' id='word_1_633' title='bbox 480 4530 523 4578; x_wconf 76' lang='lat' dir='ltr'><strong>eat</strong></span> <span class='ocrx_word' id='word_1_634' title='bbox 546 4525 655 4598; x_wconf 76' lang='grc' dir='ltr'><strong>ἀγνοεῖν,</strong></span> <span class='ocrx_word' id='word_1_635' title='bbox 672 4529 717 4583; x_wconf 85' lang='lat' dir='ltr'><strong>iris</strong></span> <span class='ocrx_word' id='word_1_636' title='bbox 743 4530 850 4585; x_wconf 81' lang='lat' dir='ltr'><strong>Latinis</strong></span> <span class='ocrx_word' id='word_1_637' title='bbox 875 4531 1026 4586; x_wconf 84' lang='lat' dir='ltr'><strong>reddidit:</strong></span> 
     </span>
     <span class='ocr_line' id='line_1_78' title="bbox 183 4612 1029 4688; baseline 0.008 -23"><span class='ocrx_word' id='word_1_638' title='bbox 183 4612 263 4666; x_wconf 72' lang='lat' dir='ltr'><strong>ans</strong></span> <span class='ocrx_word' id='word_1_639' title='bbox 277 4612 355 4667; x_wconf 90' lang='lat' dir='ltr'><strong>enim</strong></span> <span class='ocrx_word' id='word_1_640' title='bbox 375 4613 425 4683; x_wconf 90' lang='lat' dir='ltr'><strong>qui</strong></span> <span class='ocrx_word' id='word_1_641' title='bbox 444 4621 600 4685; x_wconf 80' lang='lat' dir='ltr'><strong>presentes</strong></span> <span class='ocrx_word' id='word_1_642' title='bbox 620 4621 687 4670; x_wconf 91' lang='lat' dir='ltr'><strong>sunt</strong></span> <span class='ocrx_word' id='word_1_643' title='bbox 710 4633 862 4688; x_wconf 87' lang='lat' dir='ltr'><strong>possumus</strong></span> <span class='ocrx_word' id='word_1_644' title='bbox 886 4617 983 4672; x_wconf 92' lang='lat' dir='ltr'><strong>videre</strong></span> <span class='ocrx_word' id='word_1_645' title='bbox 1000 4622 1029 4672; x_wconf 88' lang='lat' dir='ltr'><strong>et</strong></span> 
     </span>
     <span class='ocr_line' id='line_1_79' title="bbox 180 4699 1028 4778; baseline 0.011 -25"><span class='ocrx_word' id='word_1_646' title='bbox 180 4699 329 4770; x_wconf 88' lang='lat' dir='ltr'><strong>ignorare;</strong></span> <span class='ocrx_word' id='word_1_647' title='bbox 344 4702 412 4756; x_wconf 88' lang='lat' dir='ltr'><strong>sed:</strong></span> <span class='ocrx_word' id='word_1_648' title='bbox 430 4702 481 4756; x_wconf 89' lang='lat' dir='ltr'><strong>Eos</strong></span> <span class='ocrx_word' id='word_1_649' title='bbox 502 4718 574 4773; x_wconf 90' lang='lat' dir='ltr'><strong>qnos</strong></span> <span class='ocrx_word' id='word_1_650' title='bbox 597 4704 727 4760; x_wconf 88' lang='lat' dir='ltr'><strong>videmus</strong></span> <span class='ocrx_word' id='word_1_651' title='bbox 759 4721 910 4778; x_wconf 85' lang='lat' dir='ltr'><strong>possumus</strong></span> <span class='ocrx_word' id='word_1_652' title='bbox 931 4706 1028 4762; x_wconf 88' lang='lat' dir='ltr'><strong>videre</strong></span> 
     </span>
     <span class='ocr_line' id='line_1_80' title="bbox 181 4787 1028 4858; baseline 0.008 -16"><span class='ocrx_word' id='word_1_653' title='bbox 181 4793 209 4843; x_wconf 91' lang='lat' dir='ltr'><strong>et</strong></span> <span class='ocrx_word' id='word_1_654' title='bbox 228 4787 372 4858; x_wconf 87' lang='lat' dir='ltr'><strong>ignorare.</strong></span> <span class='ocrx_word' id='word_1_655' title='bbox 391 4811 405 4838; x_wconf 88' lang='lat'>»</span> <span class='ocrx_word' id='word_1_656' title='bbox 430 4790 524 4844; x_wconf 81' lang='lat' dir='ltr'><strong>Fidem</strong></span> <span class='ocrx_word' id='word_1_657' title='bbox 545 4791 654 4847; x_wconf 82' lang='lat' dir='ltr'><strong>faciunt</strong></span> <span class='ocrx_word' id='word_1_658' title='bbox 676 4810 777 4849; x_wconf 85' lang='lat' dir='ltr'><strong>omnes</strong></span> <span class='ocrx_word' id='word_1_659' title='bbox 800 4793 964 4849; x_wconf 90' lang='lat' dir='ltr'><strong>dictionarii</strong></span> <span class='ocrx_word' id='word_1_660' title='bbox 980 4810 1028 4849; x_wconf 82' lang='lat' dir='ltr'><strong>ao·</strong></span> 
     </span>
     <span class='ocr_line' id='line_1_81' title="bbox 180 4877 1027 4953; baseline 0.005 -21"><span class='ocrx_word' id='word_1_661' title='bbox 180 4877 257 4932; x_wconf 90' lang='lat' dir='ltr'><strong>dices</strong></span> <span class='ocrx_word' id='word_1_662' title='bbox 271 4881 299 4932; x_wconf 88' lang='lat' dir='ltr'><strong>et</strong></span> <span class='ocrx_word' id='word_1_663' title='bbox 315 4877 403 4933; x_wconf 86' lang='lat' dir='ltr'><strong>taxica</strong></span> <span class='ocrx_word' id='word_1_664' title='bbox 416 4880 522 4943; x_wconf 87' lang='lat' dir='ltr'><strong>Creca,</strong></span> <span class='ocrx_word' id='word_1_665' title='bbox 539 4885 567 4935; x_wconf 90' lang='lat' dir='ltr'><strong>et</strong></span> <span class='ocrx_word' id='word_1_666' title='bbox 581 4887 714 4953; x_wconf 89' lang='lat' dir='ltr'><strong>quoquot</strong></span> <span class='ocrx_word' id='word_1_667' title='bbox 729 4887 797 4936; x_wconf 80' lang='lat' dir='ltr'><strong>scrut</strong></span> <span class='ocrx_word' id='word_1_668' title='bbox 818 4882 871 4937; x_wconf 89' lang='lat' dir='ltr'><strong>viri</strong></span> <span class='ocrx_word' id='word_1_669' title='bbox 900 4882 1027 4952; x_wconf 90' lang='lat' dir='ltr'><strong>litterati,</strong></span> 
     </span>
     <span class='ocr_line' id='line_1_82' title="bbox 180 4965 1027 5038; baseline 0.007 -18"><span class='ocrx_word' id='word_1_670' title='bbox 180 4971 209 5021; x_wconf 89' lang='lat' dir='ltr'><strong>et</strong></span> <span class='ocrx_word' id='word_1_671' title='bbox 224 4965 356 5021; x_wconf 89' lang='lat' dir='ltr'><strong>homines</strong></span> <span class='ocrx_word' id='word_1_672' title='bbox 371 4966 472 5037; x_wconf 89' lang='lat' dir='ltr'><strong>primis</strong></span> <span class='ocrx_word' id='word_1_673' title='bbox 485 4968 635 5023; x_wconf 89' lang='lat' dir='ltr'><strong>elementis</strong></span> <span class='ocrx_word' id='word_1_674' title='bbox 654 4970 743 5025; x_wconf 85' lang='lat' dir='ltr'><strong>Greci</strong></span> <span class='ocrx_word' id='word_1_675' title='bbox 758 4970 902 5026; x_wconf 90' lang='lat' dir='ltr'><strong>idiomatis</strong></span> <span class='ocrx_word' id='word_1_676' title='bbox 914 4970 1027 5038; x_wconf 89' lang='lat' dir='ltr'><strong>imbuti,</strong></span> 
     </span>
     <span class='ocr_line' id='line_1_83' title="bbox 180 5054 1029 5131; baseline 0.008 -23"><span class='ocrx_word' id='word_1_677' title='bbox 180 5054 299 5108; x_wconf 86' lang='lat' dir='ltr'><strong>verbum</strong></span> <span class='ocrx_word' id='word_1_678' title='bbox 318 5059 452 5128; x_wconf 78' lang='grc' dir='ltr'>Ὀραωμαι</span> <span class='ocrx_word' id='word_1_679' title='bbox 476 5056 638 5126; x_wconf 83' lang='lat' dir='ltr'><strong>significare</strong></span> <span class='ocrx_word' id='word_1_680' title='bbox 676 5058 779 5126; x_wconf 82' lang='lat' dir='ltr'><strong>videor,</strong></span> <span class='ocrx_word' id='word_1_681' title='bbox 814 5064 844 5114; x_wconf 90' lang='lat' dir='ltr'><strong>et</strong></span> <span class='ocrx_word' id='word_1_682' title='bbox 881 5075 1029 5131; x_wconf 90' lang='lat' dir='ltr'><strong>nunqnam</strong></span> 
     </span>
     <span class='ocr_line' id='line_1_84' title="bbox 177 5145 1027 5216; baseline 0.008 -21"><span class='ocrx_word' id='word_1_683' title='bbox 177 5156 299 5211; x_wconf 74' lang='lat' dir='ltr'><strong>praseae</strong></span> <span class='ocrx_word' id='word_1_684' title='bbox 318 5157 394 5207; x_wconf 57' lang='lat' dir='ltr'><strong>sunm</strong></span> <span class='ocrx_word' id='word_1_685' title='bbox 418 5148 528 5216; x_wconf 76' lang='grc' dir='ltr'><strong>ὀραοις</strong></span> <span class='ocrx_word' id='word_1_686' title='bbox 545 5150 628 5198; x_wconf 88' lang='lat' dir='ltr'><strong>sonat</strong></span> <span class='ocrx_word' id='word_1_687' title='bbox 650 5147 790 5212; x_wconf 82' lang='lat' dir='ltr'><strong>visionem,</strong></span> <span class='ocrx_word' id='word_1_688' title='bbox 810 5145 1027 5215; x_wconf 80' lang='lat' dir='ltr'><strong>predictiooem3</strong></span> 
     </span>
     <span class='ocr_line' id='line_1_85' title="bbox 181 5232 1030 5305; baseline 0.012 -23"><span class='ocrx_word' id='word_1_689' title='bbox 181 5233 316 5303; x_wconf 77' lang='grc' dir='ltr'><strong>Ἃορατος,</strong></span> <span class='ocrx_word' id='word_1_690' title='bbox 340 5232 505 5287; x_wconf 72' lang='lat' dir='ltr'><strong>irvohibihm</strong></span> <span class='ocrx_word' id='word_1_691' title='bbox 523 5238 553 5287; x_wconf 90' lang='lat' dir='ltr'><strong>ct</strong></span> <span class='ocrx_word' id='word_1_692' title='bbox 568 5248 626 5286; x_wconf 93' lang='lat' dir='ltr'><strong>non</strong></span> <span class='ocrx_word' id='word_1_693' title='bbox 647 5233 792 5289; x_wconf 80' lang='lat' dir='ltr'><strong>absentem.</strong></span> <span class='ocrx_word' id='word_1_694' title='bbox 808 5234 904 5305; x_wconf 84' lang='lat' dir='ltr'><strong>Longa</strong></span> <span class='ocrx_word' id='word_1_695' title='bbox 935 5236 1030 5291; x_wconf 86' lang='lat' dir='ltr'><strong>scien-</strong></span> 
     </span>
     <span class='ocr_line' id='line_1_86' title="bbox 181 5315 1030 5381; baseline 0.014 -12"><span class='ocrx_word' id='word_1_696' title='bbox 181 5315 222 5371; x_wconf 86' lang='lat' dir='ltr'><strong>tia</strong></span> <span class='ocrx_word' id='word_1_697' title='bbox 240 5320 336 5374; x_wconf 82' lang='lat' dir='ltr'><strong>Creon</strong></span> <span class='ocrx_word' id='word_1_698' title='bbox 358 5320 509 5375; x_wconf 86' lang='lat' dir='ltr'><strong>interiores</strong></span> <span class='ocrx_word' id='word_1_699' title='bbox 536 5321 664 5376; x_wconf 88' lang='lat' dir='ltr'><strong>Dacierio</strong></span> <span class='ocrx_word' id='word_1_700' title='bbox 694 5323 753 5378; x_wconf 88' lang='lat' dir='ltr'><strong>suis</strong></span> <span class='ocrx_word' id='word_1_701' title='bbox 777 5323 1030 5381; x_wconf 79' lang='lat' dir='ltr'><strong>observationibus</strong></span> 
     </span>
     <span class='ocr_line' id='line_1_87' title="bbox 182 5405 1030 5483; baseline 0.014 -25"><span class='ocrx_word' id='word_1_702' title='bbox 182 5405 286 5460; x_wconf 89' lang='lat' dir='ltr'><strong>criticis</strong></span> <span class='ocrx_word' id='word_1_703' title='bbox 317 5408 353 5463; x_wconf 90' lang='lat' dir='ltr'><strong>ad</strong></span> <span class='ocrx_word' id='word_1_704' title='bbox 388 5408 548 5480; x_wconf 83' lang='lat' dir='ltr'><strong>Longinum</strong></span> <span class='ocrx_word' id='word_1_705' title='bbox 570 5413 631 5483; x_wconf 76' lang='grc' dir='ltr'><strong>Περὶ</strong></span> <span class='ocrx_word' id='word_1_706' title='bbox 644 5409 756 5480; x_wconf 67' lang='lat' dir='ltr'><strong>sapsas,</strong></span> <span class='ocrx_word' id='word_1_707' title='bbox 774 5412 884 5467; x_wconf 89' lang='lat' dir='ltr'><strong>lloratii</strong></span> <span class='ocrx_word' id='word_1_708' title='bbox 907 5413 981 5469; x_wconf 86' lang='lat' dir='ltr'><strong>Odes</strong></span> <span class='ocrx_word' id='word_1_709' title='bbox 1001 5419 1030 5470; x_wconf 91' lang='lat' dir='ltr'><strong>et</strong></span> 
     </span>
     <span class='ocr_line' id='line_1_88' title="bbox 183 5493 603 5571; baseline 0.01 -22"><span class='ocrx_word' id='word_1_710' title='bbox 183 5493 307 5561; x_wconf 79' lang='lat' dir='ltr'><strong>Festum,</strong></span> <span class='ocrx_word' id='word_1_711' title='bbox 323 5497 351 5550; x_wconf 92' lang='lat' dir='ltr'><strong>id</strong></span> <span class='ocrx_word' id='word_1_712' title='bbox 368 5498 462 5555; x_wconf 87' lang='lat' dir='ltr'><strong>sciunt</strong></span> <span class='ocrx_word' id='word_1_713' title='bbox 475 5497 603 5571; x_wconf 87' lang='lat' dir='ltr'><strong>quibus:</strong></span> 
     </span>
    </p>
   </div>
   <div class='ocr_carea' id='block_1_14' title="bbox 274 5621 905 5750">
    <p class='ocr_par' dir='ltr' id='par_1_16' title="bbox 274 5621 905 5750">
     <span class='ocr_line' id='line_1_89' title="bbox 524 5621 905 5673; baseline 0.005 -2"><span class='ocrx_word' id='word_1_714' title='bbox 524 5656 581 5671; x_wconf 92' lang='grc'><strong>......</strong></span> <span class='ocrx_word' id='word_1_715' title='bbox 599 5621 667 5671; x_wconf 84' lang='lat' dir='ltr'><strong>Dant</strong></span> <span class='ocrx_word' id='word_1_716' title='bbox 681 5621 798 5673; x_wconf 87' lang='lat' dir='ltr'><strong>crustula</strong></span> <span class='ocrx_word' id='word_1_717' title='bbox 813 5623 905 5673; x_wconf 87' lang='lat' dir='ltr'><strong>blaudi</strong></span> 
     </span>
     <span class='ocr_line' id='line_1_90' title="bbox 274 5679 903 5750; baseline 0.008 -19"><span class='ocrx_word' id='word_1_718' title='bbox 274 5679 408 5740; x_wconf 80' lang='lat' dir='ltr'><strong>Doctores,</strong></span> <span class='ocrx_word' id='word_1_719' title='bbox 421 5681 551 5735; x_wconf 83' lang='lat' dir='ltr'><strong>elementa</strong></span> <span class='ocrx_word' id='word_1_720' title='bbox 564 5683 647 5734; x_wconf 81' lang='lat' dir='ltr'><strong>velint</strong></span> <span class='ocrx_word' id='word_1_721' title='bbox 659 5686 688 5735; x_wconf 94' lang='lat' dir='ltr'><strong>nt</strong></span> <span class='ocrx_word' id='word_1_722' title='bbox 698 5683 799 5736; x_wconf 69' lang='lat' dir='ltr'><strong>disere</strong></span> <span class='ocrx_word' id='word_1_723' title='bbox 809 5685 903 5750; x_wconf 74' lang='lat' dir='ltr'><strong>prima</strong></span> 
     </span>
    </p>
   </div>
   <div class='ocr_carea' id='block_1_15' title="bbox 1082 4531 1934 5750">
    <p class='ocr_par' dir='ltr' id='par_1_17' title="bbox 1082 4531 1934 5750">
     <span class='ocr_line' id='line_1_91' title="bbox 1083 4531 1929 4603; baseline 0.004 -18"><span class='ocrx_word' id='word_1_724' title='bbox 1083 4532 1162 4586; x_wconf 93' lang='lat' dir='ltr'><strong>omni</strong></span> <span class='ocrx_word' id='word_1_725' title='bbox 1178 4532 1289 4587; x_wconf 85' lang='lat' dir='ltr'><strong>delectu</strong></span> <span class='ocrx_word' id='word_1_726' title='bbox 1306 4537 1336 4586; x_wconf 88' lang='lat' dir='ltr'><strong>at</strong></span> <span class='ocrx_word' id='word_1_727' title='bbox 1348 4531 1514 4586; x_wconf 88' lang='lat' dir='ltr'><strong>discrimine</strong></span> <span class='ocrx_word' id='word_1_728' title='bbox 1537 4534 1659 4586; x_wconf 89' lang='lat' dir='ltr'><strong>remoto.</strong></span> <span class='ocrx_word' id='word_1_729' title='bbox 1684 4533 1805 4603; x_wconf 89' lang='lat' dir='ltr'><strong>Insuper</strong></span> <span class='ocrx_word' id='word_1_730' title='bbox 1826 4533 1929 4588; x_wconf 86' lang='lat' dir='ltr'><strong>inutile</strong></span> 
     </span>
     <span class='ocr_line' id='line_1_92' title="bbox 1083 4619 1929 4692; baseline 0 -17"><span class='ocrx_word' id='word_1_731' title='bbox 1083 4625 1112 4675; x_wconf 91' lang='lat' dir='ltr'><strong>et</strong></span> <span class='ocrx_word' id='word_1_732' title='bbox 1126 4635 1369 4692; x_wconf 74' lang='lat' dir='ltr'><strong>supervacaneum</strong></span> <span class='ocrx_word' id='word_1_733' title='bbox 1384 4626 1459 4675; x_wconf 87' lang='lat' dir='ltr'><strong>esset</strong></span> <span class='ocrx_word' id='word_1_734' title='bbox 1473 4619 1567 4675; x_wconf 91' lang='lat' dir='ltr'><strong>dicere</strong></span> <span class='ocrx_word' id='word_1_735' title='bbox 1588 4622 1776 4675; x_wconf 80' lang='lat' dir='ltr'><strong>ltatramnuna</strong></span> <span class='ocrx_word' id='word_1_736' title='bbox 1791 4627 1929 4692; x_wconf 84' lang='lat' dir='ltr'><strong>tanquam</strong></span> 
     </span>
     <span class='ocr_line' id='line_1_93' title="bbox 1083 4708 1930 4779; baseline -0.001 -15"><span class='ocrx_word' id='word_1_737' title='bbox 1083 4709 1207 4764; x_wconf 87' lang='lat' dir='ltr'><strong>schisma</strong></span> <span class='ocrx_word' id='word_1_738' title='bbox 1222 4709 1303 4763; x_wconf 88' lang='lat' dir='ltr'><strong>valde</strong></span> <span class='ocrx_word' id='word_1_739' title='bbox 1318 4708 1483 4763; x_wconf 84' lang='lat' dir='ltr'><strong>intricatum</strong></span> <span class='ocrx_word' id='word_1_740' title='bbox 1504 4709 1662 4779; x_wconf 85' lang='lat' dir='ltr'><strong>respexisse</strong></span> <span class='ocrx_word' id='word_1_741' title='bbox 1685 4709 1855 4764; x_wconf 77' lang='lat' dir='ltr'><strong>divisionem</strong></span> <span class='ocrx_word' id='word_1_742' title='bbox 1880 4726 1930 4763; x_wconf 89' lang='lat' dir='ltr'><strong>seu</strong></span> 
     </span>
     <span class='ocr_line' id='line_1_94' title="bbox 1083 4795 1931 4868; baseline -0.001 -16"><span class='ocrx_word' id='word_1_743' title='bbox 1083 4797 1250 4852; x_wconf 90' lang='lat' dir='ltr'><strong>scissionem</strong></span> <span class='ocrx_word' id='word_1_744' title='bbox 1263 4797 1293 4852; x_wconf 93' lang='lat' dir='ltr'><strong>in</strong></span> <span class='ocrx_word' id='word_1_745' title='bbox 1308 4795 1433 4852; x_wconf 81' lang='lat' dir='ltr'><strong>Ecclesia</strong></span> <span class='ocrx_word' id='word_1_746' title='bbox 1447 4814 1479 4851; x_wconf 87' lang='lat' dir='ltr'><strong>ex</strong></span> <span class='ocrx_word' id='word_1_747' title='bbox 1496 4796 1666 4868; x_wconf 90' lang='lat' dir='ltr'><strong>opinionum</strong></span> <span class='ocrx_word' id='word_1_748' title='bbox 1681 4796 1845 4852; x_wconf 88' lang='lat' dir='ltr'><strong>diversitate</strong></span> <span class='ocrx_word' id='word_1_749' title='bbox 1869 4815 1931 4851; x_wconf 92' lang='lat' dir='ltr'><strong>eru-</strong></span> 
     </span>
     <span class='ocr_line' id='line_1_95' title="bbox 1082 4883 1929 4956; baseline 0 -17"><span class='ocrx_word' id='word_1_750' title='bbox 1082 4892 1216 4956; x_wconf 87' lang='lat' dir='ltr'><strong>pturam:</strong></span> <span class='ocrx_word' id='word_1_751' title='bbox 1232 4885 1339 4956; x_wconf 86' lang='lat' dir='ltr'><strong>quippe</strong></span> <span class='ocrx_word' id='word_1_752' title='bbox 1350 4901 1414 4939; x_wconf 90' lang='lat' dir='ltr'><strong>cum</strong></span> <span class='ocrx_word' id='word_1_753' title='bbox 1429 4884 1588 4954; x_wconf 90' lang='lat' dir='ltr'><strong>nimiopere</strong></span> <span class='ocrx_word' id='word_1_754' title='bbox 1601 4888 1681 4954; x_wconf 91' lang='lat' dir='ltr'><strong>patet</strong></span> <span class='ocrx_word' id='word_1_755' title='bbox 1693 4899 1726 4938; x_wconf 87' lang='lat' dir='ltr'><strong>eo</strong></span> <span class='ocrx_word' id='word_1_756' title='bbox 1741 4883 1795 4938; x_wconf 91' lang='lat' dir='ltr'><strong>loci</strong></span> <span class='ocrx_word' id='word_1_757' title='bbox 1811 4900 1929 4956; x_wconf 84' lang='lat' dir='ltr'><strong>exagge-</strong></span> 
     </span>
     <span class='ocr_line' id='line_1_96' title="bbox 1082 4971 1931 5044; baseline 0 -17"><span class='ocrx_word' id='word_1_758' title='bbox 1082 4989 1159 5028; x_wconf 84' lang='lat' dir='ltr'><strong>rasse</strong></span> <span class='ocrx_word' id='word_1_759' title='bbox 1180 4975 1370 5029; x_wconf 87' lang='lat' dir='ltr'><strong>llatramnum</strong></span> <span class='ocrx_word' id='word_1_760' title='bbox 1388 4988 1550 5027; x_wconf 90' lang='lat' dir='ltr'><strong>sermonem</strong></span> <span class='ocrx_word' id='word_1_761' title='bbox 1578 4988 1664 5026; x_wconf 91' lang='lat' dir='ltr'><strong>suum</strong></span> <span class='ocrx_word' id='word_1_762' title='bbox 1687 4971 1800 5026; x_wconf 91' lang='lat' dir='ltr'><strong>dicendi</strong></span> <span class='ocrx_word' id='word_1_763' title='bbox 1824 4987 1931 5044; x_wconf 85' lang='lat' dir='ltr'><strong>genere</strong></span> 
     </span>
     <span class='ocr_line' id='line_1_97' title="bbox 1084 5059 1929 5131; baseline -0.001 -15"><span class='ocrx_word' id='word_1_764' title='bbox 1084 5060 1138 5116; x_wconf 93' lang='lat' dir='ltr'><strong>sibi</strong></span> <span class='ocrx_word' id='word_1_765' title='bbox 1153 5061 1236 5116; x_wconf 90' lang='lat' dir='ltr'><strong>obvio</strong></span> <span class='ocrx_word' id='word_1_766' title='bbox 1252 5065 1280 5115; x_wconf 91' lang='lat' dir='ltr'><strong>et</strong></span> <span class='ocrx_word' id='word_1_767' title='bbox 1294 5060 1449 5116; x_wconf 89' lang='lat' dir='ltr'><strong>ordinario.</strong></span> <span class='ocrx_word' id='word_1_768' title='bbox 1466 5059 1512 5115; x_wconf 84' lang='lat' dir='ltr'><strong>Sic</strong></span> <span class='ocrx_word' id='word_1_769' title='bbox 1533 5059 1642 5130; x_wconf 91' lang='lat' dir='ltr'><strong>quippe</strong></span> <span class='ocrx_word' id='word_1_770' title='bbox 1663 5060 1733 5114; x_wconf 93' lang='lat' dir='ltr'><strong>libro</strong></span> <span class='ocrx_word' id='word_1_771' title='bbox 1757 5076 1845 5131; x_wconf 89' lang='lat' dir='ltr'><strong>quem</strong></span> <span class='ocrx_word' id='word_1_772' title='bbox 1860 5061 1929 5116; x_wconf 89' lang='lat' dir='ltr'><strong>scri-</strong></span> 
     </span>
     <span class='ocr_line' id='line_1_98' title="bbox 1083 5148 1931 5221; baseline 0.001 -17"><span class='ocrx_word' id='word_1_773' title='bbox 1083 5150 1139 5221; x_wconf 90' lang='lat' dir='ltr'><strong>psit</strong></span> <span class='ocrx_word' id='word_1_774' title='bbox 1152 5150 1187 5205; x_wconf 91' lang='lat' dir='ltr'><strong>da</strong></span> <span class='ocrx_word' id='word_1_775' title='bbox 1202 5148 1352 5204; x_wconf 85' lang='lat' dir='ltr'><strong>Nativitate</strong></span> <span class='ocrx_word' id='word_1_776' title='bbox 1369 5148 1484 5213; x_wconf 90' lang='lat' dir='ltr'><strong>Christi,</strong></span> <span class='ocrx_word' id='word_1_777' title='bbox 1502 5149 1594 5218; x_wconf 87' lang='lat' dir='ltr'><strong>capite</strong></span> <span class='ocrx_word' id='word_1_778' title='bbox 1619 5149 1740 5214; x_wconf 91' lang='lat' dir='ltr'><strong>decimo,</strong></span> <span class='ocrx_word' id='word_1_779' title='bbox 1764 5148 1856 5203; x_wconf 89' lang='lat' dir='ltr'><strong>instar</strong></span> <span class='ocrx_word' id='word_1_780' title='bbox 1870 5151 1931 5205; x_wconf 85' lang='lat' dir='ltr'><strong>hae-</strong></span> 
     </span>
     <span class='ocr_line' id='line_1_99' title="bbox 1083 5236 1932 5308; baseline 0.002 -18"><span class='ocrx_word' id='word_1_781' title='bbox 1083 5237 1153 5292; x_wconf 88' lang='lat' dir='ltr'><strong>resis</strong></span> <span class='ocrx_word' id='word_1_782' title='bbox 1167 5253 1248 5292; x_wconf 82' lang='lat' dir='ltr'><strong>nove</strong></span> <span class='ocrx_word' id='word_1_783' title='bbox 1264 5236 1421 5308; x_wconf 81' lang='lat' dir='ltr'><strong>repentine</strong></span> <span class='ocrx_word' id='word_1_784' title='bbox 1435 5240 1549 5306; x_wconf 87' lang='lat' dir='ltr'><strong>reputat</strong></span> <span class='ocrx_word' id='word_1_785' title='bbox 1560 5236 1713 5306; x_wconf 87' lang='lat' dir='ltr'><strong>preteritis</strong></span> <span class='ocrx_word' id='word_1_786' title='bbox 1727 5237 1837 5291; x_wconf 82' lang='lat' dir='ltr'><strong>seculis</strong></span> <span class='ocrx_word' id='word_1_787' title='bbox 1851 5236 1932 5293; x_wconf 87' lang='lat' dir='ltr'><strong>ioco-</strong></span> 
     </span>
     <span class='ocr_line' id='line_1_100' title="bbox 1082 5323 1934 5398; baseline 0.001 -19"><span class='ocrx_word' id='word_1_788' title='bbox 1082 5324 1232 5398; x_wconf 88' lang='lat' dir='ltr'><strong>gitabilam</strong></span> <span class='ocrx_word' id='word_1_789' title='bbox 1256 5324 1420 5396; x_wconf 90' lang='lat' dir='ltr'><strong>opinionem</strong></span> <span class='ocrx_word' id='word_1_790' title='bbox 1437 5339 1537 5379; x_wconf 89' lang='lat' dir='ltr'><strong>eornm</strong></span> <span class='ocrx_word' id='word_1_791' title='bbox 1550 5323 1710 5392; x_wconf 89' lang='lat' dir='ltr'><strong>hominnm,</strong></span> <span class='ocrx_word' id='word_1_792' title='bbox 1727 5325 1779 5396; x_wconf 88' lang='lat' dir='ltr'><strong>qni</strong></span> <span class='ocrx_word' id='word_1_793' title='bbox 1792 5323 1847 5378; x_wconf 92' lang='lat' dir='ltr'><strong>sibi</strong></span> <span class='ocrx_word' id='word_1_794' title='bbox 1864 5341 1934 5395; x_wconf 87' lang='lat' dir='ltr'><strong>per-</strong></span> 
     </span>
     <span class='ocr_line' id='line_1_101' title="bbox 1083 5411 1933 5485; baseline 0 -17"><span class='ocrx_word' id='word_1_795' title='bbox 1083 5418 1232 5468; x_wconf 87' lang='lat' dir='ltr'><strong>suaserant</strong></span> <span class='ocrx_word' id='word_1_796' title='bbox 1243 5427 1355 5466; x_wconf 87' lang='lat' dir='ltr'><strong>sacrom</strong></span> <span class='ocrx_word' id='word_1_797' title='bbox 1370 5411 1485 5467; x_wconf 87' lang='lat' dir='ltr'><strong>Domini</strong></span> <span class='ocrx_word' id='word_1_798' title='bbox 1501 5413 1591 5467; x_wconf 90' lang='lat' dir='ltr'><strong>nostri</strong></span> <span class='ocrx_word' id='word_1_799' title='bbox 1605 5413 1672 5468; x_wconf 88' lang='lat' dir='ltr'><strong>lesu</strong></span> <span class='ocrx_word' id='word_1_800' title='bbox 1695 5411 1800 5467; x_wconf 89' lang='lat' dir='ltr'><strong>Christi</strong></span> <span class='ocrx_word' id='word_1_801' title='bbox 1827 5428 1933 5485; x_wconf 89' lang='lat' dir='ltr'><strong>corpus</strong></span> 
     </span>
     <span class='ocr_line' id='line_1_102' title="bbox 1083 5500 1933 5572; baseline 0.001 -15"><span class='ocrx_word' id='word_1_802' title='bbox 1083 5501 1213 5570; x_wconf 84' lang='lat' dir='ltr'><strong>erupisse</strong></span> <span class='ocrx_word' id='word_1_803' title='bbox 1227 5500 1453 5556; x_wconf 86' lang='lat' dir='ltr'><strong>exsauctissimo</strong></span> <span class='ocrx_word' id='word_1_804' title='bbox 1476 5500 1568 5557; x_wconf 86' lang='lat' dir='ltr'><strong>beate</strong></span> <span class='ocrx_word' id='word_1_805' title='bbox 1592 5500 1715 5572; x_wconf 85' lang='lat' dir='ltr'><strong>Virginis</strong></span> <span class='ocrx_word' id='word_1_806' title='bbox 1738 5505 1831 5567; x_wconf 85' lang='lat' dir='ltr'><strong>utero,</strong></span> <span class='ocrx_word' id='word_1_807' title='bbox 1858 5517 1933 5572; x_wconf 89' lang='lat' dir='ltr'><strong>quo·</strong></span> 
     </span>
     <span class='ocr_line' id='line_1_103' title="bbox 1082 5588 1934 5661; baseline -0.001 -15"><span class='ocrx_word' id='word_1_808' title='bbox 1082 5589 1149 5646; x_wconf 89' lang='lat' dir='ltr'><strong>dam</strong></span> <span class='ocrx_word' id='word_1_809' title='bbox 1164 5604 1237 5644; x_wconf 88' lang='lat' dir='ltr'><strong>novo</strong></span> <span class='ocrx_word' id='word_1_810' title='bbox 1252 5603 1358 5661; x_wconf 88' lang='lat' dir='ltr'><strong>genere</strong></span> <span class='ocrx_word' id='word_1_811' title='bbox 1373 5588 1504 5645; x_wconf 88' lang='lat' dir='ltr'><strong>miraculi</strong></span> <span class='ocrx_word' id='word_1_812' title='bbox 1517 5589 1627 5644; x_wconf 87' lang='lat' dir='ltr'><strong>diverso</strong></span> <span class='ocrx_word' id='word_1_813' title='bbox 1643 5588 1678 5643; x_wconf 89' lang='lat' dir='ltr'><strong>ab</strong></span> <span class='ocrx_word' id='word_1_814' title='bbox 1693 5605 1727 5643; x_wconf 91' lang='lat' dir='ltr'><strong>eo</strong></span> <span class='ocrx_word' id='word_1_815' title='bbox 1739 5604 1798 5660; x_wconf 89' lang='lat' dir='ltr'><strong>quo</strong></span> <span class='ocrx_word' id='word_1_816' title='bbox 1818 5595 1934 5645; x_wconf 80' lang='lat' dir='ltr'><strong>cetere</strong></span> 
     </span>
     <span class='ocr_line' id='line_1_104' title="bbox 1083 5675 1932 5750; baseline 0.001 -17"><span class='ocrx_word' id='word_1_817' title='bbox 1083 5675 1221 5734; x_wconf 85' lang='lat' dir='ltr'><strong>mutieres</strong></span> <span class='ocrx_word' id='word_1_818' title='bbox 1233 5676 1366 5734; x_wconf 85' lang='lat' dir='ltr'><strong>homines</strong></span> <span class='ocrx_word' id='word_1_819' title='bbox 1379 5684 1408 5734; x_wconf 86' lang='lat' dir='ltr'><strong>st</strong></span> <span class='ocrx_word' id='word_1_820' title='bbox 1419 5677 1493 5734; x_wconf 86' lang='lat' dir='ltr'><strong>istos</strong></span> <span class='ocrx_word' id='word_1_821' title='bbox 1505 5693 1570 5732; x_wconf 88' lang='lat' dir='ltr'><strong>suos</strong></span> <span class='ocrx_word' id='word_1_822' title='bbox 1594 5675 1743 5732; x_wconf 89' lang='lat' dir='ltr'><strong>enituntur</strong></span> <span class='ocrx_word' id='word_1_823' title='bbox 1755 5681 1785 5733; x_wconf 91' lang='lat' dir='ltr'><strong>et</strong></span> <span class='ocrx_word' id='word_1_824' title='bbox 1799 5677 1932 5750; x_wconf 77' lang='lat' dir='ltr'><strong>parium.</strong></span> 
     </span>
    </p>
   </div>
   <div class='ocr_carea' id='block_1_16' title="bbox 0 0 1978 6098">
    <p class='ocr_par' dir='ltr' id='par_1_18' title="bbox 0 0 1978 6098">
     <span class='ocr_line' id='line_1_105' title="bbox 0 0 1978 6098; baseline 0 0"><span class='ocrx_word' id='word_1_825' title='bbox 0 0 1978 6098; x_wconf 95' lang='lat' dir='ltr'><strong> </strong></span> 
     </span>
    </p>
   </div>
  </div>
 </body>
</html>
