3930 6098
461 269 566 326 claun
585 267 1114 326 SACRAMENTORUss.—PRAEFAT.
1136 268 1252 333 nullu.
1392 225 1395 229 ⁴
1682 275 1735 328 902

85 401 231 473 rysterinm
253 401 316 467 tuit,
343 405 373 454 ut
395 399 500 470 perditi
518 399 628 455 dudum
654 404 740 471 atque
762 372 869 471 pro-A
1203 400 1413 474 uosrsrcalx.

89 491 125 546 de
138 490 253 545 diabolo
268 494 297 543 et
310 490 410 544 mortis
426 489 532 554 aculeo,
559 489 593 544 ab
618 490 693 543 haue
710 489 830 557 gloriam
921 490 1035 542 AEterue
1052 488 1135 542 Deus.
1154 490 1187 543 Et
1199 494 1277 545 tuam
1298 492 1523 547 misericordiam
1549 509 1678 563 exorare,
1698 497 1731 548 ut

86 594 162 645 mur,
177 593 235 650 qua
249 594 327 633 nunc
341 594 432 649 genus
442 579 566 632 electum
580 577 831 649 sacerdotiumque
886 582 914 630 te
929 582 1085 642 annuente,
1099 577 1245 631 valeamus
1261 594 1325 649 qnae
1348 580 1423 635 mala
1438 587 1506 635 sunt
1530 581 1686 651 declinare,
1706 585 1736 636 et

85 667 231 738 ,populus
249 665 447 738 acquisitionis
459 673 488 721 et
502 682 571 736 gens
595 669 692 720 sancta
714 681 830 720 vocare·
886 681 950 736 qnae
966 666 1042 721 bona
1061 671 1128 720 suut
1150 676 1359 738 consequenter
1385 672 1507 741 explere.
1534 672 1566 724 Et
1589 673 1658 743 quia
1682 688 1734 726 uos

85 758 198 825 lgenles
217 753 306 825 igitur
327 755 484 809 indefessas
503 754 622 825 gratias,
647 759 831 825 sanctamque
886 752 976 805 fecisti
1005 753 1040 807 ad
1068 758 1119 807 tna
1143 761 1321 810 sacramenta
1346 758 1500 826 pertinere,
1526 763 1556 812 tu
1578 760 1735 814 elementer

85 844 212 898 ‚centiam
228 849 306 898 tuam
319 844 516 914 praedicantes,
538 844 680 914 majestati
704 849 761 898 ture
780 844 833 897 hac
886 839 917 895 in
931 841 1014 895 uobis
1029 857 1129 896 eorum
1144 859 1248 897 munus
1264 860 1392 914 operare.
1411 847 1464 900 Per
1476 846 1630 902 Christum.

89 931 270 988 deferimus:
300 948 365 1003 quae
396 931 478 987 nobis
508 933 568 1003 ipse
597 934 698 987 salutis
726 936 833 986 nostre
1205 965 1417 1006 mmmm

85 1021 229 1079 'Christus
241 1021 374 1077 instituit.
392 1022 445 1075 Per
459 1037 556 1092 quem.
923 1033 979 1103 (G.)
995 1036 1111 1091 AEtorne
1128 1038 1211 1092 Deus.
1235 1039 1268 1092 ut
1284 1039 1335 1093 tibi
1349 1039 1474 1094 debitam
1491 1042 1658 1098 servitutem
1678 1060 1731 1114 per

297 1140 456 1182 ⁰051„ch
475 1141 519 1180 lv,
887 1121 1017 1193 mysterii
1031 1124 1116 1194 hujus
1129 1125 1326 1195 impletionem
1343 1128 1514 1199 persolvere,
1529 1130 1598 1201 quia
1614 1147 1672 1187 uon
1689 1148 1734 1186 so·

85 1231 135 1269 ma
151 1217 235 1284 Deus,
264 1215 447 1269 clausentiam
470 1220 548 1269 tuam
568 1215 666 1285 pronis
688 1215 833 1269 mentibus
887 1210 947 1263 lum
964 1210 1148 1279 peccantibus
1164 1211 1277 1266 veniam
1299 1213 1412 1280 tribuis,
1437 1215 1484 1269 sed
1505 1215 1590 1270 etiem
1614 1219 1734 1288 praemia

85 1308 178 1372 untes,
196 1309 228 1358 ut
243 1308 353 1358 mentes
374 1308 486 1358 nostras
500 1320 657 1375 sensusque
673 1304 809 1374 disponas
825 1320 831 1358 :
887 1297 1050 1367 petentibus
1062 1299 1231 1369 impartiris.
1247 1301 1282 1354 Et
1294 1303 1370 1372 quod
1393 1304 1505 1374 perpeti
1527 1305 1610 1359 malis
1633 1307 1730 1377 operi·

85 1408 137 1448 nnc
150 1409 210 1448 esse
223 1398 250 1448 te
265 1394 347 1448 nohis
365 1393 523 1465 propitium
535 1394 654 1447 Domine
665 1393 831 1460 sentiemus,
888 1386 941 1441 bus
955 1402 1165 1456 promeremur,
1183 1389 1334 1458 magnilica
1353 1390 1460 1460 pietate
1479 1392 1607 1462 depellis,
1631 1399 1664 1447 ut
1686 1411 1735 1449 nos

85 1483 153 1537 ,¹553
168 1487 364 1553 oempefemm.
379 1481 558 1536 excessibus:
579 1487 648 1536 tunc
671 1497 723 1535 nos
745 1483 833 1536 hene.
889 1472 923 1526 ad
938 1479 994 1527 tnae
1008 1477 1175 1530 reverentie
1190 1478 1298 1531 cultum
1314 1484 1343 1532 et
1356 1484 1467 1534 terrore
1482 1497 1575 1552 cogas,
1586 1469 1622 1536 'et
1637 1498 1735 1538 amore

85 1586 114 1626 ra
127 1575 292 1641 sumpturos
306 1587 367 1624 esse
382 1570 564 1634 confidimus,
576 1570 600 1623 si
614 1569 696 1624 nobis
707 1570 834 1625 studium
888 1562 1036 1632 perducas·
1054 1565 1109 1618 Pel·
1127 1564 1282 1621 Chtissltlm·

85 1659 124 1726 is,
150 1675 207 1731 quo
222 1659 284 1714 haec
305 1675 481 1726 mereamur,
505 1659 649 1714 infundas.
676 1662 729 1714 Per
750 1659 874 1754 Chri·B
1194 1685 1352 1726 nonrnrcs
1371 1686 1428 1727 ιιι.

924 1756 984 1828 (G.)
1008 1759 1121 1813 AEterne
1139 1760 1220 1814 Dens.
1244 1760 1329 1831 Cujus
1345 1760 1471 1830 primum
1492 1762 1608 1832 pietatis
1620 1767 1675 1818 tun.
1692 1770 1735 1820 cst

307 1851 464 1892 uonrnrci
482 1852 513 1890 v.
886 1844 1035 1912 iudicium,
1051 1846 1075 1900 si
1100 1847 1151 1901 tibi
1172 1865 1224 1902 nos
1239 1849 1324 1902 iacias
1347 1853 1405 1903 toto
1425 1850 1511 1904 eorde
1534 1852 1687 1923 subjectos,
1706 1860 1735 1908 et

85 1940 137 1980 rue
154 1926 238 1980 Deus.
255 1927 287 1979 Et
304 1926 542 1996 omnipotentiam
564 1930 641 1980 tuam
654 1925 764 1997 jugiter·
778 1924 835 1979 im·
888 1933 1021 2003 spiritnm
1033 1935 1115 1989 nobis
1128 1937 1537 2008 tantaedevotionisinfundas,
1549 1946 1580 1993 ut
1591 1942 1734 2013 propitius

85 2029 108 2082 t,
134 2017 165 2067 ul
190 2012 273 2068 uobis
295 2021 324 2068 el
349 2015 498 2085 proesentis
524 2014 588 2070 vltae
612 2014 782 2081 subsidium,
807 2020 835 2069 tl
888 2021 1019 2092 largiaris
1034 2030 1243 2095 consequenter
1258 2025 1406 2080 auxilium.
1421 2028 1474 2081 Per
1489 2027 1644 2085 Christum.

85 2118 101 2157 e
138 2102 245 2157 tribuas
273 2103 425 2174 premium
446 2103 678 2173 sempiternum:
709 2119 765 2174 quo
788 2103 835 2158 hic
1563 2121 1572 2135 ⁶

87 2187 137 2243 ilia
152 2188 400 2258 bonacapiamus,
417 2194 448 2242 nt
462 2205 513 2259 per
527 2189 588 2242 lraec
611 2189 648 2243 ad
671 2188 836 2242 incommu·
925 2217 969 2286 (G.

100 2277 175 2331 dona
190 2277 340 2347 pervenire
355 2277 510 2330 valeamus.
532 2277 578 2331 Sic
597 2275 762 2347 temporalis
785 2277 835 2330 lae-

1187 2146 1343 2187 uoururcs
1362 2148 1435 2187 ιιιι.

973 2217 1115 2290 lAEterne
1140 2221 1223 2274 Deus.
1250 2220 1303 2287 Qui
1329 2238 1380 2276 uos
1401 2222 1568 2294 castigando
1592 2240 1685 2290 sanus,
1706 2229 1736 2281 et

888 2304 1041 2359 refovendo
1070 2306 1213 2378 benignus
1237 2309 1356 2363 erudis:
1382 2310 1451 2364 dum
1483 2311 1575 2382 magis
1591 2312 1631 2365 vis
1643 2312 1736 2367 salros

85 2381 206 2436 flml‘ffl
224 2369 383 2465 tfflnffeamr
409 2369 442 2420 ut
467 2365 507 2420 ⁸1⁵
531 2366 636 2436 &mmm
661 2365 835 2435 sempiterna
889 2410 949 2448 esse
964 2400 1215 2467 correctos,quam
1231 2398 1325 2468 perire
1346 2399 1479 2469 dejectos.
1506 2401 1560 2455 Per
1578 2400 1734 2456 Christum.

85 2456 151 2510 lant.
164 2456 216 2510 Per
232 2456 337 2511 Christ.
890 2483 943 2537 per
955 2500 1053 2555 quem·

300 2576 458 2617 neuturus
475 2576 519 2617 vi.
1196 2588 1354 2640 uannrcs
1371 2591 1433 2631 xiv.

106 2651 221 2705 AEterne
252 2651 335 2704 Deus.
365 2651 539 2722 blajestalem
563 2655 643 2704 tuam
667 2650 836 2722 suppliciter
926 2677 984 2749 (0.)

85 2743 185 2803 mutes,
215 2744 247 2793 nt
267 2755 352 2809 opem
379 2745 459 2793 tuam
491 2740 655 2809 petentibus
682 2740 837 2809 dignanter

86 2826 149 2894 das,
165 2833 194 2881 et
209 2827 438 2882 desiderantibus
449 2827 594 2898 benignus
609 2828 720 2883 tribuas
734 2828 803 2899 prol
822 2857 834 2869 ·

86 2957 92 2968 .
104 2915 268 2972 Pchhrist.

289 3019 447 3060 oonrnrci
471 3019 532 3060 ιιι.

1000 2681 1116 2734 AEterue
1128 2682 1211 2735 Deus.
1224 2681 1334 2745 Quiatn
1346 2683 1377 2736 in
1394 2688 1491 2738 nostra
1505 2698 1619 2756 semper
1629 2684 1736 2740 taciens

890 2768 1056 2824 infirmitate
1079 2770 1223 2837 virtutem,
1242 2771 1395 2826 Ecclesiam
1420 2777 1499 2827 tuam
1522 2774 1598 2826 inter
1618 2774 1737 2829 adversa

889 2873 1016 2912 crescere
1031 2858 1166 2924 tribuisti,
1180 2863 1213 2913 nt
1235 2874 1300 2913 cum
1322 2863 1473 2930 putaretur
1497 2879 1640 2933 oppressa,
1669 2866 1737 2926 tunc

890 2945 987 3017 potins
998 2946 1168 3017 praevaleret
1182 2947 1303 3001 exaltata
1320 2964 1326 3001 :
1343 2949 1413 3003 dum
1428 2949 1515 3004 simul
1537 2956 1565 3004 ct
1583 2953 1737 3022 experien-

891 3033 959 3088 tiam
974 3033 1041 3088 fidei
1057 3035 1183 3089 declarat
1195 3034 1321 3102 alilictio,
1339 3041 1368 3091 et
1378 3036 1609 3093 victoriosissima
1622 3056 1738 3111 semper

890 3131 1062 3196 perseverat,
1084 3131 1110 3180 te
1127 3125 1293 3196 adjuvaute,
1310 3127 1431 3184 devotio.
1448 3129 1502 3184 Per
1516 3129 1660 3184 Christum
1681 3131 1734 3185 Do-

891 3213 1002 3268 minum
1016 3219 1159 3269 nostrum.

1199 3317 1356 3359 noninics
1379 3319 1430 3358 ιι.

925 3411 1040 3464 AEterne
1060 3409 1146 3464 Deus.
1166 3408 1221 3473 uui
1239 3426 1291 3464 nos
1304 3410 1339 3465 de
1353 3409 1439 3464 donis
1461 3410 1604 3466 bonorum
1627 3417 1738 3484 tempo·

892 3497 996 3552 ralium
1008 3498 1042 3552 ad
1062 3499 1278 3569 perceptionem
1294 3498 1427 3569 provehis
1436 3504 1622 3568 aeternorum,
1636 3506 1665 3555 et
1677 3501 1738 3557 baec

893 3586 1006 3654 tribuis,
1019 3591 1047 3640 et
1061 3586 1111 3642 illa
1128 3586 1250 3658 largiris,
1265 3591 1297 3642 ut
1316 3592 1345 3642 ct
1372 3588 1514 3642 mansuris
1534 3587 1594 3658 jam
1617 3589 1738 3662 incipia-

892 3691 957 3730 mus
970 3675 1069 3742 inseri,
1085 3680 1113 3730 et
1127 3676 1366 3746 pretereuntibus
1382 3693 1438 3731 non
1455 3677 1555 3732 teneri.
1579 3678 1673 3733 Tuum
1696 3683 1740 3735 est

892 3764 969 3819 euim
985 3763 1062 3835 quod
1078 3764 1221 3834 vivimus:
1238 3764 1306 3835 quia
1320 3765 1387 3819 licet
1400 3766 1508 3835 peccati
1522 3767 1640 3821 vulnere
1654 3773 1740 3823 natu-

893 3870 925 3908 ra
957 3856 1055 3907 nostra
1076 3852 1113 3906 sit
1135 3853 1244 3920 vitiata,
1270 3853 1312 3907 tui
1334 3859 1431 3907 tamen
1451 3853 1545 3923 operis
1575 3858 1607 3908 nt
1631 3856 1739 3910 terreni

343 3994 381 4005 ..
616 3993 645 4005 ..
731 3992 786 4005 ,,
892 3941 1032 4014 generati,
1048 3941 1084 3996 ad
1099 3941 1223 3996 coelestia
1235 3957 1427 3996 renascamur.
1446 3943 1499 3996 Per
1515 3941 1618 3997 Christ.

85 4010 143 4048 erne
166 3995 250 4048 Deus.
273 3995 307 4048 Et
330 3995 383 4050 tibi
407 4010 510 4049 vovere
532 3998 647 4048 contriti
666 3993 839 4049 sacrificium

85 4123 95 4154 ,
111 4082 163 4138 tibi
179 4083 267 4138 libare
278 4083 424 4141 humiliati
439 4084 582 4138 victimam
598 4083 730 4155 pectoris,
747 4100 763 4137 a
782 4099 839 4155 quo
1199 4063 1357 4104 ⁰⁰¹¹N¹⁰⁵
1373 4063 1439 4103 ΠΙ·

89 4173 202 4229 bonum
216 4173 367 4242 sumimus,
385 4189 502 4228 omnem
519 4172 729 4243 J'ucunditatem
746 4172 840 4226 hauri·
930 4156 1107 4228 (Giffiiefflfl
1140 4158 1223 4211 ⁰⁰⁰⁵·
1255 4157 1307 4210 Pel
1334 4154 1477 4210 Christum
1507 4153 1661 4210 omninum
1691 4170 1742 4210 ¹¹⁰·

96 4263 251 4318 precamur
283 4262 381 4333 itaque
402 4268 435 4317 ut
462 4262 514 4316 tibi
541 4261 715 4316 conscientia
740 4268 839 4317 nostra
858 4278 880 4332 D
896 4249 997 4299 strum.
1010 4244 1065 4308 uui
1080 4245 1239 4299 eternitate
1253 4244 1403 4298 sacerdotii
1418 4244 1463 4298 sui
1483 4258 1583 4297 omnes
1608 4243 1662 4299 sibi
1682 4259 1741 4297 ser-

85 4354 158 4418 etur,
174 4357 202 4406 εἰ
212 4353 282 4406 uti„
297 4357 324 4406 ,e
342 4352 377 4407 de
388 4351 434 4406 di,
449 4351 479 4404 jn
491 4350 569 4405 diem
582 4349 730 4404 meliorata
748 4349 839 4420 profi.
895 4332 1005 4386 vientes
1019 4332 1177 4387 sanctificat
1188 4332 1355 4386 sacerdotes.
1373 4331 1514 4395 Quoniam
1530 4332 1646 4387 mortali
1657 4347 1742 4388 carne

84 4445 142 4496 tuoe
161 4439 259 4511 gmqoe
280 4440 450 4495 intemerata
469 4439 618 4494 subdatur,
642 4437 751 4493 Nom-13
776 4453 838 4505 nos,
895 4420 1073 4487 circumdati,
1093 4421 1134 4474 ita
1158 4420 1333 4489 quotidianis
1355 4426 1540 4491 peccatorum
1562 4420 1741 4476 remissioni·

85 4546 169 4597 'mus’
184 4530 315 4597 Domine,
328 4547 433 4586 evacua
447 4531 540 4593 malis,
556 4530 669 4600 ,uisque
695 4529 774 4599 ,epla
789 4543 841 4600 pe„
893 4507 947 4562 bus
962 4507 1137 4578 indigemus,
1154 4513 1187 4563 nt
1202 4524 1260 4562 non
1274 4508 1368 4563 solum
1384 4525 1436 4579 pro
1450 4510 1569 4581 populo,
1591 4509 1641 4564 sed
1655 4510 1742 4565 etiam

85 4619 202 4674 [bonis.
220 4620 254 4674 U,
269 4624 401 4691 percepta
425 4621 528 4689 gratia,
552 4636 639 4692 quam
660 4624 758 4673 nom
780 4635 840 4673 non
894 4613 947 4668 pro
968 4597 1051 4651 nobis
1070 4598 1200 4667 ejusdem
1221 4601 1248 4650 te
1268 4597 1412 4651 pontilicis
1425 4599 1543 4669 sangnis
1563 4603 1670 4655 exoret.
1687 4601 1742 4655 Per

85 4706 241 4773 almerita,
264 4723 280 4761 a
303 4708 413 4762 cunctis
430 4708 650 4763 adversitatibus
675 4707 788 4763 liberati
809 4706 841 4761 in
895 4700 992 4756 quem·

89 4795 225 4849 omnibus
244 4796 415 4864 confirmati,
442 4797 575 4868 supernis
598 4797 708 4852 civibus
730 4812 840 4852 merea·
1193 4787 1351 4830 mmm*
1364 4789 1447 4830 ΠΗ·

85 4882 215 4955 onjungi.
230 4884 454 4941 Praemissum,
930 4880 1045 4935 AEterne
1061 4880 1144 4934 Deus.
1169 4881 1201 4935 Et
1222 4880 1398 4935 incessanter
1423 4881 1544 4953 precari,
1570 4886 1602 4938 ut
1627 4881 1688 4954 qui,
1714 4886 1743 4939 te

307 5005 466 5046 nomm,
484 5007 527 5046 ιχ.
896 4973 1021 5036 auctore,
1037 4968 1228 5035 subsistimus,
1242 4974 1270 5023 te
1281 4969 1475 5040 dispensante,
1493 4970 1668 5041 dirigamur:
1682 4988 1743 5027 non

896 5057 1001 5113 uostris
1025 5056 1155 5111 sensibus
1179 5057 1388 5129 relinquamur,
1418 5058 1467 5112 sed
1493 5057 1528 5112 ad
1553 5063 1611 5112 ture
1632 5059 1742 5116 reducti

101 3095 217 3149 AEterne
247 3093 333 3148 Dens.
358 3095 411 3148 Per
437 3093 580 3149 Christum
605 3092 758 3148 Dominum
784 3111 835 3148 no·

85 3224 88 3236 .
107 3182 211 3236 Verum
227 3187 426 3252 aeternumque
442 3181 608 3252 pontificem
621 3186 650 3235 et
664 3182 757 3237 solnm
774 3182 835 3237 sine

87 3268 98 3324 i
110 3271 222 3326 macula
234 3271 410 3325 sacerdotem
428 3270 528 3340 :cujus
549 3270 689 3340 sanguiue
705 3268 836 3325 fidelium

87 3359 265 3414 mundantur
281 3376 287 3413 :
309 3359 389 3429 eujus
408 3358 586 3413 institutione
602 3357 769 3429 placationis
784 3356 838 3412 tihi

85 3461 109 3513 s,
122 3461 180 3500 uon
195 3447 286 3500 solum
302 3463 355 3518 pro
371 3447 481 3502 delictis
496 3448 605 3518 populi,
621 3448 669 3501 sed
684 3447 769 3501 etiam
784 3461 837 3517 pro

85 3552 94 3590 s
123 3534 329 3591 oilcnsionibus
356 3537 554 3603 immolamus;
583 3541 662 3591 tuam
689 3539 838 3607 poscentes

85 3623 184 3693 utiam,
201 3627 235 3678 ut
257 3640 342 3679 omne
364 3629 512 3695 peceatum
537 3626 613 3696 quod
633 3625 726 3679 caruis
748 3624 856 3695 lragi·=

85 3714 291 3780 contraximus,
306 3713 368 3784 ipso
393 3728 506 3766 summo
532 3729 584 3784 pro
604 3713 687 3768 nobis
712 3713 838 3768 antistite

85 3800 209 3869 eniente,
226 3801 361 3855 solvatur.
381 3802 433 3855 Per
448 3816 546 3871 quem.

289 3922 450 3962 nonlnlcs
472 3922 548 3974 Vlll,

111 5092 227 5147 AEteme
250 5094 333 5148 Deus.
365 5095 398 5149 Et
421 5099 499 5149 tuam
525 5095 751 5151 misericordiam
774 5094 841 5151 totis
1104 5145 1109 5155 ,
1247 5147 1252 5157 ,

88 5196 253 5250 moram,
277 5197 314 5237 ne
331 5198 384 5253 pm
407 5188 506 5240 noma
520 5200 572 5239 no,
596 5185 750 5256 iniquitate
774 5201 840 5240 con·
896 5163 1011 5217 semper
1026 5150 1172 5201 tramitem
1195 5153 1309 5211 verrtas,
1335 5147 1397 5201 hac
1420 5147 1586 5201 studeamus
1611 5162 1743 5202 exercere

85 5285 125 5336 Β,
146 5270 197 5324 sed
220 5285 273 5340 pro
304 5276 354 5326 ,aa
377 5271 484 5340 pietate
509 5273 539 5326 in
566 5273 612 5327 via
633 5277 710 5327 mm
728 5289 843 5344 semper
895 5252 960 5309 qua
975 5235 1117 5307 precipis,
1132 5240 1163 5290 ut
1177 5236 1320 5307 possimus
1336 5236 1412 5291 dona
1427 5234 1574 5310 percipere
1589 5252 1655 5308 ques
1669 5252 1743 5308 pro·

85 5373 139 5412 rss.
157 5358 213 5412 Nec
227 5358 300 5413 sieut
313 5374 460 5414 meremur
483 5360 719 5431 delinquentibus
738 5361 840 5416 irasca-
897 5325 996 5381 mim&
1013 5327 1066 5380 90‘
1081 5323 1184 5380 Christ·

85 5447 109 5501 id
125 5445 274 5515 fragilitati
290 5452 395 5502 nostrus
418 5448 522 5504 invicta
536 5448 661 5504 bonitate
678 5449 840 5505 srrhrenias.
969 5447 1065 5487 mla
1083 5447 1116 5487 lv
1140 5446 1258 5488 suasis
1275 5445 1461 5488 sarrinia
1482 5445 1510 5488 s.
1534 5445 1672 5488 niam,

87 5534 220 5590 hristum.
235 5537 287 5591 Per
302 5551 398 5607 quem.
932 5539 1046 5594 AEteme
1059 5539 1143 5594 Deus.
1161 5537 1214 5603 Qui
1227 5550 1280 5594 uos
1302 5537 1367 5593 ideo
1390 5537 1515 5594 collectis
1538 5541 1624 5593 terre
1647 5537 1733 5594 fructi
