3930 6098
64 301 100 353 85
662 299 834 358 libutius
854 298 1060 357 Nt'llVlel'li
1080 298 1230 358 ClllllSTl.
1785 305 1819 358 ab

401 447 516 504 cgppp
535 448 582 503 111,
932 431 1035 496 acati,
1066 431 1114 486 sed
1145 435 1264 503 propter
1296 432 1505 489 deformitatem
1539 438 1660 503 nature,
1691 435 1816 508 genitale

969 519 1131 575 membrum
1147 521 1259 576 videtur
1279 519 1473 576 inhonestam.
1490 523 1547 578 Cur
1569 522 1642 580 hoc?
1675 524 1816 590 Quoniam

968 624 1085 663 sensum
1106 608 1199 663 caruis
1214 608 1242 663 in
1268 609 1354 664 rebus
1377 611 1580 682 cognoscendis
1609 615 1814 683 percunctaris,

968 712 1054 770 quem
1071 698 1279 770 nemosapiens
1294 700 1329 753 de
1345 699 1403 754 reri
1428 702 1611 772 perceptione
1633 708 1747 758 secutus
1761 708 1813 759 est.

968 785 1031 841 Non
1051 785 1156 841 mirum
1171 785 1194 840 si
1221 785 1337 855 falleris,
1352 787 1403 859 qui
1418 786 1549 843 falsitatis
1571 797 1685 846 auctore
1708 793 1814 864 perdo·

968 874 1050 930 ceris.
1073 876 1143 930 Eum
1156 875 1280 948 denique
1292 883 1453 948 sequantur
1466 893 1576 945 omnes,
1593 879 1643 950 qui
1670 880 1814 936 verisimi-

968 962 1006 1017 lia
1021 980 1073 1035 pro
1098 964 1180 1028 reris,
1203 964 1231 1020 id
1247 969 1298 1033 est,
1317 965 1516 1038 corruptibilia
1538 981 1589 1036 pro
1614 968 1728 1022 eternis
1752 985 1814 1024 am·

98 1049 175 1103 Dicis
190 1054 274 1120 tnrpe
303 1048 391 1104 luisse
413 1048 464 1104 Dei
488 1048 557 1105 rivio
585 1065 636 1120 per
655 1048 770 1104 vulvam
797 1064 912 1120 proces·
966 1052 1138 1124 plectuntur.
1155 1054 1265 1108 Revoca
1281 1053 1478 1125 magisocnlos
1492 1054 1735 1125 atemporalibas,
1747 1073 1813 1129 qne

60 1137 142 1193 sisse.
157 1139 253 1209 Turpe
268 1138 322 1193 boc
334 1141 384 1193 aut
397 1137 433 1193 de
455 1143 559 1193 natura
581 1141 631 1193 aut
649 1137 685 1193 de
706 1142 830 1210 peccato.
857 1136 912 1193 Sed
966 1140 1049 1196 docet
1068 1141 1249 1197 Ecclesiastes
1268 1158 1326 1198 non
1341 1147 1454 1199 tantvun
1473 1143 1638 1210 vanitatem,
1654 1159 1754 1199 verum
1770 1160 1814 1200 ra-

61 1243 114 1297 per
133 1232 269 1282 naturam
298 1226 371 1282 nihil
393 1230 493 1297 turpe,
517 1230 639 1283 testatur
665 1227 741 1282 enim
773 1227 913 1284 Geneseos
966 1229 1070 1286 nitates
1099 1230 1273 1298 vanitatum;
1304 1236 1332 1287 et
1356 1231 1432 1287 disce
1456 1233 1516 1288 veri
1540 1233 1753 1305 perceptionem
1780 1233 1815 1289 de

60 1315 146 1370 lectio
162 1315 242 1386 qaod
259 1315 354 1370 omnis
379 1319 510 1370 creatura
530 1315 614 1371 bona.
642 1315 722 1381 Quod
746 1314 867 1383 bonum,
884 1319 913 1370 et
966 1316 1098 1373 sensibus
1112 1317 1171 1373 veri
1193 1318 1441 1392 participantibus.
1459 1322 1539 1387 Quod
1563 1337 1629 1377 cum
1643 1321 1755 1388 feceris,
1774 1320 1816 1377 ai·

60 1405 216 1460 honestum
244 1409 302 1471 est;
327 1404 462 1476 qnodque
488 1404 641 1460 honestum
664 1409 717 1474 est,
741 1420 800 1459 non
815 1408 909 1476 turpe.
965 1405 1006 1462 hil
1020 1405 1052 1461 in
1067 1407 1176 1462 naturis
1191 1412 1275 1480 turpe
1299 1414 1404 1481 preter
1416 1409 1596 1466 inordinatos
1626 1415 1721 1465 motus
1736 1410 1814 1466 vide·

60 1494 154 1567 Igitur
177 1493 272 1548 omnis
297 1498 429 1549 creatura
455 1493 613 1549 secundum
633 1493 711 1565 quod
733 1497 828 1548 creata
856 1497 910 1559 est,
965 1493 1019 1561 bis,
1036 1511 1108 1566 quos
1123 1512 1183 1550 non
1202 1497 1238 1550 de
1252 1497 1374 1552 creantis
1398 1497 1549 1570 sapientia,
1578 1498 1628 1554 sed
1645 1499 1680 1554 de
1705 1498 1813 1569 peccati

59 1599 245 1656 nequaquem
265 1582 368 1654 turpis.
385 1582 477 1654 Igitur
492 1587 521 1638 et
535 1582 663 1637 mulieris
682 1582 767 1637 vulva
782 1598 839 1637 non
851 1586 911 1637 tur·
965 1582 1049 1654 culpa
1063 1589 1238 1653 contraxere,
1254 1589 1283 1640 et
1301 1585 1436 1658 deinceps
1451 1603 1510 1643 non
1532 1587 1682 1659 indignam
1699 1587 1813 1658 judiea-

59 1670 115 1742 pis,
135 1670 187 1726 sed
202 1671 337 1740 bonesta;
363 1670 506 1744 siqnidem
536 1674 630 1741 partes
646 1686 747 1727 omnes
771 1675 911 1727 creature
964 1669 1009 1726 bis
1039 1672 1239 1727 iucarnatione
1269 1673 1354 1729 Verbi
1385 1675 1420 1730 ad
1449 1675 1625 1731 nascendum
1654 1674 1812 1748 virgineam

58 1760 200 1815 honeste.
216 1760 280 1815 Nora
294 1775 363 1832 ergo
389 1758 534 1814 nascituro
552 1758 664 1814 Christo
692 1759 794 1814 semita
819 1760 911 1814 vulve
927 1738 948 1799 Β
967 1760 1089 1815 vulvam.
1108 1761 1246 1832 Equidem
1261 1761 1422 1834 pervidebis
1450 1763 1521 1819 nihil
1540 1763 1657 1836 dignius
1673 1763 1814 1819 Creatoris

57 1849 243 1915 declinanda,
254 1849 332 1903 velut
347 1853 430 1919 turpe
442 1847 571 1919 aliquod,
583 1847 641 1902 imo
652 1847 836 1918 suscipienda
848 1852 912 1902 tan·
967 1848 1156 1918 humanitate,
1173 1866 1260 1923 quam
1281 1867 1341 1906 sne
1358 1851 1577 1922 dispositionem
1600 1851 1714 1908 lubrice
1733 1867 1813 1906 com·

62 1954 152 2010 quarn
168 1938 326 1992 nativitatis
340 1936 481 1992 ministra.
498 1936 647 2002 Quomodo
671 1951 797 2008 namque
812 1937 911 1992 matri·
967 1938 1097 2009 probare.
1116 1941 1150 1995 Ut
1165 1939 1237 1995 sicut
1248 1940 1419 2011 approbarit
1434 1945 1550 1997 uterum
1565 1956 1623 2014 quo
1648 1939 1812 2011 concipere·

62 2042 138 2095 cem,
153 2042 213 2099 qua
227 2031 382 2098 conceptus
397 2026 579 2093 formaretur,
596 2040 656 2080 non
672 2024 857 2096 contempsit,
873 2024 913 2080 ita
966 2030 1024 2094 tur,
1054 2026 1094 2082 ita
1117 2044 1176 2083 non
1203 2028 1369 2100 approbarit
1392 2028 1468 2083 uteri
1492 2029 1614 2101 januam
1638 2027 1682 2084 sui
1710 2028 1813 2083 natalis

61 2131 117 2174 nec
144 2115 272 2182 volvam,
290 2131 348 2187 qna
369 2113 510 2169 formatus
534 2113 723 2184 exciperetur,
739 2113 912 2185 repudiavit.
966 2114 1168 2186 abrogatione;
1186 2131 1220 2171 ne
1234 2132 1321 2188 qoam
1336 2116 1483 2172 constituit
1497 2115 1631 2172 nascendi
1645 2116 1731 2183 viam,
1750 2131 1810 2172 sue

99 2205 190 2258 Porro
206 2209 235 2257 tn
260 2219 360 2258 sensus
374 2203 501 2275 corporis
520 2203 713 2273 interrogans,
729 2203 852 2258 estimas
865 2219 913 2257 eas
966 2203 1104 2260 refutaret
1118 2204 1334 2261 humanationis
1349 2221 1490 2278 egresssu.

61 2290 139 2346 uteri
154 2296 252 2362 partes
275 2290 434 2346 indecoras.
460 2290 524 2346 Noli
540 2291 671 2346 sensibus
693 2290 867 2359 lallentibus,
884 2290 920 2346 id·
1002 2291 1157 2349 lstadacas
1179 2293 1360 2364 cumimpia,
1390 2310 1498 2350 novum
1525 2293 1662 2366 quiddam
1692 2292 1812 2363 moliris,

60 2386 105 2436 est
125 2380 285 2452 corporeis,
315 2380 350 2435 de
378 2395 474 2435 rerum
492 2380 611 2435 veritate
638 2380 779 2448 assentiri,
807 2379 912 2435 mentis
968 2384 999 2435 ut
1020 2380 1159 2438 Salvatori
1187 2398 1245 2456 quo
1272 2387 1436 2438 nasceretur
1464 2382 1536 2438 nihil
1563 2382 1652 2438 tuisse
1679 2382 1810 2438 clausum

58 2469 206 2542 judicium
221 2467 361 2540 disquire,
378 2471 406 2522 et
420 2467 617 2538 deprehendes
631 2467 692 2523 iore
707 2468 829 2539 pulchra
846 2484 912 2541 qne
966 2471 1083 2537 clames,
1107 2471 1185 2542 quod
1207 2471 1355 2528 Conditori
1371 2471 1412 2527 nil
1426 2477 1624 2527 creaturarum
1637 2473 1724 2543 queat
1737 2469 1810 2525 obsi·

59 2559 198 2613 ridentur
219 2557 324 2628 turpia.
349 2557 431 2611 Nulla
455 2557 580 2627 deniqne
601 2561 739 2611 creature
763 2573 838 2629 pars,
863 2561 910 2611 aut
966 2561 1040 2613 sterc
1057 2575 1175 2614 :verum
1203 2559 1343 2632 quidquid
1360 2559 1498 2629 subsistit,
1520 2559 1557 2614 sit
1584 2559 1610 2615 ei
1636 2563 1768 2630 apertum
1784 2561 1813 2614 et

60 2647 237 2708 membrum,
263 2646 291 2700 ni
312 2646 463 2716 pulchrum
479 2651 545 2700 est:
571 2645 701 2701 redditur
714 2651 811 2701 antem
827 2646 912 2702 iude·
965 2648 1150 2718 permeabile.
1178 2650 1218 2704 lta
1244 2649 1330 2720 plane
1349 2649 1372 2703 si
1388 2649 1484 2714 sentis,
1502 2647 1724 2721 prudentissime
1746 2663 1811 2702 aen·

61 2733 418 2801 cens,cnminordinatus
443 2733 682 2789 etillicituseum
702 2735 910 2790 motusdetur·
965 2734 1011 2791 tis.
1029 2737 1165 2793 llacvero
1187 2738 1361 2809 regniacum
1390 2737 1546 2793 nativitatis
1568 2736 1671 2793 Christi
1686 2735 1811 2808 primor-

59 2822 186 2894 pererit.
207 2823 317 2878 Etenim
334 2828 400 2877 ante
416 2821 681 2893 prevaricationem
704 2823 795 2878 Adam
813 2827 841 2877 et
857 2824 911 2877 Eva
965 2821 1012 2876 dia
1025 2822 1189 2894 mancipare
1204 2823 1342 2895 disponis,
1358 2825 1435 2896 quod
1455 2824 1490 2879 ad
1506 2823 1667 2894 potentiam
1691 2826 1810 2895 spectat,

60 2929 120 2968 non
142 2912 363 2978 erubescebant,
390 2916 488 2983 utpote
504 2916 616 2966 motum
635 2910 823 2967 inorditatum
851 2911 911 2966 suis
965 2909 1123 2966 clarissime
1138 2910 1325 2983 dogmatizas.
1346 2911 1427 2978 Quod
1443 2915 1539 2966 autem
1553 2911 1588 2966 ad
1599 2910 1728 2983 corporis
1744 2926 1811 2983 pro·

60 3001 91 3056 in
119 3001 259 3056 membris
287 3000 399 3056 nullum
416 2999 587 3067 sentientes;
604 3004 648 3054 ast
671 2999 720 3055 nbi
736 3000 910 3072 prevaricati
965 2998 1118 3071 prietatem
1147 3000 1280 3071 suseepti,
1309 3004 1337 3055 et
1363 2999 1520 3055 nativitatis
1556 2999 1680 3071 pertinet
1706 2999 1811 3054 buma-

60 3100 139 3159 eunt,
162 3090 505 3160 erubescerecoeperunt.
535 3089 597 3143 Non
614 3088 729 3160 quidem
758 3094 910 3160 propterea
964 3103 1020 3146 ne.
1040 3085 1197 3141 averitatis
1222 3087 1292 3141 calle
1322 3086 1485 3157 longissime
1509 3086 1627 3142 recedis.
1654 3085 1811 3141 Virtutisi·

60 3179 204 3245 membra,
219 3193 286 3250 que
300 3193 377 3233 nnnc
392 3176 501 3248 peccati
516 3177 601 3247 culpa
615 3175 750 3247 pudenda
764 3190 909 3242 racemum
964 3174 1082 3248 quidem
1104 3173 1258 3228 voluntatis
1282 3173 1387 3229 Christi
1407 3173 1478 3228 nibil
1508 3179 1551 3228 est
1568 3174 1709 3240 clausum,
1737 3173 1812 3229 nibil

59 3268 207 3341 siqnidem
235 3272 264 3322 et
278 3267 446 3338 priusquam
470 3265 654 3339 deliquerint,
671 3281 758 3336 super
783 3264 824 3319 eis
852 3279 909 3319 non
964 3279 1022 3317 non
1038 3262 1224 3334 penetrabile.
1238 3261 1404 3317 llunranitas
1420 3267 1514 3316 autem
1530 3278 1595 3333 que
1612 3264 1743 3330 suscepta
1757 3263 1811 3327 est,

61 3356 326 3411 confundebantur.
344 3355 397 3411 Ubi
418 3371 485 3410 vero
500 3355 667 3410 inhonestus
682 3353 797 3409 accessit
816 3357 911 3408 motus
964 3352 1037 3407 sicut
1060 3352 1137 3406 intra
1160 3351 1239 3406 sinas
1260 3351 1386 3408 matricis
1409 3352 1527 3407 collecta
1542 3355 1594 3417 est,
1621 3350 1660 3404 ita
1682 3347 1810 3420 quandiu

63 3444 316 3514 genitalibusante
332 3443 455 3515 pudicis,
470 3444 519 3499 sed
536 3443 570 3499 de
585 3448 701 3515 peccato
712 3443 773 3515 jam
789 3458 910 3514 nonpu·
964 3440 1071 3495 mansit
1081 3439 1149 3508 illic,
1165 3439 1273 3495 ventris
1299 3439 1441 3496 exteriora
1461 3457 1517 3495 nou
1542 3445 1659 3512 experta
1687 3436 1760 3512 [esti.
1775 3439 1812 3492 At

63 573 245 630 Perculsum
267 574 355 629 scisse
383 572 520 630 Christum
545 573 646 643 probat
654 577 759 629 auctor.
788 601 822 616 -
848 575 914 629 Pur·

102 666 141 717 tes
153 662 276 730 corporis
288 663 399 716 minime
415 665 516 732 turpes.
538 662 594 726 Qui
607 666 701 730 portes
726 663 848 732 eorporis
866 661 912 716 de·

100 754 259 818 turpantur.
274 749 445 819 -Spiritus
466 753 576 804 sanctus
590 749 696 804 beatam
724 750 863 818 Virginem
878 749 913 803 ud

98 839 174 893 omni
187 840 312 906 contagio
336 839 526 906 sanctificavit.
542 867 577 878 -
601 839 696 893 Partes
712 837 837 908 quadum
854 853 914 894 eor-

95 928 176 996 poris
190 942 277 997 quare
291 926 447 982 inhoneste.

59 3533 139 3601 dicis,
161 3537 260 3586 secuta
286 3532 416 3588 conlusio
431 3537 476 3587 est
495 3548 554 3587 non
568 3536 688 3603 propter
701 3530 909 3602 turpitudinem
965 3544 1032 3584 vero
1062 3545 1128 3583 mox
1156 3527 1279 3601 virginei
1303 3528 1461 3584 thalamum
1490 3529 1606 3601 reliquit
1639 3526 1752 3593 secreti,
1782 3530 1811 3580 et

59 3620 249 3675 honestarum
270 3621 398 3693 corporis
412 3621 548 3692 partium,
564 3620 613 3675 sed
628 3624 857 3691 propterturpes
870 3618 909 3673 ir·
963 3618 1034 3673 ioris
1059 3616 1174 3683 exstitit,
1194 3621 1223 3671 et
1245 3617 1323 3672 intus
1346 3618 1549 3674 essecessavit.
1577 3619 1633 3673 tlac
1656 3617 1710 3672 lori
1742 3614 1810 3688 quid

60 3710 243 3764 rationabilis
259 3715 353 3764 motas
368 3709 520 3780 passionis.
541 3708 572 3763 ln
588 3725 645 3781 quo
657 3714 752 3764 autem
775 3725 827 3780 per
842 3723 910 3762 san·
964 3704 1153 3761 alternatione
1171 3705 1348 3769 monstravit,
1367 3706 1513 3778 nisiquod
1541 3705 1671 3779 quamvis
1708 3720 1809 3760 secun·

61 3800 97 3854 cti
109 3798 237 3871 Spiritus
249 3798 358 3870 ignem.
373 3799 415 3853 vel
429 3798 458 3853 in
472 3797 527 3852 hoc
541 3794 661 3869 corpore
676 3798 793 3863 caduco,
814 3797 858 3853 vel
879 3796 908 3851 in
963 3794 1033 3850 dum
1049 3793 1207 3849 divinitatis
1215 3792 1419 3865 proprietatem
1435 3794 1472 3848 sit
1483 3795 1600 3864 ubique,
1611 3795 1690 3865 juata
1707 3808 1811 3865 corpo-

60 3889 155 3944 lntara
179 3889 239 3944 vita
258 3888 320 3958 jam
339 3902 391 3958 per
417 3888 656 3943 resurrectionem
687 3886 909 3957 incorruptibili,
964 3883 1003 3939 ris
1031 3880 1315 3952 circonscriptionem
1341 3882 1438 3936 localis
1462 3881 1591 3936 exstitit?
1618 3880 1709 3951 lgitur
1733 3879 1809 3951 quod

63 3976 146 4032 tuerit
160 3977 217 4032 iste
242 3975 386 4047 passibilis
413 3980 510 4030 motus
524 3977 559 4032 ad
583 3980 694 4030 nature
710 3974 910 4046 dignissimam
963 3970 1053 4026 locale
1070 3972 1120 4038 est,
1135 3969 1208 4024 sicut
1224 3969 1332 4042 ubique
1348 3986 1405 4024 non
1431 3974 1475 4024 est
1489 3984 1612 4041 semper,
1630 3967 1679 4023 sed
1693 3972 1761 4021 tunc
1776 3966 1810 4021 ad

65 4065 194 4120 redactus
214 4063 364 4131 musicam,
389 4063 554 4119 intirmitate
582 4063 800 4136 depulsa‚nihil
822 4063 909 4118 habe·
964 4059 1052 4113 alium
1080 4059 1194 4130 migrat,
1233 4075 1298 4113 cum
1324 4059 1416 4114 locum
1447 4057 1573 4113 deseruit
1601 4056 1744 4128 primum3
1771 4054 1810 4110 ita

64 4153 132 4210 hunt
142 4153 278 4209 membra
292 4158 403 4207 nature
419 4153 495 4223 qnod
508 4152 546 4207 sit
557 4151 741 4223 confusionis,
756 4151 833 4225 quod
848 4156 910 4206 tur·
964 4149 1049 4203 etiam
1065 4164 1131 4202 curn
1146 4147 1297 4202 transitum
1322 4146 1398 4214 iacit,
1414 4162 1474 4202 non
1496 4145 1581 4200 simul
1608 4145 1739 4200 dextrum
1764 4158 1811 4197 ac·

65 4240 213 4313 pitudinis,
232 4240 310 4312 quod
329 4241 484 4296 inhonesti.
964 4237 1111 4291 sinistrum
1137 4240 1223 4300 tenet,
1246 4235 1491 4308 quemadmodum
1506 4233 1591 4288 simul
1607 4238 1672 4289 ante
1687 4237 1715 4288 et
1737 4237 1812 4287 retro

98 4333 211 4386 lnterca
226 4346 293 4384 vero
321 4329 366 4384 lex
393 4346 457 4402 que
473 4334 517 4385 est
541 4328 570 4384 in
586 4329 723 4385 membris
738 4328 844 4384 nostris
860 4328 946 4397 do·1)
966 4342 1024 4380 non
1039 4325 1178 4396 graditur,
1196 4340 1247 4379 nec
1262 4340 1348 4395 supra
1374 4324 1481 4395 pariter
1495 4328 1523 4378 et
1549 4322 1694 4377 deorsum.
1720 4322 1812 4390 Certe,

68 4434 116 4473 nec
130 4423 275 4490 repugnat
293 4418 350 4489 legi
375 4418 490 4486 mentis,
506 4422 534 4473 et
548 4417 672 4489 captivat
694 4433 746 4472 nos
772 4417 802 4471 in
817 4417 911 4487 legem
966 4419 994 4470 et
1015 4413 1143 4470 Salvator
1157 4412 1230 4469 sicut
1249 4412 1304 4467 alio
1329 4418 1457 4484 tempore
1477 4410 1532 4466 init
1547 4409 1578 4465 in
1606 4416 1688 4465 utero
1715 4426 1814 4465 secun-

68 4509 183 4577 pcecati,
208 4513 238 4561 et
260 4507 457 4563 erubescimus
482 4510 511 4562 et
535 4506 750 4562 confundimur.
776 4505 830 4561 Sed
854 4519 912 4558 nou
967 4502 1036 4558 dum
1052 4518 1165 4574 corpus,
1181 4508 1210 4556 et
1233 4501 1382 4567 alioicris,
1400 4501 1440 4555 ita
1464 4500 1495 4554 in
1509 4499 1683 4572 egrediendo
1711 4515 1813 4570 qrram-

69 4600 182 4666 propter
196 4595 270 4650 banc
285 4597 379 4667 legem
396 4595 505 4667 peccati
520 4595 717 4652 dominantem
736 4593 913 4649 inmembris
967 4592 1008 4645 ris
1022 4589 1192 4662 egressionis
1207 4589 1348 4644 voluntati
1372 4588 1412 4643 nil
1442 4588 1528 4643 luerit
1556 4588 1695 4654 clausum,
1727 4603 1813 4642 unam

69 4684 169 4739 nostris
184 4700 259 4755 opus
274 4684 329 4739 luit
340 4683 480 4739 Salvatori
495 4684 639 4740 declinare
659 4683 733 4737 viam
758 4682 913 4737 nativitatis
967 4682 1064 4733 tanren
1079 4677 1170 4731 tenuit
1180 4677 1349 4748 egressionis
1369 4677 1453 4746 viam,
1467 4693 1523 4732 non
1553 4693 1605 4749 per
1624 4692 1725 4732 omnes
1752 4693 1813 4731 cor-

70 4773 128 4844 lege
155 4773 359 4828 constitutam?
390 4772 626 4845 quandoquidem
651 4773 774 4844 Spiritus
788 4774 912 4836 sanctus,
967 4765 1054 4838 poris,
1068 4765 1099 4819 ia
1112 4782 1171 4837 qao
1186 4766 1327 4820 formatus
1342 4766 1444 4832 iuerat,
1459 4770 1554 4837 partes
1568 4765 1665 4821 exivit.

70 4861 115 4932 qui
128 4861 254 4932 Virginis
269 4866 395 4927 uterum,
412 4879 469 4933 quo
488 4863 538 4917 bei
555 4862 642 4917 Filius
656 4862 864 4927 incarnaretur,
879 4860 913 4914 ab
1003 4857 1149 4911 Constitue
1168 4859 1345 4934 certequam
1362 4854 1482 4909 voluerit
1497 4854 1626 4927 corporis
1640 4858 1751 4926 partem
1767 4868 1813 4906 or·

69 4948 143 5004 omni
165 4948 301 5019 corregio
321 4949 521 5015 sanctificavit,
547 4950 608 5020 ipsa
625 4964 742 5020 quoque
757 4953 786 5002 et
799 4949 912 5002 vulvam
967 4943 1011 4998 tui
1026 4941 1190 4999 salvatoris.
1208 4943 1272 4997 Non
1287 4943 1363 4997 enim
1393 4958 1544 5015 peremne
1558 4959 1662 5015 corpus
1684 4955 1815 5013 egressus

70 5052 121 5108 qua
145 5037 472 5109 nascereturpurgavit.
499 5037 556 5092 Nisi
573 5038 647 5091 torte
662 5036 797 5091 credibile
820 5035 915 5091 videa·
967 5036 1021 5098 est,
1037 5031 1167 5103 quamvis
1186 5031 1325 5087 volontati
1342 5032 1454 5102 ejusad
1471 5048 1618 5106 egressum
1643 5030 1720 5085 nulla
1752 5042 1813 5082 cor-

65 5129 121 5191 tur,
137 5124 300 5197 quodcum
315 5126 409 5181 locum
424 5125 521 5180 dirino
544 5129 681 5195 conceptu
699 5123 859 5179 reddiderit
873 5123 915 5178 di·
968 5121 1047 5191 poris
1068 5137 1134 5191 pars
1159 5120 1246 5176 luerit
1269 5121 1375 5177 clausa.
1412 5123 1469 5176 Nec
1497 5120 1647 5176 illocaliter·
1681 5132 1812 5189 egressus

69 5213 230 5284 gnum-qui
246 5213 337 5284 magis
352 5213 575 5268 libidinisestus
585 5213 778 5276 succenditur,
790 5217 914 5282 etquem
971 5209 1023 5265 hoc
1047 5213 1089 5263 est
1107 5208 1185 5264 enim
1211 5209 1389 5280 incorporee
1409 5209 1556 5279 propriam
1585 5212 1705 5273 nature,
1731 5205 1816 5276 longe

69 5301 185 5357 minoris
196 5302 321 5356 flamme
334 5305 595 5375 temperamentum
608 5305 761 5370 pertentat,
773 5300 932 5355 mundare
969 5312 1071 5353 veroa
1097 5313 1236 5368 corporea
1263 5302 1415 5352 remotum.
1446 5297 1592 5351 Constitue
1619 5299 1696 5349 certe
1729 5310 1816 5367 quam
1875 5300 1880 5309 ’

71 5390 237 5463 neqniverit.
253 5390 333 5455 Quod
354 5390 432 5444 enirn
455 5388 669 5444 mulieribusin
695 5389 843 5457 umbilico,
870 5389 915 5443 cui
970 5385 1112 5457 delegeris
1140 5392 1261 5456 partem.
1287 5387 1405 5441 valvam
1431 5385 1539 5451 renavis,
1568 5382 1735 5439 umbilicum
1775 5387 1816 5438 at-

71 5479 170 5534 nrotrix
186 5478 325 5550 subjacet,
347 5477 437 5533 libido
452 5477 629 5543 dominetur,
647 5477 740 5532 verbis
761 5476 916 5548 Scriptus-e
970 5475 1080 5543 tribue,
1098 5476 1153 5543 vel,
1168 5475 1192 5530 si
1207 5476 1351 5540 malueris,
1378 5473 1525 5528 honestius
1544 5473 1738 5546 quodcunque
1753 5489 1812 5527 cor·

71 5571 171 5617 nocte
187 5565 352 5620 didicimus.
368 5564 427 5619 'libi
440 5569 726 5634 avrtrmnouprnptrr
741 5565 832 5628 tapam
850 5580 912 5636 pec·
970 5565 1164 5636 parisostium
1180 5580 1187 5617 ε
1204 5565 1269 5619 acsi
1283 5564 1432 5634 ostiaque
1443 5561 1524 5618 dedit
1537 5566 1639 5619 natura
1652 5562 1817 5636 displicent,
