3930 6098
170 274 221 328 aon
746 246 1172 320 errorummaemeosts
1192 251 1346 318 ocream
1393 243 1402 255 '
1437 289 1442 293 -
1868 261 1922 317 aot

169 413 227 460 tem
243 420 277 458 ex
289 404 342 458 hoc
356 416 414 455 non
427 398 518 452 multa
528 395 693 465 disputandi
704 394 857 449 necessitas
871 393 1011 449 incubuit.
1032 395 1054 446 a
1068 398 1204 463 arrogant
1218 393 1281 459 sibi,
1307 398 1337 446 ut
1353 392 1493 464 quidquid
1517 398 1658 461 asserunt,
1679 394 1835 449 auctoritas
1859 409 1923 448 esse

171 492 301 564 quamvis
325 504 383 544 non
408 502 498 558 pauca
513 485 599 540 sinta
615 483 697 538 uobis
724 499 757 537 ex
780 484 834 538 hoc
850 483 935 543 dicta.
951 498 1016 536 cum
1073 481 1221 536 videatur:
1238 481 1346 535 similes
1367 481 1409 535 cie
1430 481 1479 553 qui
1502 482 1568 536 caeci
1585 498 1642 537 non
1667 483 1796 537 videntes
1814 483 1923 549 lucem,

170 582 291 636 selocus
314 576 429 632 obtulit.
458 576 497 630 lle
523 573 706 645 processione
733 588 800 625 vero
830 569 1015 640 ipsiusplora
1069 569 1245 640 juraotsolis
1260 569 1443 641 praesentiam
1460 586 1518 624 non
1541 587 1601 625 esse
1624 576 1839 643 superterram,
1855 588 1923 625 carn

169 665 383 732 suntdicta,de
410 680 468 736 qua
484 662 603 735 quaestio
629 667 696 716 nata
721 666 781 727 est,
808 676 871 730 quar
887 658 1016 712 sullicere
1072 658 1250 713 diesscreno
1276 660 1384 712 lumina
1408 659 1525 730 fulgeat.
1545 660 1598 714 Sed
1617 660 1744 714 dicamus
1760 658 1816 713 illis
1840 661 1921 729 quod

168 755 311 811 credimus
325 754 461 825 pietatem
477 750 655 816 amantibus,
678 753 705 803 et
731 749 879 802 veritatem
894 747 1016 818 diligen·
1071 746 1201 802 Salvator
1232 747 1337 801 ludaeis
1369 747 1515 818 loquitur:
1548 748 1715 803 Scrutamini
1742 748 1924 816 Scripturas:

168 844 254 911 tibus,
279 843 429 914 magisque
444 839 591 911 sapientie
611 839 708 893 lumen
725 853 809 908 qoam
827 834 959 891 tenebras
975 851 1017 888 er·
1072 837 1125 890 illae
1141 841 1204 890 sunt
1217 838 1286 890 enim
1298 835 1550 904 quaetestimonium
1560 837 1704 905 perhibent
1719 837 1752 890 de
1770 851 1811 889 me
1826 837 1923 905 (doen.

168 930 438 988 rorissectantibue.
470 927 775 1000 Dequibusutrisqoe
799 925 926 996 loquitur
954 923 1015 994 Spi-
1072 940 1099 990 r,
1114 924 1170 995 39).
1187 923 1231 978 Sic
1255 930 1283 978 et
1297 925 1344 977 isti
1368 940 1513 978 sacrarum
1539 924 1686 978 volumina
1709 925 1925 994 scripturarum

168 1024 240 1077 ritus
268 1025 380 1074 sanctos
407 1020 435 1072 in
463 1017 626 1077 Salomone,
658 1016 770 1070 dicens:
811 1016 874 1069 ll'oli
902 1028 1018 1081 arpuere
1072 1019 1243 1067 scrutentur.
1266 1013 1367 1067 tritta
1392 1018 1538 1084 suntque
1558 1014 1754 1067 testimonium
1772 1012 1927 1085 perhibent

167 1108 325 1170 derisorem,
339 1120 372 1158 ne
394 1104 481 1158 oderit
501 1109 534 1157 te.
553 1103 645 1167 Aeque
657 1105 815 1171 sapientem,
836 1104 861 1152 it
874 1099 1018 1164 festinabit
1072 1102 1189 1172 quidem
1205 1100 1326 1170 Spiritui
1340 1107 1436 1154 sancto
1450 1100 1527 1171 qood
1543 1102 1578 1155 de
1595 1102 1677 1155 Patre
1704 1101 1831 1171 Filioque
1855 1116 1924 1171 pro·

168 1197 288 1264 accipere
312 1193 401 1263 (Pron.
423 1208 459 1258 tx,
477 1193 513 1256 8).
541 1192 573 1245 lit
594 1206 729 1243 rursum:
755 1189 923 1245 inauribus
946 1189 1015 1240 insi·
1072 1190 1162 1245 cedat.
1187 1190 1323 1243 Evolvaot
1341 1189 1546 1243 catholicorum
1576 1190 1712 1260 dogmata
1735 1190 1871 1254 Patrum3
1896 1195 1927 1242 et

167 1285 300 1352 pientiam
313 1296 346 1334 ne
362 1282 482 1350 loquaris
503 1293 575 1334 :riou
591 1281 661 1332 enirn
685 1280 815 1347 recipient
837 1278 892 1329 nisi
915 1275 1018 1328 diceris
1072 1278 1217 1349 reperient
1228 1279 1304 1331 unde
1315 1295 1399 1332 suum
1410 1278 1555 1348 corrigant
1566 1294 1704 1343 errorem,
1716 1279 1923 1349 deponantque

167 1373 217 1424 illu
240 1386 299 1441 que
322 1376 466 1423 susanna·
489 1372 516 1421 io
541 1367 620 1421 corde
642 1382 732 1421 eorum
759 1367 849 1433 (Pron.
875 1378 952 1428 xxur,
971 1363 1015 1430 vx).
1073 1367 1201 1421 stultitiae
1216 1372 1369 1432 tumorem,
1394 1383 1451 1439 quo
1467 1372 1570 1437 putent
1591 1367 1644 1421 sibi
1661 1367 1857 1439 potiusquam
1877 1384 1927 1420 ve-

168 1458 347 1530 Onaproptcr
374 1456 488 1510 videant
520 1455 644 1525 Spiritus
679 1455 769 1507 sancti
797 1452 1017 1505 colurooiatorrs
1072 1455 1350 1510 ritaticredendum.
1368 1456 1551 1525 etmajorum
1573 1456 1771 1510 auctoritatem
1793 1472 1852 1508 stim
1879 1471 1927 1508 re·

168 1562 204 1600 ne
219 1546 349 1600 nolentes
364 1545 490 1614 reciq‘rere
505 1542 653 1612 sapientie
667 1540 860 1611 disciplinam,
876 1540 1015 1594 illiscom·
1073 1545 1160 1598 santae
1176 1544 1425 1614 postponendam:
1452 1543 1562 1598 discant
1586 1546 1666 1614 prius
1688 1543 1763 1614 quod
1785 1549 1928 1614 appetunt

168 1639 315 1702 parentur,
333 1632 473 1703 quisnam
486 1630 729 1699 praeterrerolont
744 1629 1016 1699 insipientiamsan-
1072 1633 1185 1696 docere,
1202 1633 1321 1687 nedum
1347 1632 1522 1702 imperitiam
1553 1650 1632 1686 suam
1658 1649 1710 1703 pro
1739 1648 1852 1685 surrtma
1878 1648 1928 1703 pe-

168 1726 277 1773 ctarom
295 1719 403 1789 regulis
422 1718 830 1789 Scripturartrm.li0stamcn
851 1718 1015 1781 modernos,
1037 1699 1295 1774 Bittiavotaeriot
1315 1722 1433 1790 jactare,
1462 1721 1570 1775 similes
1590 1721 1637 1774 isti
1661 1722 1741 1786 liant,
1770 1720 1819 1790 qui
1848 1728 1927 1790 post·

169 1823 227 1861 non
241 1809 442 1878 disputatores,
452 1806 597 1878 quianihil
614 1821 648 1860 ex
659 1806 769 1860 ratione
777 1807 820 1860 vel
831 1805 1016 1875 redarguunt,
1072 1826 1158 1881 quam
1174 1810 1265 1863 elatus
1281 1822 1321 1861 est
1338 1809 1366 1863 in
1383 1809 1517 1876 sublime,
1542 1808 1653 1862 dieeote
1674 1808 1839 1871 Salomone,
1857 1809 1927 1863 stul-

171 1897 211 1950 vel
229 1901 370 1964 astruunt,
393 1895 441 1949 sed
458 1895 590 1948 novitatis
603 1901 767 1959 assertores,
789 1894 893 1964 quibus
908 1894 1018 1947 similes
1072 1904 1118 1951 tus
1133 1897 1276 1967 apparuit.

169 1999 229 2037 esse
255 1983 408 2038 dicamus?
433 1984 503 2037 Cum
528 1981 605 2036 enim
626 1998 731 2052 negare
756 1983 857 2035 volunt
880 1981 1018 2052 Spiritum
1109 1987 1211 2039 Verum
1229 1989 1342 2054 tempus
1357 1989 1399 2038 est
1415 1984 1475 2054 jam
1496 1985 1529 2038 ad
1547 1984 1657 2054 reliqua
1684 2000 1749 2054 quae
1769 1984 1925 2038 criminose

170 2078 297 2126 sanctum
315 2073 349 2127 de
366 2072 435 2127 Filio
454 2072 620 2142 procedere,
647 2070 1016 2142 undequoddicuntcoro·
1070 2074 1230 2144 proterunt,
1261 2071 1394 2138 transire,
1423 2073 1525 2142 quilius
1556 2073 1624 2125 dum
1659 2073 1783 2142 gestiunt
1811 2072 1926 2126 Latinos

170 2161 301 2231 probent,
326 2161 436 2214 nullam
462 2160 505 2214 vel
535 2159 796 2227 ratiocinationem,
824 2160 866 2212 rel
891 2159 1016 2213 auctori·
1071 2160 1291 2230 reprehendere,
1327 2175 1414 2230 qoam
1443 2160 1500 2213 sint
1528 2159 1584 2229 ipsi
1613 2159 1866 2229 reprehensibiles,
1891 2160 1926 2214 li·

168 2253 256 2301 tatem
273 2248 446 2302 ostendunt:
464 2247 542 2302 unde
570 2252 666 2300 tumor
687 2248 785 2317 potius
808 2246 931 2300 levitatis
957 2264 1017 2300 esse
1071 2250 1159 2321 quido
1174 2249 1381 2302 demonstrant.

169 2323 291 2403 videtur,
320 2352 405 2407 quam
433 2336 594 2408 prudentiae
623 2336 755 2406 gravitas.
786 2335 866 2391 Adeo
893 2335 1017 2406 danique

416 2499 661 2506 ——-—.-.--
676 2498 1104 2505 --..---....—----——-———-

836 2621 977 2692 LlBER
1005 2618 1242 2704 QUARTUS.

962 2784 1114 2796 ——n-

451 2894 563 2949 caput*
585 2895 729 2950 PltlllUll.
1038 2901 1041 2907 '
1066 2899 1095 2948 et
1124 2893 1248 2963 Spiritus
1279 2894 1380 2961 sancti,
1407 2895 1511 2965 aequali
1543 2895 1720 2950 confessione
1749 2898 1920 2969 quicunque

168 3006 205 3059 lle
224 3003 339 3056 dirersis
362 3002 486 3056 Ecclesiae
510 3000 758 3055 consuetudinibus.
785 3001 856 3067 Ouid
878 3003 908 3053 in
922 3002 1012 3055 Ecclr-
1033 2995 1166 3048 csomos
1180 2983 1334 3037 Christiani
1349 2990 1482 3037 tenemus
1496 2989 1521 3038 ⁰¹
1535 2984 1716 3038 ⁰⁰1lfil⁰¹11⁰st
1733 2985 1823 3040 11¹¹]ss
1839 2986 1917 3040 essim

201 3077 244 3128 sia
270 3075 447 3140 uniformiter
470 3072 504 3125 ab
537 3072 661 3126 omnibus
689 3072 842 3126 tenendum.
872 3074 1015 3127 dlutantur
1061 3071 1195 3149 ’obsecrat
1227 3087 1277 3124 nos
1305 3072 1457 3141 Apostolus
1486 3072 1563 3126 idem
1589 3088 1698 3142 sapere,
1724 3089 1783 3127 non
1808 3075 1922 3128 diversa

201 3143 577 3213 aliquundoconsuetudines.
1068 3160 1184 3214 sentire,

201 3251 317 3322 Objecta
344 3266 409 3322 qoae
438 3253 597 3318 sequuntur
625 3249 693 3303 dtrm
724 3248 871 3319 sapientiae
901 3265 1013 3319 parum,

165 3340 318 3409 imperitiae
345 3354 413 3392 vero
451 3353 508 3390 oon
540 3352 639 3406 parum
673 3337 820 3391 continere
853 3336 1012 3395 videantur,

165 3432 299 3496 poterant
327 3424 432 3491 omitti,
457 3423 480 3475 si
507 3440 563 3477 noo
589 3423 685 3476 minos
700 3424 889 3494 prudentibus
908 3425 1013 3479 erroris

165 3512 329 3567 scandalum
350 3511 515 3564 viderentur
543 3526 625 3579 posse
651 3511 803 3580 parturire.
835 3512 907 3565 Itum
936 3513 1012 3566 enim

166 3601 232 3654 talia
251 3600 308 3652 sint
323 3615 387 3670 quae
410 3599 532 3652 formam
556 3599 672 3669 pietatis
690 3599 838 3653 videantur
851 3600 1012 3660 ostendere,

164 3687 306 3759 plurimos
320 3687 416 3741 valent
431 3686 560 3740 incautos
575 3686 717 3756 decipere,
731 3703 788 3741 non
804 3688 932 3741 valentes
953 3688 1012 3741 dis-

163 3792 280 3831 cernere
294 3776 363 3847 quid
388 3774 465 3829 inter
486 3791 582 3829 veram
603 3775 826 3846 simulatamque
841 3776 925 3829 distet
946 3777 1010 3830 reli·

163 3865 290 3936 pionem.
310 3866 420 3920 Etenim
443 3879 509 3918 cum
532 3863 603 3917 nihil
629 3865 664 3918 de
690 3864 822 3934 dogmate
837 3865 903 3918 lidei
920 3866 1011 3919 conti·

162 3960 259 4022 noant,
287 3955 317 4008 in
351 3970 408 4025 quo
445 3952 665 4007 Christianitatis
698 3953 846 4022 plenitudo
871 3953 1010 4019 consistit,

161 4057 262 4095 verum
283 4040 521 4094 consuetudinem
554 4056 613 4092 sure
644 4040 773 4092 Ecclesiae
810 4041 1010 4095 tantummodo

62 4153 66 4161 ’
161 4134 289 4192 narrent,
306 4127 376 4181 nihil
393 4127 498 4180 isthinc
514 4129 556 4180 vel
573 4128 804 4196 approbandum,
820 4130 861 4182 vel
885 4129 1010 4183 refutan-

161 4217 229 4270 dum
247 4220 351 4269 nostrae
374 4215 499 4269 restabat
515 4214 656 4269 Ecclesiae.
675 4217 734 4269 Non
754 4217 831 4270 enim
848 4217 1011 4272 continetur

1103 3245 1243 3316 Caetepum
1271 3232 1490 3300 consuetudines
1519 3246 1705 3301 Ecclesiarum
1734 3262 1787 3300 nec
1818 3249 1920 3303 eadem

1067 3337 1135 3386 sunt
1157 3348 1265 3398 omnes,
1288 3350 1340 3386 nec
1364 3333 1398 3387 ab
1427 3333 1561 3388 omnibus
1589 3338 1708 3404 possunt
1738 3335 1920 3389 uniformiter

1067 3420 1176 3475 haberi.
1193 3420 1336 3491 Principio
1364 3423 1506 3492 siquidem
1535 3422 1678 3476 nascentis
1693 3423 1823 3476 Ecclesioe
1849 3439 1920 3493 apo-

1066 3508 1205 3562 stolorum
1221 3511 1289 3562 Acte
1303 3514 1444 3564 testantur
1460 3510 1537 3580 quod
1552 3509 1603 3580 qui
1621 3509 1825 3580 Hierosolymis
1837 3518 1920 3565 erant

1066 3597 1223 3661 credentes,
1252 3599 1325 3652 nihil
1348 3599 1494 3670 proprium
1520 3599 1705 3667 possideant:
1722 3600 1919 3670 possessiones

1066 3693 1161 3741 autem
1179 3704 1250 3758 quas
1278 3687 1431 3755 habebant,
1457 3688 1628 3754 vendebant,
1653 3691 1922 3759 earumquepretie

1065 3790 1159 3829 coram
1196 3776 1317 3846 pedibus
1343 3777 1540 3847 apostolorum
1570 3777 1724 3848 ponebant,
1759 3778 1919 3832 distribue-

1065 3864 1193 3934 bantque
1205 3865 1327 3935 singolis
1342 3870 1427 3935 prout
1442 3867 1544 3935 cuique
1560 3883 1632 3936 opos
1649 3871 1723 3920 erat:
1741 3871 1824 3919 erant
1840 3867 1918 3920 enim

1065 3952 1105 4007 eis
1133 3952 1230 4006 omnia
1259 3954 1563 4022 communiatact.rv,
1590 3954 1634 4014 tl,
1664 3956 1719 4020 35).
1745 3957 1864 4008 Atrero
1882 3953 1919 4008 de

1064 4039 1199 4110 gentibus
1214 4041 1264 4111 qui
1274 4041 1455 4095 crediderant
1469 4058 1527 4095 non
1538 4042 1639 4096 eadem
1655 4041 1801 4111 religionis
1824 4043 1919 4097 forma

1064 4128 1228 4194 detinebat;
1245 4129 1379 4183 scribitur
1402 4130 1524 4184 enimin
1540 4130 1646 4184 eisdem
1676 4130 1752 4184 Actis
1771 4132 1918 4200 apostolo·

1065 4232 1140 4283 rum,
1157 4233 1221 4287 quoe
1233 4234 1284 4287 per
1298 4219 1438 4288 apostolos
1457 4224 1597 4288 praeeepla
1621 4224 1815 4289 susceperant,
1839 4236 1918 4290 quae·

161 4305 189 4358 in
210 4304 265 4357 hoc
286 4303 356 4356 illod
371 4303 513 4373 apostolis
529 4303 664 4358 dicentis:
682 4305 795 4360 Obsecro
816 4321 862 4359 uos
886 4312 916 4359 ut
936 4306 1007 4360 idem
1028 4297 1121 4375 une
1136 4309 1289 4370 {servantes
1311 4308 1410 4361 salutis
1433 4313 1548 4360 eternae
1570 4307 1724 4377 participes
1749 4307 1916 4363 existerent.

161 4392 262 4444 dicatis
275 4406 382 4457 omrres;
397 4396 487 4444 etnon
513 4393 569 4446 rint
592 4394 621 4444 in
644 4393 720 4447 vobis
745 4395 802 4446 nlla
826 4395 971 4447 scleismata
983 4395 1009 4462 (1

161 4478 221 4533 Cor.
234 4494 253 4540 ι,
271 4478 324 4543 10).
341 4476 410 4540 Quia
425 4476 482 4531 sint
497 4482 591 4531 autem
609 4477 644 4532 de
663 4480 767 4549 quibus
784 4479 913 4533 obsecret
931 4480 1007 4533 idem

161 4565 277 4631 sentire,
301 4565 379 4619 idem
408 4565 499 4636 loqui,
537 4582 589 4620 nec
621 4568 709 4622 ullatn
738 4567 801 4622 fieri
828 4568 1007 4635 divisionem,

160 4658 302 4708 monstrat
327 4654 404 4717 alibi,
431 4653 547 4708 dicens:
577 4657 650 4710 Urius
682 4659 822 4724 Dominio,
849 4672 904 4710 una
928 4657 1007 4722 tides,

159 4758 242 4797 unum
267 4743 412 4812 baptisma.
440 4744 514 4798 Unus
542 4747 611 4798 Deus
641 4750 666 4798 et
693 4750 773 4812 pater
806 4747 936 4809 amisium,
961 4748 1009 4814 qui

157 4846 240 4900 supm
254 4847 343 4885 amires
359 4836 407 4898 est,
421 4836 447 4885 ct
467 4833 495 4885 in
515 4832 638 4887 omnibus
656 4833 731 4887 uobis
745 4834 855 4903 (Ephes.
873 4849 909 4899 vv,
926 4837 952 4900 5,
969 4834 1005 4903 6).

158 4921 191 4976 ln
206 4920 251 4974 his
274 4920 351 4973 enim
377 4920 455 4973 nulla
469 4920 501 4974 tit
521 4921 670 4975 diversitas
684 4922 874 4989 credentium,
891 4922 1006 4992 quando

158 5013 263 5062 sanctae
278 5008 425 5061 Trinitatis
440 5008 658 5074 contessionem,
680 5014 708 5063 et
734 5009 886 5064 salvatoris
915 5011 1006 5064 nostri

156 5097 219 5150 lesu
258 5095 362 5151 Christi
393 5097 571 5151 nativitatem
604 5112 636 5151 ex
670 5097 796 5168 Virgine,
830 5098 1004 5167 passionem,

156 5189 291 5244 mortem,
315 5183 565 5251 resurrectionem,
594 5184 623 5239 in
643 5185 729 5239 coelos
749 5185 953 5252 ascensionem,
970 5187 1004 5241 ad

1064 4395 1129 4450 llaec
1144 4399 1240 4448 autern
1256 4398 1347 4461 erant,
1364 4401 1394 4450 ut
1409 4395 1587 4450 abstinerent
1611 4412 1641 4449 sa
1662 4412 1678 4448 a
1693 4396 1917 4451 simulacrorum

1062 4484 1216 4548 cultura,a
1238 4482 1436 4549 fornicatione,
1466 4493 1494 4536 et
1521 4483 1672 4547 sanguine,
1698 4489 1727 4536 et
1750 4483 1913 4539 suffocato:

1064 4570 1134 4624 nihil
1151 4571 1228 4624 enim
1252 4588 1340 4641 sopire
1364 4572 1517 4625 voluerunt
1531 4571 1572 4625 cis
1591 4571 1750 4641 imponere,
1775 4571 1850 4627 sicot
1871 4572 1917 4626 lit·

1062 4662 1130 4711 lcrae
1146 4664 1287 4713 testantur
1311 4659 1492 4714 credentibus
1515 4659 1550 4713 de
1566 4660 1706 4729 preputio
1737 4659 1772 4714 ab
1798 4665 1917 4730 aposto·

1061 4746 1097 4800 lis
1111 4748 1216 4812 missae,
1244 4747 1394 4818 inquibus
1414 4748 1467 4802 hoo
1490 4746 1653 4813 feretratum
1686 4749 1779 4802 Visum
1801 4753 1855 4811 est,
1871 4749 1915 4802 in·

1060 4835 1174 4905 quiunt,
1190 4837 1312 4904 Spiritui
1336 4842 1429 4891 sarecto
1446 4842 1471 4890 et
1486 4837 1561 4889 nobis
1587 4837 1657 4890 nitiit
1679 4837 1751 4889 ultra
1776 4838 1919 4905 imponere

1059 4923 1134 4976 uobis
1149 4924 1246 4987 oneris,
1268 4939 1349 4991 quam
1376 4925 1431 4978 leaeo
1449 4924 1619 4990 necessaria;
1644 4928 1673 4977 ut
1688 4923 1852 4978 abstineatis
1867 4940 1915 4979 uos

1059 5011 1094 5064 ab
1123 5013 1270 5065 immolatis
1288 5013 1505 5078 simulacrorum,
1523 5018 1576 5066 etc.
1594 5012 1626 5067 Et
1646 5011 1676 5065 in
1705 5012 1913 5067 conclusione:

1059 5099 1202 5168 Aquites
1224 5100 1402 5154 custodientes
1428 5116 1474 5154 uos
1491 5101 1553 5154 berre
1578 5103 1664 5168 apetie
1680 5102 1753 5166 (Act.
1781 5116 1828 5164 xv,
1863 5104 1911 5168 28,

1059 5187 1116 5253 29).
1155 5186 1223 5252 Qttis
1254 5203 1311 5240 non
1351 5187 1446 5241 videat
1482 5187 1624 5241 diversam
1662 5203 1722 5241 esse
1760 5187 1915 5258 religionis

157 5270 286 5325 dextram
301 5272 394 5326 Patris
415 5272 639 5336 consessionem,
657 5277 686 5326 et
701 5273 787 5327 corde
807 5275 959 5342 credimus,
975 5278 1005 5328 ut
1057 5273 1312 5341 eonsuetudinem3
1355 5274 1427 5328 nihil
1474 5275 1623 5346 proprium
1663 5274 1823 5345 possidere,
1861 5276 1914 5332 sed

153 5359 401 5429 justilicemur,et
420 5362 667 5428 oreconlitemur,
688 5364 1005 5418 utsalvemur:sedet
1056 5363 1247 5417 communiter
1275 5365 1379 5428 vivere,
1419 5367 1448 5417 et
1481 5364 1579 5417 omnia
1609 5380 1660 5418 sua
1693 5363 1831 5431 retinere,
1861 5379 1915 5419 ne-

155 5445 251 5518 ipsum
265 5452 419 5503 venturum
438 5454 497 5504 tam
514 5449 745 5520 vivorumquam
767 5452 1002 5521 niortocruntjo·
1056 5467 1113 5522 que
1140 5451 1195 5506 nisi
1231 5451 1411 5522 paucissimis
1438 5451 1589 5523 praeceptis
1612 5450 1794 5523 mancipari?
1823 5452 1912 5508 Aliud

155 5534 311 5591 dicem:et
329 5553 419 5592 unum
446 5538 587 5610 baptisma
603 5539 632 5593 in
648 5539 764 5595 nomine
780 5540 870 5594 Patris
887 5545 915 5594 et
939 5540 1001 5595 Filii
1055 5546 1097 5595 est
1128 5555 1254 5614 nemque
1276 5538 1459 5612 perlectionis
1489 5555 1631 5595 summam
1668 5539 1801 5612 asseqoi;
1832 5539 1914 5613 qood
