3930 6098
108 276 157 331 tlt
624 272 762 332 currat
780 275 977 333 CRAECORUM
998 275 1176 334 aurosus.
1192 304 1226 318 -·
1243 275 1308 333 tta.
1329 276 1351 332 l.
1809 280 1871 337 itt·

107 406 140 462 in
155 407 285 475 Christo:
298 413 327 463 et
340 408 481 465 deducere
496 407 551 463 sibi
564 407 713 463 credentes
732 408 767 464 ad
783 408 847 464 vita
863 407 957 464 fontes
975 407 1117 476 APatris;
1139 423 1180 464 ex
1207 407 1394 473 humanitate,
1421 409 1522 465 matris
1548 409 1747 466 substantiam.
1765 410 1860 471 couti-

108 512 262 568 aquarum,
277 496 332 552 hoc
346 502 390 553 est
409 497 444 551 ad
459 513 489 550 se
508 497 627 564 ducere,¹
640 503 781 568 quatenus
796 498 827 552 iu
845 514 875 552 se
896 513 955 552 cre·
1012 502 1146 563 nentem;
1161 496 1245 568 cuius
1264 496 1341 551 ccviii
1360 504 1427 552 sunt
1440 498 1518 552 velut
1537 497 1655 553 flamma
1677 498 1765 570 iguis,
1791 499 1864 575 quia

109 585 358 655 dentes,etiltum
387 590 565 653 contuentes,
582 586 704 656 Spiritus
732 586 822 641 sancti
848 586 883 641 de
907 586 957 641 illo
1012 585 1101 640 sancti
1117 585 1240 656 Spiritus
1267 586 1401 640 diviuitas
1425 592 1454 641 et
1476 587 1611 657 splendor
1630 587 1859 644 hammitiausiu

108 675 291 746 procedentis
306 691 421 746 semper
435 675 561 730 tontibus
576 674 724 730 satientur.
1012 690 1046 728 eo
1067 674 1220 729 consistit:
1243 674 1278 729 de
1299 675 1380 746 cujus
1406 675 1586 746 plenitudiue
1607 677 1683 730 velut
1711 678 1861 733 oculorum

143 764 215 818 ltem
240 763 340 818 beatus
360 764 485 819 loannes
508 763 538 818 in
560 763 756 835 Apocalypsi:
788 764 829 819 Et
855 766 957 833 accepit
1011 761 1268 833 luxetlnlget;tali
1290 761 1384 833 ligura
1414 761 1588 831 significans,
1615 764 1674 818 imo
1702 763 1858 838 clarissima

108 853 219 924 angelus
234 853 413 920 thuribulam,
430 857 456 907 et
474 853 596 922 implevit
621 852 691 906 illud
710 852 743 907 ale
761 854 824 921 ipae
846 853 955 918 altaris,
1012 849 1117 905 docens
1131 850 1309 906 divinitatem
1326 849 1451 920 Spiritus
1465 850 1557 905 aFilii
1581 850 1730 907 divinitate
1754 869 1860 925 proce-.

107 944 131 993 et
145 943 223 995 misit
236 943 265 994 ia
287 947 396 1008 terram,
411 944 528 1010 alsacia
554 947 619 996 suat
636 943 757 996 tonitrua
778 945 803 995 et
828 957 912 1007 uoces,
929 947 958 995 et
1012 939 1095 1006 dere:
1111 944 1139 994 et
1150 943 1288 1012 tauquam
1310 940 1408 994 lumen
1419 939 1571 994 oculorum
1586 941 1648 1010 ejus
1668 939 1772 995 dicitur
1785 957 1856 1004 esse,

108 1028 219 1100 reliqua
243 1028 340 1099 (Apoc.
361 1045 423 1097 rui,
438 1032 474 1098 5).
500 1031 627 1099 Angelus
654 1030 706 1083 iste
732 1031 813 1084 lesus
827 1030 956 1085 Christus
1010 1026 1092 1098 cujus
1107 1034 1174 1083 sunt
1194 1027 1269 1082 oculi
1285 1045 1292 1082 τ
1306 1028 1347 1083 ita
1367 1028 1491 1098 Spiritus
1515 1034 1641 1099 sanatus,
1663 1028 1787 1100 Spiritus
1814 1035 1858 1085 est

109 1122 156 1180 est,
168 1117 221 1189 qui
237 1118 342 1189 tegitur
359 1119 453 1184 magni
475 1118 584 1172 aorisilii
608 1119 728 1186 augelus.
764 1119 955 1174 thuribulum
1011 1116 1125 1182 Christi,
1142 1116 1170 1170 in
1186 1133 1243 1188 quo
1259 1117 1400 1182 consistit,
1416 1122 1445 1172 et
1461 1134 1476 1171 a
1492 1134 1549 1189 quo
1564 1117 1703 1189 procedit.

109 1211 205 1260 autem
229 1205 395 1261 humanitas
416 1212 458 1260 est
476 1207 580 1277 ipsius,
603 1207 692 1262 altare
715 1222 793 1275 vero,
816 1207 850 1261 de
874 1211 956 1279 cujus

109 1295 172 1364 igue
205 1294 388 1350 thuribulum
418 1294 567 1365 impletur,
598 1295 702 1351 Christi
737 1295 869 1352 divinitas
896 1302 955 1363 est:
998 1329 1006 1345 ,
1222 1367 1226 1377 Ι
1295 1367 1300 1377 ι
1336 1258 1447 1313 CAPUT
1461 1258 1531 1313 vm·
1685 1367 1690 1377 Ι

109 1383 183 1452 iguis
201 1399 271 1437 vero
292 1383 327 1438 ds
343 1383 436 1450 atari,
460 1383 584 1453 Spiritus
607 1388 721 1439 sauctus
736 1388 778 1439 est
789 1385 824 1439 de
851 1385 955 1440 Christi
1153 1367 1317 1419 Teiilmffllffl
1331 1380 1366 1418 ⁶oe
1380 1365 1568 1433 Euangelioet
1583 1365 1713 1421 ⁰⁰²¹tt'lt'tt·

108 1470 257 1524 divinitate
281 1479 413 1541 sumptus
429 1488 436 1525 ε
452 1472 540 1526 altare
567 1488 693 1544 namque
708 1478 737 1528 et
761 1473 953 1540 thuribulum,
1044 1470 1191 1527 Credimus
1206 1470 1380 1525 sufficienter
1395 1487 1454 1525 esse
1479 1479 1668 1527 monstratum
1692 1472 1856 1527 divinarum

108 1565 264 1630 utrumque
278 1559 417 1614 Christus.
440 1561 493 1616 Sed
510 1561 598 1616 altare
613 1563 750 1633 quioniam
775 1578 861 1634 super
882 1562 953 1617 illud
1009 1558 1182 1613 testimoniis
1205 1559 1411 1630 seripturarum
1426 1559 1565 1629 Spiritum
1586 1566 1717 1615 sanctum
1741 1577 1759 1616 a
1784 1562 1857 1616 Filio

107 1647 271 1702 holocausta
285 1648 345 1704 sire
360 1649 497 1704 sacriticia
512 1656 675 1705 sanctorum
691 1650 860 1718 offeruntur,
872 1650 953 1721 cujus
1008 1649 1170 1718 procedere.
1187 1647 1332 1703 Addamus
1353 1647 1444 1702 adhuc
1463 1664 1494 1702 ex
1518 1649 1671 1719 Evangelio
1694 1649 1751 1703 duo
1774 1650 1854 1705 testi·

107 1735 265 1807 imaginem
288 1742 365 1792 tenet
387 1739 476 1793 altare
500 1745 664 1807 terrenum:
683 1756 735 1794 nec
760 1740 837 1797 enim
872 1739 953 1794 aliter
972 1710 1115 1803 Bmonia,
1131 1736 1235 1807 quibus
1256 1735 1512 1790 contradicentium
1534 1737 1652 1790 durities
1677 1741 1852 1791 conteratur.

105 1832 271 1879 sanctorum
302 1828 588 1898 rotasuscipiunlur,
616 1828 639 1882 si
676 1845 735 1883 nou
759 1844 846 1899 super
869 1828 953 1883 altari
1005 1825 1185 1896 Aprolluvio
1200 1825 1348 1895 sanguinis
1364 1825 1602 1892 mulieresanata,
1620 1825 1687 1880 dicit
1700 1825 1851 1881 Salvator:

105 1914 216 1968 Christo
240 1920 460 1986 componantur.
487 1917 676 1972 thuribulum
703 1934 769 1972 vero
800 1923 953 1989 propterea
1007 1917 1075 1981 Quis
1100 1931 1141 1969 rae
1167 1914 1276 1982 tetigit?
1299 1915 1468 1981 Negantidas
1497 1919 1587 1969 uatem
1611 1915 1743 1982 amnibus,
1780 1913 1854 1968 dicit

103 2001 219 2069 dicitur,
248 2004 385 2074 quoniam
415 2006 560 2060 orationes
586 2012 751 2061 sanctorum
780 2022 831 2077 per
856 2007 952 2077 ipsum
1007 2007 1110 2071 Petrus,
1135 2009 1160 2059 et
1175 2006 1223 2073 qai
1247 2019 1306 2058 cam
1328 2005 1374 2058 illo
1398 2009 1496 2059 erant:
1513 2004 1684 2073 lPraeceptor,
1712 2003 1796 2058 tarhae
1829 2009 1853 2056 te

104 2091 309 2163 suscipiuntur.
327 2093 376 2148 Vel
392 2098 468 2147 certe
479 2093 670 2162 thuribulum,
686 2094 795 2149 donum
809 2099 851 2149 est
865 2095 953 2165 Spiri·
1006 2095 1195 2163 comprimunt,
1212 2097 1236 2146 et
1247 2095 1386 2163 affligant,
1401 2090 1428 2147 et
1440 2092 1510 2147 dicis
1526 2109 1532 2146 :
1550 2092 1615 2158 (lais
1630 2106 1671 2146 me
1691 2093 1798 2158 tetigit?
1814 2092 1853 2145 Et

104 2185 148 2233 tus
170 2181 279 2246 sancti:
296 2185 417 2235 testatur
432 2182 510 2235 enim
532 2183 684 2252 Apostolus
702 2199 708 2237 :
725 2185 862 2240 Nescimus
884 2184 953 2253 qaid
1006 2182 1081 2237 dieii
1094 2186 1171 2236 lesus
1188 2197 1194 2235 :
1213 2181 1313 2248 Tetigit
1327 2196 1369 2235 me
1383 2181 1508 2250 aliquis:
1528 2196 1592 2235 uam
1607 2182 1744 2249 epo-*aovi
1760 2182 1853 2234 uirtu-

104 2283 219 2334 orcruus,
234 2269 282 2324 sed
289 2272 346 2338 ipse
355 2270 476 2340 Spiritus
488 2272 610 2340 postulat
621 2287 673 2342 pro
687 2272 764 2327 nodis
780 2272 869 2344 (Rom.
892 2289 950 2339 vvir,
1006 2275 1058 2326 tem
1072 2269 1105 2324 de
1120 2286 1161 2325 me
1174 2272 1275 2324 exiisse
1287 2271 1363 2339 (Lac.
1380 2286 1438 2331 vvir,
1450 2271 1510 2337 45).
1530 2269 1598 2334 Quae
1614 2274 1657 2323 est
1671 2269 1731 2323 haec
1751 2268 1850 2335 virtus,

105 2356 158 2427 aa),
173 2355 204 2412 id
215 2361 257 2410 est
274 2357 418 2429 postutare
435 2374 487 2413 nos
508 2358 584 2426 facit,
608 2361 754 2431 gemitibus
779 2363 950 2417 inerarrati-
1006 2374 1093 2430 quam
1112 2359 1181 2413 dicit
1194 2357 1323 2413 Salvator
1338 2358 1373 2413 de
1388 2375 1417 2412 se
1434 2357 1555 2412 exiisse?
1571 2357 1713 2414 Nimirum
1728 2356 1853 2427 Spiritus

105 2444 173 2500 libas
202 2447 279 2518 (Lae.
308 2462 357 2510 vu,
394 2448 448 2515 aa).
476 2447 554 2518 lgnis
579 2455 676 2504 autem
696 2449 803 2517 altaris,
831 2450 953 2520 Spiritus
1006 2448 1094 2502 sancti
1121 2447 1282 2518 gratia;sic
1304 2447 1382 2501 euim
1407 2445 1448 2501 ait
1472 2448 1648 2516 Apostolus:
1678 2445 1739 2501 Alii
1768 2445 1853 2500 datar

105 2535 218 2585 sauctus
234 2538 286 2597 est,
302 2532 338 2587 de
354 2549 411 2603 quo
428 2535 577 2589 Salvator:
598 2538 689 2603 ignem
713 2539 775 2592 neni
788 2540 895 2591 mittere
924 2540 953 2592 iu
1006 2538 1099 2606 pratia
1112 2538 1262 2591 sanitatum
1276 2537 1305 2588 ia
1316 2550 1368 2589 aaa
1383 2535 1499 2604 Spiritu,
1516 2535 1566 2588 alii
1580 2536 1701 2604 operatio
1720 2536 1853 2590 virtutum

105 2623 214 2688 arram,
232 2635 311 2689 quam
335 2623 439 2676 rolant
458 2624 566 2679 ardeat.
588 2626 661 2695 Ergo
683 2626 950 2694 angelusthnribn·
1006 2624 1031 2693 (l
1047 2626 1110 2679 Cor.
1128 2640 1177 2689 xvv,
1201 2623 1238 2692 9).
1264 2623 1337 2689 Quid
1361 2629 1404 2677 est
1433 2638 1501 2694 ergo
1529 2624 1624 2678 dicere
1652 2623 1849 2679 Salvatorem:

104 2706 162 2761 tum
178 2708 279 2762 altaris
292 2708 360 2780 igue
382 2709 499 2779 plenum
526 2711 605 2766 misit
624 2713 652 2766 in
668 2718 792 2781 terram3
816 2731 884 2785 quia
906 2731 950 2769 re·
1006 2714 1063 2780 apo
1079 2713 1141 2766 novi
1161 2713 1290 2767 uirtutem
1304 2711 1337 2766 de
1352 2728 1393 2766 me
1413 2714 1529 2767 sciisset
1550 2712 1625 2782 (Luc.
1640 2728 1699 2779 viu,
1719 2712 1777 2781 46.)
1797 2710 1851 2766 uisi

104 2796 297 2865 promissioue
317 2797 441 2868 Spiritus
455 2800 546 2855 sancti
561 2806 676 2872 accepta
698 2819 715 2857 a
734 2804 827 2868 Patre,
853 2804 951 2858 Salva-
1005 2803 1099 2856 dicere
1115 2801 1194 2871 :Ego
1209 2800 1274 2854 novi
1291 2799 1431 2870 Spiritum
1447 2817 1463 2853 a
1485 2815 1530 2855 me
1546 2801 1714 2870 procedere,
1738 2800 1789 2870 viui
1809 2804 1852 2853 est

103 2889 146 2938 tor
160 2884 265 2940 effudit
285 2887 408 2957 gratiam
424 2887 545 2959 Spiritus
567 2890 658 2946 sancti
680 2907 767 2962 super
791 2892 950 2948 credentes.
1005 2891 1125 2945 collator
1136 2889 1302 2955 sanitatum,
1324 2894 1352 2942 et
1367 2893 1499 2960 operator
1515 2886 1661 2943 virtutum.
1680 2887 1785 2942 Eriisse
1800 2903 1851 2941 au·

104 2973 181 3027 Unde
196 2974 401 3029 convenienter
414 2977 545 3048 sequitur
557 2979 634 3050 quod
650 2980 724 3035 faeta
738 2980 796 3035 sint
808 2981 949 3053 tonitrua,
969 3009 989 3064 C
1006 2985 1063 3033 tem
1078 2977 1217 3048 Spiritum
1232 2983 1362 3031 sanctum
1382 2992 1443 3031 ase
1466 2976 1535 3031 dicit
1558 2994 1591 3031 eo
1614 2976 1709 3042 modo,
1734 2992 1792 3048 quo
1815 2977 1851 3030 de

102 3066 234 3129 atroces,
247 3067 282 3132 ,et
295 3063 420 3135 fulgura,
443 3071 471 3120 et
491 3071 670 3122 terremotus
693 3069 851 3124 secundum
873 3070 949 3141 quod
1004 3066 1115 3122 sealibi
1131 3066 1221 3120 dicit:
1239 3065 1320 3119 Eaioi
1334 3080 1351 3117 a
1365 3067 1446 3119 Patre
1471 3067 1558 3134 (toan.
1573 3081 1630 3129 xvi,
1654 3063 1711 3133 28.)
1740 3063 1847 3119 Exiisse

102 3149 231 3204 Salvator
258 3151 289 3206 in
319 3154 473 3224 Evangelio
503 3155 723 3226 dicitzilapedit
749 3158 824 3212 vodis
847 3162 878 3211 at
903 3174 950 3227 epo
1005 3155 1246 3228 namqueFilium
1268 3156 1392 3221 al'atre,
1422 3159 1466 3207 est
1488 3158 1588 3207 natum
1616 3169 1677 3207 esse
1699 3153 1735 3207 ds
1758 3155 1849 3208 Patre.

102 3238 200 3293 cadam
217 3255 224 3293 :
242 3242 269 3295 si
290 3242 361 3295 enim
384 3256 441 3297 nou
463 3243 566 3309 adiero,
592 3246 748 3300 Paracletus
771 3261 825 3298 uon
851 3249 947 3301 vervier.
1004 3246 1049 3302 Sic
1063 3245 1166 3300 exiisse
1192 3243 1331 3314 Spiritum
1346 3248 1476 3297 sanctum
1492 3258 1510 3296 a
1526 3242 1607 3308 Filio,
1630 3246 1672 3296 est
1689 3240 1724 3294 ab
1749 3241 1850 3296 eodem

103 3329 231 3386 Stantem
251 3330 352 3395 abiero,
376 3335 485 3387 mittam
508 3334 621 3390 eumad
637 3349 692 3388 aas.
717 3337 750 3389 Et
766 3350 825 3390 eam
848 3339 949 3390 venerit
1002 3333 1184 3406 processisse.
1207 3334 1278 3388 item
1303 3332 1391 3386 habes
1416 3331 1568 3386 incudem
1597 3328 1750 3400 Evangelio
1774 3328 1851 3384 beati

103 3419 155 3482 ille,
171 3425 271 3486 arguet
289 3419 420 3474 masidam
434 3420 467 3475 de
485 3426 603 3491 peccato,
624 3427 650 3475 et
672 3422 705 3476 de
721 3423 844 3491 justitia,
867 3427 893 3478 et
917 3423 950 3476 de
1005 3425 1085 3477 tricae
1103 3439 1109 3477 :
1126 3425 1159 3477 Et
1182 3423 1268 3476 omnis
1293 3420 1373 3475 turha
1392 3420 1530 3488 querebat
1554 3434 1614 3474 eam
1641 3424 1763 3488 tangere,
1784 3421 1851 3488 quia

101 3506 203 3574 iudicio
233 3509 323 3577 (Joaa.
352 3525 408 3576 xvv,
436 3508 473 3573 7).
503 3508 586 3573 Quod
612 3511 797 3581 Apocalypsis
824 3510 891 3565 dicit
914 3511 949 3565 de
1002 3516 1092 3570 uirtus
1113 3512 1146 3566 de
1165 3511 1330 3570 illoeaihat.
1350 3514 1376 3564 et
1397 3510 1512 3564 sanabat
1536 3508 1721 3579 omaestbaa.
1743 3509 1849 3576 v1,t9).

103 3595 166 3665 igue
179 3597 292 3658 attaris,
308 3597 387 3668 quod
402 3597 512 3651 miserit
526 3598 646 3668 angelus
661 3614 727 3652 eum
744 3599 773 3652 in
788 3607 904 3664 terram,
921 3605 948 3654 et
1004 3602 1099 3656 Virtus
1114 3600 1149 3654 dc
1165 3599 1277 3654 Christo
1292 3598 1391 3652 exiens
1405 3602 1488 3652 sanat
1507 3612 1619 3665 omnes,
1634 3596 1704 3668 qnia
1728 3595 1851 3665 Spiritus

104 3682 246 3738 laetasint
267 3686 413 3750 tonitura;
439 3685 493 3739 hoc
507 3688 639 3756 estquod
660 3686 787 3741 Salvator
806 3687 864 3742 ait:
888 3691 949 3743 lilit-
1002 3694 1117 3745 sanctus
1137 3687 1172 3743 ab
1196 3703 1230 3742 eo
1254 3685 1422 3758 procedens,
1447 3685 1575 3741 sanitatis
1600 3685 1720 3756 gratiam
1749 3683 1852 3738 tribuit

105 3774 230 3824 tumeam
245 3770 284 3824 ad
297 3786 357 3836 vos:
370 3776 396 3824 et
411 3787 471 3825 cam
489 3776 594 3828 uenerit
611 3774 666 3835 ille,
690 3778 785 3840 argaei
808 3775 948 3829 mairiam.
1002 3777 1121 3835 cunctis.

104 3859 166 3913 Post
177 3859 334 3914 adrentum
350 3860 473 3930 Spiritus
488 3861 579 3916 saucii
594 3877 658 3931 quae
677 3862 804 3916 tonitrua
823 3867 851 3916 et
868 3879 949 3917 voces
1037 3868 1153 3923 Cessent
1167 3863 1256 3935 igitur
1270 3862 1501 3934 reprehensores,
1516 3861 1560 3915 vet
1574 3861 1717 3926 malevoli,
1730 3863 1776 3916 vel
1795 3861 1850 3916 im·

104 3948 339 4018 predicationum
362 3949 555 4012 insonuerint,
584 3955 692 4021 quanto
718 3964 822 4022 pavore
846 3957 950 4006 morta·
1004 3953 1100 4027 periti,
1118 3951 1222 4008 Christi
1240 3950 1390 4006 Ecclesiam
1409 3949 1594 4020 redarguere,
1610 3948 1689 4020 quod
1711 3948 1851 4018 Spiritum

104 4034 169 4090 lium
184 4037 275 4092 corda
293 4038 496 4106 concusserint,
515 4054 579 4110 quae
604 4040 719 4109 fulgura
745 4039 948 4094 miraculorum
1003 4045 1133 4096 sanctum
1157 4040 1341 4093 confitetura
1358 4040 1439 4093 Patre
1460 4043 1489 4092 st
1510 4036 1580 4092 Filio
1603 4035 1851 4106 procedere.‚lloc

105 4126 320 4193 coruscaverint,
339 4126 389 4198 qui
402 4130 487 4182 terrea
514 4133 608 4181 motus
633 4128 793 4183 exstiterint
813 4128 948 4183 duritiam
1004 4127 1158 4198 Evangelia
1172 4127 1286 4192 docent,
1306 4126 1361 4180 troc
1375 4125 1499 4196 apostoli
1515 4125 1696 4196 profitentur,
1717 4124 1771 4181 hoc
1783 4140 1850 4196 pro·

106 4215 266 4269 mortalium
287 4215 493 4281 concutientes,
509 4220 585 4271 totus
597 4216 674 4271 orbis
692 4219 823 4288 agnovit3
853 4217 950 4288 ignem
1005 4217 1171 4287 phalerion
1186 4218 1293 4270 tacent.
1310 4214 1424 4268 hiscant
1437 4213 1653 4286 primumquod
1672 4211 1793 4269 Ecclesia
1807 4212 1849 4267 di·

107 4308 194 4357 autem
206 4302 306 4356 altaris
321 4303 460 4374 Spiritum
482 4312 611 4359 sanctum
628 4304 698 4360 dicit
722 4305 837 4372 Christi,
864 4322 951 4376 quem
972 4304 1108 4360 udicita
1127 4304 1250 4371 Christo,
1273 4308 1302 4357 et
1322 4302 1455 4374 discipuli
1484 4302 1616 4357 Veritatis
1641 4302 1734 4358 effecti
1765 4301 1853 4357 conti·

108 4388 204 4460 ipsese
221 4391 377 4446 missurum
392 4393 535 4462 promittit
550 4393 702 4465 apostolis,
719 4399 747 4447 et
766 4395 949 4465 Apocalypsis
1004 4397 1119 4447 leantur
1139 4392 1308 4447 catholicam
1343 4391 1443 4458 tidem,
1469 4406 1505 4444 ue
1534 4391 1766 4462 presumptionis
1792 4389 1850 4447 ela·

108 4479 315 4550 testaturquod
335 4480 527 4535 miseriteum
543 4481 709 4549 interram,
732 4483 880 4537 manifeste
898 4484 950 4538 do·
1004 4482 1082 4536 tione
1098 4481 1219 4552 decepti,
1241 4481 1285 4534 vet
1307 4480 1414 4534 erroris
1436 4479 1582 4549 imperitia
1606 4479 1691 4550 capti,
1720 4479 1852 4534 heresim

109 4569 255 4639 acusquod
271 4568 395 4638 Spiritus
419 4575 543 4637 sauctus,
573 4570 698 4642 Spiritus
717 4571 755 4626 sit
777 4572 851 4639 Filii,
872 4578 900 4627 et
915 4573 950 4627 ab
1006 4567 1351 4640 nutriautotimsopitam
1368 4584 1375 4622 :
1395 4567 1634 4623 labuntureuim
1655 4568 1717 4623 lraec
1735 4567 1774 4632 iu
1791 4568 1852 4624 Arii

109 4652 162 4723 ipso
177 4656 214 4710 sit
229 4662 296 4727 post
321 4658 516 4712 ascensionem
533 4659 595 4729 ejus
615 4675 701 4730 super
718 4661 863 4730 apostolos
887 4661 951 4715 nris
1004 4657 1150 4712 vesaniam
1165 4656 1216 4728 qui
1232 4657 1302 4711 dum
1321 4655 1391 4710 Filio
1406 4656 1564 4727 derogabat
1579 4656 1851 4713 consubstantialem

109 4757 156 4796 sus.
172 4744 324 4809 Quomodo
339 4761 465 4816 namque
485 4747 642 4802 mittitura
666 4749 747 4816 Filio,
773 4749 829 4804 nisi
853 4765 950 4820 proce·
1006 4747 1097 4802 Patris
1110 4745 1315 4818 equalitatem,
1331 4744 1467 4816 Spiritum
1492 4760 1608 4817 quoque
1621 4750 1751 4801 sanctum
1781 4742 1852 4800 Filio

109 4829 215 4886 dendo?
225 4837 256 4887 at
270 4833 399 4903 procedit
409 4835 445 4889 ab
460 4850 505 4903 eo,
522 4835 603 4906 cujus
619 4841 662 4891 est
676 4836 809 4908 Spiritus.
1006 4835 1127 4890 docebat
1140 4849 1202 4888 esse
1219 4832 1374 4900 minorem,
1389 4837 1510 4888 conatus
1525 4838 1652 4889 astruere
1667 4849 1720 4889 uec
1747 4832 1851 4889 Filium

137 4921 369 4978 ltemineadem
384 4923 838 4995 Apocalypsiloauues:Etoidi
856 4924 951 4981 colam
1007 4925 1041 4982 de
1069 4922 1159 4978 Patris
1187 4921 1345 4977 substantia
1373 4927 1527 4992 natum,et
1555 4921 1693 4992 Spiritum
1722 4924 1851 4975 sanctum

96 5014 238 5076 svamm,
255 5015 281 5066 et
295 5026 352 5066 ecce
366 5026 452 5084 equas
468 5012 558 5077 altas,
576 5017 601 5066 et
616 5013 786 5083 qai2sedebat
797 5029 879 5083 super
892 5030 952 5069 eum
1006 5017 1176 5069 creaturam.

112 5097 347 5166 emmarricus
361 5103 388 5153 et
399 5105 530 5165 peramat
540 5101 653 5170 justitia
663 5101 775 5170 judicat
784 5106 809 5156 et
824 5109 950 5174 papatui:
1041 5099 1174 5155 Videritis
1189 5115 1247 5172 quo
1262 5099 1360 5154 tendat
1374 5104 1477 5167 vestra,
1498 5099 1687 5168 imperatores
1710 5093 1850 5166 preclari,

114 5183 174 5239 crati
188 5191 279 5240 autem
294 5187 353 5256 ejus
378 5190 449 5242 sieut
462 5190 574 5258 Minora
592 5191 666 5258 ipnis
689 5190 786 5259 (Aper.
812 5207 869 5256 rix,
895 5192 952 5263 tt).
1007 5189 1158 5260 professio,
1173 5189 1223 5260 qui
1238 5189 1330 5244 dicitis
1346 5187 1485 5257 Spiritum
1503 5191 1633 5243 saucium
1646 5203 1662 5240 a
1677 5186 1759 5240 Patre
1784 5199 1852 5254 pro·

115 5265 200 5338 Equus
223 5270 307 5324 albus
324 5287 428 5342 corpus
452 5278 496 5328 est
524 5273 629 5328 Christi
654 5273 811 5328 sanctitatis
832 5276 953 5331 candore
1007 5277 1118 5343 cedere,
1136 5293 1193 5331 nou
1215 5283 1342 5332 autema
1360 5276 1442 5332 Filio.
1461 5277 1516 5330 tloc
1541 5290 1591 5328 nec
1613 5273 1645 5327 iu
1668 5271 1770 5326 litteris
1784 5271 1854 5327 diri·

115 5356 417 5424 pertusam,maculam
433 5361 543 5416 nullam
556 5361 684 5428 habeus;
705 5378 798 5416 sessor
817 5367 888 5434 ejus,
909 5365 953 5420 di·
1009 5365 1168 5431 nis,necin
1190 5365 1355 5421 doctoribus
1378 5360 1574 5418 ecclesiasticis
1600 5359 1756 5432 aliquando
1781 5360 1853 5432 legi·

115 5444 207 5500 vinitas
219 5445 334 5512 Christi,
350 5465 415 5519 que
430 5450 471 5510 sic
484 5449 632 5505 hominem
649 5466 736 5522 quem
757 5452 890 5522 suscepit,
908 5470 954 5508 re-
1010 5454 1069 5509 stis.
1091 5453 1166 5509 Dixit
1179 5454 1297 5526 quidem
1321 5455 1418 5507 sancta
1442 5449 1569 5521 synodus
1594 5448 1855 5522 Constantinopoli·

114 5532 159 5601 git,
172 5537 201 5588 et
214 5533 306 5604 sedet,
321 5542 354 5590 ut
376 5552 469 5625 uuum
492 5536 712 5627 faciatlilium,
732 5554 770 5609 ,ex
795 5540 952 5610 divinitate,
1009 5546 1088 5614 tana,
1115 5543 1262 5598 vesaniam
1287 5541 1347 5598 Arii
1374 5539 1525 5618 cantamus
1549 5543 1645 5616 atque,
1659 5539 1856 5613 condemnans
