3930 6098
591 273 696 333 LIBER
714 275 896 337 retunsus
915 277 1073 339 GRAECOS.
1172 278 1178 285 ’
1590 240 1592 242 γ
1649 298 1701 352 7ιο

290 407 353 464 Cae.
371 405 461 463 xciv.
819 419 841 471 A
857 421 922 471 anta
939 423 1023 486 esset,
1039 419 1091 474 linc
1107 425 1181 476 esset
1195 421 1389 494 principium?
1407 423 1435 481 Si
1448 443 1517 499 ergo
1539 429 1621 485 Pater
1634 438 1701 489 ante

85 506 159 563 taem
190 509 218 564 tn
246 510 347 565 eonem
376 511 446 566 ituro
476 511 554 582 (airu.
583 519 608 569 aa
638 531 698 586 cap.
728 516 798 588 ari:
854 505 1029 576 principium
1045 513 1185 576 estmnte
1198 526 1227 564 se
1241 511 1336 582 insum
1352 516 1487 586 esisuuia
1503 523 1531 571 et
1545 518 1607 589 ipse
1621 521 1700 592 arin-

85 597 120 653 [id
135 613 204 670 ergo
219 615 373 670 possumus
393 616 520 672 quaergre
537 608 633 657 uisum
652 606 713 676 jam
730 623 801 677 pro.
855 594 962 666 Cipilim
979 601 1030 652 est.
1053 597 1125 662 Quid
1142 604 1184 652 est
1205 606 1302 654 autem
1320 617 1326 654 2
1350 603 1386 656 Iti
1403 607 1540 675 principit)
1559 614 1618 663 erat
1637 612 1700 666 VOT-

88 685 123 741 de
142 688 226 741 Patre
239 688 367 758 ¹Spiritus
386 695 499 744 sancius
520 693 635 762 qnando
657 699 800 750 natusest
855 683 918 739 bum
933 686 1027 755 (doun.
1048 702 1066 740 1.
1087 685 1120 757 ι),
1142 687 1197 741 nisi
1222 688 1251 742 iu
1271 690 1353 744 Patre
1373 699 1435 746 erat
1456 694 1565 750 Fiiins‘i
1585 699 1617 752 lit
1639 699 1699 770 ipse

85 775 247 830 ,inondum
263 782 451 847 processerat,
468 783 496 834 pi
514 779 563 834 1110
584 785 652 836 nato
670 782 704 836 de
722 788 798 839 uiro.
857 773 944 829 Filius
962 775 1155 846 interrogatus
1173 794 1190 830 a
1206 777 1313 831 iudaeis
1332 780 1397 850 quis
1417 789 1500 850 esset,
1526 787 1697 856 respondit:

85 865 161 919 cessit
176 865 224 920 ubi
240 866 319 920 nulla
334 871 401 922 sunt
416 872 557 940 tempora,
573 876 637 940 etc,
652 888 737 944 usqne
751 874 798 942 ad,
854 865 1023 933 Principium
1042 867 1090 934 prii
1113 871 1139 918 et
1153 866 1247 935 loquor
1260 867 1335 922 uotis
1356 869 1444 936 (ionii.
1460 887 1519 939 viti,
1539 874 1594 943 ιι).
1616 876 1700 930 Pater

95 957 191 1009 menie
207 956 283 1026 quod
298 959 413 1011 tenetur
428 956 494 1012 tide.
512 979 526 1008 a
853 969 921 1024 ergo
935 953 1108 1024 principium
1123 970 1181 1008 non
1197 954 1232 1008 de
1247 955 1400 1026 principio,
1423 958 1510 1012 Filios
1524 962 1697 1034 principium

295 1063 359 1118 CM,
375 1064 451 1119 XLV·
853 1041 888 1096 de
911 1041 1065 1112 principio.
1086 1042 1139 1098 Sed
1164 1048 1318 1114 utrumque
1340 1045 1436 1112 simut,
1468 1064 1526 1103 non
1552 1050 1620 1118 diro,
1649 1053 1698 1108 sed

853 1147 944 1186 unum
967 1130 1151 1202 principium.
1173 1132 1251 1187 Sicut
1269 1134 1352 1187 i‘aicr
1367 1135 1442 1189 Deus
1460 1142 1489 1191 et
1509 1138 1595 1192 Filius
1613 1141 1698 1208 Deus,

853 1220 937 1274 ambo
953 1223 1048 1274 autem
1064 1220 1160 1288 simul,
1175 1238 1231 1275 non
1248 1222 1305 1276 duo
1318 1222 1358 1277 dii
1376 1224 1426 1279 sed
1445 1241 1521 1280 nitus
1540 1228 1621 1281 licus.
1644 1230 1700 1283 Nec

852 1308 990 1379 Spiritum
1010 1314 1139 1364 sancium
1158 1310 1193 1364 de
1219 1315 1339 1383 utroque
1361 1314 1563 1383 procedentem
1587 1317 1698 1388 negabo

852 1408 916 1452 esse
944 1397 1129 1468 principium,
1153 1398 1202 1454 sed
1233 1400 1288 1454 tria
1311 1400 1372 1456 haec
1399 1401 1485 1457 simul
1508 1403 1581 1460 sicut
1608 1421 1699 1462 unum

853 1487 953 1556 ileum,
965 1487 1004 1541 ita
1021 1503 1111 1541 tinum
1122 1487 1183 1542 dico
1200 1503 1261 1543 esse
1274 1489 1458 1560 principium.
1476 1512 1490 1541 ι)

85 1165 104 1221 3.
125 1167 325 1237 Augustinus:
349 1170 426 1239 Quod
442 1170 563 1239 Spiritus
583 1177 693 1229 soricius
713 1178 750 1229 sit
769 1177 799 1230 iu

85 1255 213 1325 Filio‚[sic
233 1257 302 1311 dicit
322 1257 352 1311 in
367 1259 440 1312 libro
459 1276 546 1330 quem
566 1261 679 1331 scripsit
698 1268 798 1318 contra

103 1343 237 1412 haereses,
266 1345 370 1409 idest,
395 1348 533 1418 Paganos,
559 1350 681 1417 indicos,
706 1352 798 1406 llam-

85 1432 261 1498 iabeitinnos,
283 1438 311 1488 et
330 1435 459 1490 Arianos.
477 1457 491 1484 α
508 1437 636 1492 Diximus
657 1441 691 1493 da
715 1440 797 1495 Patre

94 1524 170 1593 quud
195 1523 341 1592 potuimus
362 1530 390 1578 et
415 1532 556 1596 qnantum
586 1528 745 1598 potuimus,
773 1529 797 1584 si

85 1610 171 1681 liquid
186 1611 272 1682 digne
288 1612 444 1683 potuimus.
462 1618 501 1671 lie
517 1615 625 1685 Spiritu
641 1622 738 1672 saucio
753 1623 796 1673 ta·
1178 1594 1241 1650 CM‘·
1262 1595 1374 1652 Xffi'ltl·

86 1701 135 1754 sed
152 1715 211 1753 non
233 1717 299 1754 eum
317 1703 535 1772 praeiesivjmu,
557 1704 699 1776 Quidquid
719 1707 795 1761 enim
819 1719 837 1772 B
887 1682 958 1737 item
978 1681 1056 1736 idom
1077 1681 1106 1736 in
1122 1683 1224 1737 eodem
1238 1684 1310 1738 libro
1328 1699 1334 1739 :
1352 1685 1489 1750 «Quaeris
1506 1703 1522 1741 a
1537 1705 1583 1744 me
1602 1706 1608 1744 :
1626 1690 1650 1745 si
1664 1691 1699 1746 de

96 1788 209 1842 eti'ttto
225 1789 533 1862 dixim115‚dpgpjrj[„
550 1795 793 1850 ,anepodjximust
850 1769 1008 1824 substantia
1027 1771 1118 1826 Patris
1137 1776 1178 1826 est
1198 1771 1294 1837 Filius,
1314 1773 1349 1827 de
1366 1775 1526 1831 susbstantia
1544 1778 1635 1833 Patris
1656 1786 1699 1834 est

85 1874 131 1930 ¹in
146 1877 203 1930 iuis
219 1882 246 1931 e,
258 1879 389 1932 cuminis
400 1896 475 1935 unus
490 1886 519 1935 οἱ
532 1897 615 1935 ,erus
628 1883 720 1949 Deus;
737 1900 794 1938 non
850 1858 937 1913 eiiam
956 1858 1077 1929 Spiritus
1097 1865 1221 1927 sauctus,
1242 1878 1293 1916 cur
1318 1878 1391 1916 untts
1408 1863 1495 1919 Filius
1512 1866 1558 1932 sii,
1579 1871 1607 1921 et
1625 1867 1698 1922 alius

85 1969 104 2019 η
126 1966 225 2019 ,estius
246 1967 328 2021 Deus¹
352 1966 425 2032 Quid
442 1969 534 2023 adhuc
555 1970 649 2024 dicam
668 1969 795 2042 fatigatis
850 1964 909 2002 non
934 1947 970 2001 sit
1004 1947 1108 2003 Filius‘i
1137 1950 1204 2002 Ecce
1234 1952 1403 2021 respondeo,
1434 1953 1493 2008 sive
1513 1954 1619 2025 capias,
1639 1955 1697 2010 sire

86 2051 101 2108 γ
116 2053 169 2117 Qui
182 2054 320 2124 spiritum
332 2062 462 2110 samum
474 2074 488 2110 a
498 2058 580 2112 pam,
592 2064 620 2112 et
630 2058 700 2113 Filio
712 2065 794 2113 mer,
849 2051 908 2090 non
924 2034 1028 2106 capias.
1046 2037 1085 2090 lie
1101 2037 1183 2091 Patre
1198 2043 1240 2091 est
1255 2038 1352 2106 Filius,
1368 2040 1402 2094 dc
1418 2043 1500 2096 Patre
1519 2047 1559 2097 est
1574 2043 1697 2112 Spiritus

85 2142 253 2210 substantie,
263 2144 306 2198 vel
318 2146 522 2200 communione
533 2152 656 2216 separat,
669 2163 794 2219 cumque
848 2128 973 2192 ⁸³¹¹⁰t¹¹³r
982 2128 1047 2192 ‘'tc“
1058 2140 1143 2195 “sque
1154 2125 1201 2193 Μ’
1215 2127 1264 2180 ⁵⁹⁶
1276 2126 1343 2182 inde
1353 2133 1396 2183 “t
1405 2130 1481 2185 unde
1492 2131 1627 2201 medit'
1648 2153 1660 2181 '

84 2230 182 2285 iritum
197 2248 258 2286 esse
277 2234 366 2288 Petris
379 2239 406 2288 et
424 2234 494 2299 Filii,
511 2234 613 2305 plenus
629 2241 672 2290 est
686 2235 794 2307 Spiritu
932 2249 936 2255 ·
1041 2305 1045 2314 ·
1196 2232 1382 2304 cinitttx„

85 2336 106 2387 t,
116 2335 221 2374 sacrius
232 2321 503 2392 esiSpiritusancto.
515 2324 581 2378 ideo
593 2325 791 2393 enimdiciiur,
883 2319 953 2375 Item
969 2319 996 2375 S.
1013 2320 1190 2391 Augustinus
1205 2329 1227 2389 ⁸,
1240 2322 1268 2375 in
1283 2321 1357 2377 libro
1372 2323 1406 2377 de
1422 2325 1623 2380 incarnatione
1640 2327 1695 2379 ilo-

85 2411 154 2464 riias
171 2408 265 2480 (doun.
285 2426 323 2476 av,
347 2413 386 2482 8),
403 2411 471 2483 quia
492 2412 625 2482 partibus
644 2429 703 2468 non
722 2414 793 2469 diri·
847 2409 920 2463 mini
939 2408 1133 2480 :sspiritum
1153 2425 1268 2481 quoque
1292 2417 1423 2467 sanctum
1447 2429 1505 2468 non
1529 2415 1692 2486 ingenitum

88 2502 155 2564 rem,
178 2498 226 2552 sed
250 2499 433 2555 ineffabiliter
458 2502 591 2572 coagulat
612 2502 791 2558 Trinitatem.
846 2511 941 2568 neque
954 2496 1093 2567 gentium,
1111 2497 1160 2552 sed
1177 2513 1211 2552 ex
1230 2499 1311 2553 Patre
1333 2500 1461 2572 Filioque
1478 2502 1695 2571 procedentem,

85 2587 159 2640 eninr
174 2587 297 2641 Trinitas
312 2604 386 2642 unns
402 2591 484 2656 tiens,
506 2590 593 2644 turris
615 2590 793 2647 tortitudinis
847 2586 972 2657 eoquod
992 2585 1084 2640 Patris
1105 2590 1134 2640 ei
1154 2586 1218 2640 Filii
1240 2587 1278 2641 sit
1296 2587 1430 2659 Spiritus,
1452 2592 1479 2643 ei
1494 2589 1556 2660 ipse
1571 2590 1696 2644 consub-

85 2674 179 2734 timici,
196 2675 245 2746 qui
260 2676 290 2731 in
304 2692 334 2730 se
348 2677 495 2733 credentes
508 2679 632 2734 custodit
642 2680 672 2734 in
690 2681 793 2736 saecuia
847 2675 988 2729 stantialis
1012 2678 1041 2728 ei
1063 2679 1221 2729 coaeicrnus
1243 2675 1393 2743 ambobus,
1418 2693 1471 2733 nec
1492 2679 1580 2732 elium
1609 2679 1696 2732 tuisse

87 2779 125 2819 m.
142 2768 244 2819 Amen.
261 2785 275 2813 ιι
846 2763 984 2832 Spiritum
1007 2768 1138 2817 sanctum
1159 2779 1244 2834 quem
1264 2763 1416 2820 insuillens
1445 2765 1535 2833 dedit,
1558 2771 1587 2821 ci
1605 2768 1694 2822 atium

280 2855 344 2909 Cir.
360 2856 449 2910 lttvt.
846 2867 932 2923 quem
949 2856 1015 2921 post
1028 2850 1222 2905 ascensionem
1239 2867 1320 2906 suem
1339 2853 1425 2907 misit.
1451 2855 1529 2909 Unus
1542 2855 1620 2910 enim
1636 2855 1694 2926 Spi-

85 2950 255 3020 gugusrjnus
280 2950 310 3004 jn
338 2951 545 3022 diseepiaijone
575 2970 662 3025 quam
690 2955 792 3012 habuit
846 2940 916 2993 ritus
937 2939 997 3006 liei,
1021 2939 1146 3010 Spiritus
1166 2939 1257 2994 Patris
1280 2945 1309 2995 et
1332 2941 1405 3010 Filii,
1421 2942 1544 3013 Spiritus
1568 2948 1693 3012 sanctus,

85 3039 251 3092 nascentium
277 3039 411 3093 comitem
438 3041 620 3110 Armorum,
649 3018 921 3113 praesentecidim
941 3029 1015 3083 Deus
1035 3028 1085 3100 qui
1105 3033 1240 3100 operatur
1258 3031 1356 3085 omnia
1382 3031 1412 3084 in
1433 3031 1577 3086 omnibus.
1601 3032 1643 3086 ita
1665 3038 1696 3086 nt

85 3141 106 3194 2,
118 3125 214 3196 judice
235 3127 325 3182 eiecto
346 3127 380 3182 ab
399 3128 530 3200 uirisque
550 3130 678 3201 partibus
698 3135 787 3204 (pm-,p
846 3117 971 3187 perlecta
985 3118 1120 3172 credatur
1133 3117 1257 3172 Trinitas
1276 3124 1395 3189 propter
1407 3121 1612 3190 proprietatem
1628 3135 1694 3190 per·

85 3213 172 3282 edio).
190 3235 203 3266 a
220 3215 290 3269 Ecce
306 3216 373 3287 quid
389 3222 432 3271 est
446 3217 627 3286 homousion,
646 3222 722 3292 quod
741 3239 789 3276 01.
845 3220 991 3274 sonarum,
1006 3210 1035 3260 et
1049 3221 1124 3260 tinus
1138 3207 1213 3261 [ieris
1228 3211 1347 3279 propter
1364 3207 1585 3279 inseparabilem
1600 3207 1693 3262 Trini-

85 3303 234 3374 rinjustei
256 3305 318 3359 Non
337 3305 414 3359 enim
436 3307 555 3360 verbnm
575 3308 679 3377 sotum,
700 3310 748 3365 sod
762 3316 791 3366 et
844 3298 975 3348 ‘item-³

85 3392 141 3447 ubo
163 3398 215 3459 cst,
237 3408 289 3446 nec
311 3395 389 3447 solus
410 3410 504 3448 sermo
530 3410 634 3449 sonans
660 3395 788 3464 auribus,

85 3481 162 3536 antia
178 3497 234 3536 una
250 3486 293 3536 est
309 3481 358 3537 liei
375 3482 519 3538 credenda
534 3483 564 3537 in
586 3484 741 3541 mentibus.
759 3484 789 3540 si

85 3569 243 3624 seminibus
261 3570 443 3625 credentibus
454 3570 484 3625 in
504 3588 534 3625 se
550 3575 627 3627 totns
641 3573 713 3626 Deus
727 3588 788 3627 cre-

85 3662 107 3713 ιι
135 3659 277 3727 hahitare,
305 3659 452 3730 quomodo
468 3660 571 3715 Filium
595 3665 687 3715 totum
707 3661 738 3716 in
758 3677 788 3717 se

86 3750 96 3801 ι
111 3747 198 3801 Filius
218 3748 332 3802 Patrem
354 3764 413 3802 non
433 3748 566 3803 credatur
583 3749 734 3820 excipere?
749 3752 788 3804 Ac

88 3835 198 3906 ipsein
218 3836 313 3905 Patre,
333 3840 360 3890 et
375 3837 459 3891 Pater
475 3838 505 3891 in
526 3854 559 3892 eo
581 3843 688 3906 manet,
704 3841 732 3893 ct
755 3854 788 3892 ex

85 3923 91 3978 l
115 3924 186 3978 i'itio
211 3929 325 3979 sanctus
344 3925 503 3980 credendus
524 3930 565 3980 est
583 3925 706 3996 Spiritus
731 3942 787 3980 non

86 4013 232 4079 ncessisse,
253 4013 300 4068 sed
322 4029 434 4085 semper
453 4014 487 4069 ad
515 4015 678 4085 peragenda
700 4031 787 4086 opera

98 4101 217 4156 omnino
230 4103 396 4173 procedere.
414 4123 428 4152 u

1203 3366 1268 3422 Car.
1285 3366 1314 3420 L.

879 3454 951 3509 liem
967 3453 995 3510 S.
1017 3454 1195 3522 Augustinus
1208 3457 1231 3523 b,
1256 3455 1288 3510 in
1311 3455 1384 3510 libro
1408 3456 1600 3528 Expositionis
1624 3456 1692 3512 tidei
1730 3446 1734 3451 ’

843 3542 878 3596 ad
901 3543 1037 3597 Petrum:
1064 3543 1167 3598 «Sicut
1194 3560 1263 3615 ergo
1288 3561 1341 3599 nec
1363 3544 1449 3598 Filius
1474 3545 1618 3616 posterior
1644 3552 1693 3600 ant

843 3630 937 3685 minor
947 3643 990 3684 est
1013 3631 1105 3699 Petra,
1130 3631 1170 3684 ite
1193 3648 1245 3686 nac
1272 3633 1393 3704 Spiritus
1412 3637 1528 3689 sanctus
1551 3634 1693 3706 posterior

842 3723 893 3774 etit
921 3719 1017 3773 minor
1038 3723 1080 3774 est
1104 3718 1184 3783 Filio,
1208 3725 1274 3788 etc,
1304 3737 1389 3791 usque
1416 3721 1464 3790 ud,
1489 3722 1580 3778 Graeci
1601 3726 1692 3775 οὐσίαν

842 3811 952 3862 vocant.
968 3825 983 3860 ιι

1202 3877 1265 3933 Cur.
1283 3879 1326 3934 tt.

881 3966 952 4020 item
982 3964 1059 4020 idem
1088 3965 1119 4020 in
1149 3966 1249 4021 eodem
1279 3983 1365 4038 opere
1397 3973 1461 4040 posi
1496 3971 1691 4039 pauca:r1n

842 4054 891 4109 iiia
906 4054 997 4125 igitur
1017 4059 1113 4110 sancta
1132 4054 1278 4121 incitate,
1299 4057 1376 4127 quod
1395 4057 1461 4111 ideo
1483 4057 1595 4111 anobis
1609 4072 1692 4128 repe·

840 4145 923 4210 titur,
950 4146 981 4197 ut
1004 4149 1098 4198 vestro
1122 4143 1202 4198 cordi
1226 4144 1355 4199 tenacius
1377 4144 1526 4216 inligatur,
1549 4162 1624 4200 ursus
1648 4153 1691 4200 est

270 4210 335 4264 cli·
352 4208 454 4263 ΜΗ·
841 4233 924 4286 Pater
939 4229 989 4303 qni
1002 4228 1078 4286 so'tus
1101 4232 1292 4289 essentialiter
1311 4232 1345 4288 de
1365 4233 1459 4305 seipso
1481 4250 1570 4288 unum
1586 4234 1689 4290 Filium

85 4347 95 4370 .,
124 4315 325 4385 Augustinus:
354 4315 430 4385 Quod
448 4315 568 4384 Spiritus
589 4321 698 4370 sunonis
721 4331 784 4385 pro·
806 4293 951 4390 Dgenuit,
970 4323 997 4374 et
1019 4336 1095 4375 unus
1118 4321 1215 4389 Filius,
1241 4321 1292 4393 qui
1310 4314 1346 4376 d'e
1370 4337 1428 4378 tino
1447 4325 1530 4378 Patre
1555 4323 1632 4378 solus
1648 4329 1690 4377 est

85 4405 280 4470 'utreetFitio,
299 4404 330 4457 in
354 4403 569 4458 librosecundo
594 4405 656 4473 (imo
675 4405 723 4458 iii.
743 4420 783 4472 ut,
838 4399 1029 4454 essentialiter
1059 4404 1159 4467 nntus3
1189 4407 1218 4456 et
1244 4417 1318 4456 unus
1339 4401 1462 4474 Spiritus
1490 4409 1614 4470 sanctus,
1638 4403 1689 4473 qui

102 4507 187 4562 quem
206 4493 318 4562 scripsit
343 4499 443 4546 contra
464 4492 649 4547 Maximinum
670 4493 784 4546 hoereii-
839 4487 917 4541 solus
937 4488 1127 4543 essentialiter
1146 4489 1180 4544 de
1205 4491 1288 4544 Patre
1311 4491 1441 4562 Filioque
1465 4492 1602 4562 procedit.
1631 4493 1688 4547 iios*

85 4580 125 4634 ait
141 4596 148 4635 :
167 4599 180 4632 ι
198 4582 331 4650 liugnam
348 4580 458 4651 aliquid
477 4596 544 4635 sane
560 4581 612 4635 tibi
635 4580 728 4635 dicere
745 4582 785 4635 ri·
838 4580 935 4630 antem
961 4581 1054 4631 totum
1076 4593 1133 4631 una
1156 4594 1279 4650 persona
1297 4596 1356 4634 non
1376 4586 1481 4651 posset,
1501 4580 1530 4635 id
1551 4587 1593 4636 ost
1609 4586 1636 4636 at
1649 4584 1688 4654 gi·

85 4668 109 4722 ia
127 4669 206 4735 dicis,
230 4669 317 4723 Filius
344 4675 405 4723 erat
419 4669 449 4723 in
471 4669 612 4740 principio
631 4676 784 4739 antequam
838 4679 927 4735 gnere
947 4680 986 4731 se,
1008 4670 1036 4718 at
1055 4665 1134 4720 nasci
1154 4667 1190 4720 de
1210 4682 1249 4734 se,
1271 4670 1300 4721 et
1321 4669 1475 4738 procedere
1497 4669 1533 4723 de
1553 4687 1592 4724 se.
1616 4669 1688 4735 Qiria

86 4761 153 4823 sset,
176 4760 259 4811 Pater
283 4773 350 4812 vero
370 4763 437 4811 ante
462 4758 647 4829 principium.
668 4757 719 4811 tlbt
743 4758 785 4811 le·
838 4751 928 4822 igitur
947 4752 1024 4807 atiud
1038 4759 1081 4806 est
1101 4753 1235 4824 genuisse
1249 4770 1335 4826 quam
1349 4761 1449 4810 natum
1465 4772 1534 4820 esse,
1550 4756 1687 4828 aliudque

85 4862 117 4900 oc
130 4845 281 4900 crederes?
296 4845 374 4899 Unde
391 4846 597 4917 praesumpsisti
624 4851 657 4900 ut
670 4846 724 4900 lroc
741 4846 784 4900 di·
837 4840 994 4911 procedere
1019 4857 1105 4912 quam
1130 4843 1263 4913 genuisse
1284 4844 1327 4898 rai
1349 4850 1448 4899 natum
1469 4861 1541 4906 csse.
1565 4846 1686 4900 munite-

86 4933 96 4987 i
115 4949 167 4988 nec
191 4934 344 4988 auctoritas
368 4935 426 4988 utta
450 4951 502 4988 nec
525 4935 598 4989 ratio
627 4933 688 4990 est‘t
711 4934 785 4998 Quid
839 4935 914 4983 stum
935 4934 987 4996 est,
1003 4931 1140 5000 quoniam
1161 4930 1234 4986 nlius
1252 4936 1296 4986 est
1314 4933 1408 5003 Pater,
1434 4933 1508 4988 alius
1528 4939 1570 4988 asi
1587 4934 1685 5003 Filius,

85 5027 149 5078 aute
169 5023 355 5094 principium,
381 5023 617 5095 quandoquidem
642 5023 783 5095 quidquid
839 5016 911 5071 alius
926 5022 968 5073 est
980 5018 1103 5090 Spiritus
1118 5024 1242 5074 sanctus.
1259 5039 1285 5072 u.

85 5195 112 5234 ro
131 5179 164 5234 de
183 5181 388 5236 Irtcnrnntione.
417 5181 532 5236 liutinm
552 5197 628 5234 nunc
652 5179 785 5234 novimus
836 5175 952 5248 jusdam
970 5177 1123 5248 deperditi.

85 5256 256 5305 tiractatnm
274 5252 308 5305 de
322 5253 535 5317 incarnatione3
554 5267 618 5304 nam
633 5267 681 5304 eos
698 5250 785 5304 libros
873 5248 930 5301 bln
953 5247 1023 5303 libro
1043 5251 1232 5319 conpositionis.
1257 5251 1336 5305 Nunc
1363 5268 1463 5308 omnes
1488 5258 1595 5309 norunt
1623 5254 1686 5325 ejus

85 5321 197 5385 ratione,
220 5321 271 5392 qni
290 5323 365 5376 inter
384 5323 476 5391 Opera
495 5322 522 5377 S.
541 5321 694 5391 Augustini
716 5321 785 5376 editi
839 5318 1026 5386 expositionis
1045 5321 1213 5390 scriptorem
1235 5321 1321 5375 luisse
1338 5339 1396 5376 non
1415 5326 1619 5395 Augustinum,
1637 5328 1685 5381 sod

85 5409 95 5446 s
114 5397 227 5447 constat
242 5393 360 5447 alterius
383 5394 529 5464 cujusdam
548 5408 609 5445 esse
626 5392 782 5462 scriptoris.
838 5388 1033 5458 Fulgentium,
1050 5391 1131 5462 cujus
1148 5392 1225 5446 inter
1243 5392 1335 5462 Opera
1356 5394 1432 5448 edita
1450 5403 1494 5450 est
1512 5412 1589 5452 anno
1607 5397 1684 5461 teat,

85 5478 163 5517 *cnm
179 5480 234 5517 non
249 5463 471 5534 reperiaturhoc
486 5462 654 5533 capitulum,
677 5462 784 5516 nemini
838 5474 905 5530 pag.
921 5461 983 5515 502.

85 5550 137 5589 asse
155 5535 240 5590 disbet
259 5535 329 5605 quin
349 5535 543 5604 fragmentum
565 5534 601 5587 sit
620 5534 715 5603 operis
732 5548 784 5587 cu-
