3930 6098
104 247 156 305 313

283 248 461 307 harabum
479 211 710 306 coaeutuusts
730 246 886 306 blONhClll
906 246 1046 306 coarat
1064 245 1265 306 sumentia
1283 243 1460 305 OPPOSle.
1483 274 1518 287 -
1540 243 1605 302 uta.
1625 242 1673 302 tv.

1802 241 1857 300 311

105 386 200 442 luerat
225 387 294 460 quid
317 387 353 443 ad
375 391 426 442 tua
454 385 585 442 consulta
611 386 808 442 rescriberem.
839 386 895 442 Sed
919 390 951 442 ut
969 384 994 442 A
1009 385 1138 450 Ecclesia,
1162 383 1309 456 totiusque
1333 382 1434 439 mundi
1454 381 1631 456 principatus
1651 383 1782 451 contulit,
1804 383 1859 439 im·

105 476 188 532 video
203 476 276 532 bene
299 475 333 531 de
349 475 420 529 meis
437 475 565 530 moribus
580 475 737 543 aetimasti,
754 480 782 531 et
804 491 891 548 qnam
912 475 952 530 ci·

105 566 173 621 vilia
186 581 238 636 pro
260 565 455 619 conservanda
470 564 639 620 sacerdotali
659 565 812 619 concordia
834 580 951 636 respon·

105 670 188 708 surus
203 669 295 707 essem
311 653 458 709 verissime
473 654 641 725 praevidisti,
658 659 685 708 et
701 654 764 708 ideo
779 659 874 709 motus
889 659 952 709 tuos

105 741 220 812 exsequi
236 741 297 797 sine
321 742 459 798 dilatione
485 743 657 814 properasti,
680 759 717 798 ne
734 759 799 798 cum
823 744 953 798 modera-

104 829 191 885 tionis
205 835 309 886 nostrae
335 832 410 886 aliud
432 832 616 903 disponentia
641 832 748 904 scripta
772 833 952 903 sumpsisses,

104 919 227 974 faciendi
247 920 276 976 id
291 921 368 992 qnod
392 922 497 976 factum
524 921 726 976 estlicentiam
743 938 801 976 non
820 921 950 977 haberes.

104 1010 149 1062 An
173 1008 246 1063 forte
269 1009 379 1080 aliquid
395 1010 447 1064 tibi
472 1010 582 1064 facinus
608 1011 703 1064 fratris
728 1011 901 1077 innotuerat,
924 1015 953 1065 at

79 1091 81 1095 ’
105 1097 360 1168 metropolitanum
384 1098 550 1169 episcopum
575 1099 642 1152 nori
673 1099 749 1170 apud
771 1104 798 1154 te
822 1098 952 1153 criminis

105 1187 219 1256 pondus
243 1187 382 1257 urgebat?
408 1190 444 1241 at
470 1187 524 1241 hoc
550 1187 666 1258 quidem
691 1188 820 1242 alienum
842 1188 878 1242 ab
902 1187 952 1241 illo

105 1290 177 1341 esse,
208 1274 296 1329 etiam
319 1281 349 1329 tu
376 1275 447 1330 nihil
470 1275 496 1329 ei
525 1276 687 1346 objiciendo
709 1276 876 1342 confirmas;
903 1277 952 1331 sad

105 1365 232 1419 etiamsi
257 1365 326 1436 quid
345 1381 431 1436 grave
453 1365 726 1438 intolerandumque
749 1366 950 1430 committeret,

106 1459 203 1508 nostra
222 1458 284 1509 erat
298 1455 486 1525 exspectanda
500 1471 634 1520 censura;
654 1460 686 1510 ut
705 1455 777 1510 nibil
792 1456 872 1526 prius
893 1457 954 1527 ipse

106 1542 286 1612 decerneres,
308 1559 394 1615 quam
421 1544 491 1614 quid
513 1544 597 1599 nobis
612 1545 747 1615 placeret,
773 1561 952 1615 agnosceres.

1007 479 1118 529 mutare
1150 490 1247 545 posse;
1281 472 1516 545 quandoquidem
1546 472 1692 527 civitatem
1720 472 1854 542 Romam,

1007 579 1073 634 quie
1103 568 1271 617 cunctarum
1300 562 1494 635 principatum
1520 561 1706 616 Ecclesiarum
1732 561 1857 629 obtinet,

1007 651 1042 706 ab
1070 651 1194 722 imperio
1218 668 1269 706 suo
1294 651 1389 704 vident
1413 655 1564 716 remotam,
1590 655 1618 704 et
1640 666 1756 705 omnem
1776 650 1858 706 Occi·

1007 739 1123 794 dentem
1157 738 1211 794 sibi
1244 739 1398 793 sublatum.
1431 737 1625 810 Africamque,
1652 743 1682 793 et
1709 738 1858 794 Orientem

1006 845 1081 899 pene
1104 833 1248 897 cunctum,
1270 835 1377 898 praeter
1401 827 1599 898 paucissimas,
1624 828 1754 898 Europae,
1769 827 1859 882 Asia·

1007 932 1063 988 que
1079 916 1249 988 provincias,
1266 920 1294 971 ct
1307 932 1463 989 paucarum
1479 915 1605 971 ambitus
1619 915 1792 969 insularum.

1042 1009 1132 1073 Quam
1169 1014 1267 1063 autem
1300 1007 1490 1063 reverentiam
1521 1006 1859 1078 Constantinopolitanus

1006 1098 1134 1169 pontifex
1158 1096 1288 1152 obtinere
1313 1096 1425 1162 debeat,
1442 1111 1500 1150 non
1515 1112 1567 1150 sue
1585 1095 1699 1160 merito,
1715 1094 1765 1149 sed
1789 1095 1859 1166 quia

1007 1187 1131 1242 secunda
1150 1186 1271 1241 vocitata
1294 1185 1331 1240 sit
1353 1187 1454 1250 Roma,
1479 1189 1599 1238 testatur
1619 1183 1773 1239 iustiniani
1791 1200 1858 1254 pre·

1007 1276 1163 1348 gmaticum
1189 1274 1372 1345 imperatoris
1396 1274 1497 1341 (Nocet.
1523 1289 1612 1340 01111,
1633 1288 1696 1345 cap,
1720 1273 1758 1343 2),
1775 1272 1856 1344 quod

1007 1364 1046 1418 ita
1065 1363 1174 1418 fertur:
1198 1386 1209 1414 ι
1232 1365 1309 1434 Papa
1332 1365 1477 1418 Romanus
1491 1362 1571 1432 prior
1592 1362 1727 1416 omnibns
1743 1361 1859 1432 episco-

1007 1452 1052 1523 pis
1069 1459 1098 1507 et
1118 1452 1289 1524 patriarchis
1304 1452 1414 1520 sedeat,
1428 1457 1457 1506 et
1472 1457 1538 1523 post
1553 1451 1634 1505 illum
1651 1450 1859 1505 Constantino·

1007 1540 1142 1613 politanae
1163 1541 1284 1595 civitatis
1300 1540 1542 1611 archiepiscopus.
1563 1540 1652 1594 ·rton
1667 1539 1714 1594 hic
1737 1541 1859 1610 praefer·

107 1630 185 1685 Vices
207 1630 285 1685 enim
303 1636 414 1686 nostras
434 1631 474 1686 ita
491 1637 550 1687 ture
573 1632 748 1688 credidimus
763 1632 905 1697 charitati,
923 1639 955 1688 ut
1008 1633 1056 1683 tur
1074 1644 1168 1700 neque
1191 1629 1338 1683 confertur
1353 1644 1435 1699 papae
1458 1629 1599 1690 Romano,
1618 1627 1668 1681 sed
1682 1627 1860 1697 supponitur

106 1719 136 1774 in
152 1725 263 1790 partem
274 1719 312 1774 sis
327 1725 441 1774 vocatus
456 1720 665 1787 sollicitudinis,
683 1738 741 1776 non
756 1721 786 1776 in
802 1721 955 1794 plenitudi·
1009 1717 1171 1789 patriarcha
1216 1716 1561 1787 constantinopolitanus.
1609 1715 1860 1770 Considerandum

106 1824 172 1862 nem
190 1808 347 1878 potestatis.
366 1808 446 1863 Unde
463 1809 533 1864 sicul
548 1811 672 1865 multum
695 1826 747 1865 nos
762 1826 795 1864 ea
817 1827 882 1882 quae
896 1828 913 1865 a
926 1816 955 1866 te
1008 1821 1135 1876 quoque,
1153 1806 1228 1877 quod
1241 1805 1334 1860 honor
1347 1806 1420 1860 sadis
1433 1805 1476 1859 illl
1490 1805 1690 1866 contribuitur,
1708 1805 1861 1877 potestatis

108 1897 153 1969 pie
169 1900 236 1951 sunt
250 1903 359 1966 curata,
380 1898 537 1966 laetilicant,
561 1899 601 1953 ita
615 1899 741 1954 nimium
756 1916 789 1954 ea
808 1916 873 1972 quae
887 1917 955 1972 per·
1009 1902 1105 1949 autem
1121 1896 1235 1949 culmen
1250 1894 1416 1948 nullatenus
1426 1893 1586 1948 confertur
1600 1894 1671 1947 ltem
1685 1893 1716 1946 in
1731 1892 1861 1948 Historia

1009 1983 1132 2039 Socratis
1148 1984 1206 2053 (tib.
1223 1999 1249 2051 v,
1271 1999 1332 2052 cap.
1357 1984 1385 2052 8)
1405 1983 1445 2036 sic
1460 1982 1612 2037 scribitur:
1643 1983 1749 2036 «Tunc
1772 1982 1860 2036 etiam

1009 2058 1138 2145 regulam
1155 2074 1344 2143 praetulernnt
1370 2071 1520 2137 (nimirum
1536 2070 1661 2143 episcopi
1685 2070 1736 2142 qui
1759 2071 1862 2126 Nacta·

1009 2163 1085 2218 rium
1111 2160 1360 2231 Constantinopoli
1382 2160 1594 2215 constituerunt
1611 2165 1644 2214 ut
1662 2165 1736 2215 esset
1755 2159 1863 2230 episco-

1009 2252 1086 2322 pus),
1103 2255 1135 2305 ut
1158 2249 1493 2320 constantinopolitanus
1510 2248 1662 2319 episcopus
1677 2247 1798 2302 baberet
1811 2247 1861 2301 ho·

1009 2340 1089 2395 noris
1105 2338 1254 2411 privilegia
1272 2344 1338 2410 post
1356 2338 1522 2410 pontificem
1542 2338 1715 2399 Romanum,
1732 2353 1766 2391 eo
1783 2336 1861 2408 quod

1010 2428 1046 2483 sit
1061 2445 1134 2483 nova
1148 2429 1249 2483 Roma.
1266 2448 1279 2479 a
1303 2427 1358 2482 Sed
1373 2443 1468 2498 neque
1485 2427 1633 2499 potestatis
1649 2426 1695 2481 hic
1708 2426 1863 2498 privilegia

1010 2517 1154 2572 donantur
1174 2516 1227 2584 illi,
1252 2532 1317 2587 quae
1344 2516 1474 2588 pontiflci
1497 2531 1613 2570 manere
1631 2516 1762 2570 Romano
1783 2531 1862 2569 com·

1010 2605 1179 2678 probentur.
1196 2604 1275 2660 Unde
1287 2604 1375 2675 igitur
1388 2604 1586 2658 anctoritatem
1602 2605 1767 2659 Graecorum
1784 2604 1864 2674 prin·

1010 2695 1087 2766 cipes
1110 2693 1264 2764 accipiunt,
1281 2698 1313 2747 ut
1327 2692 1676 2763 Constantinopolitannm
1691 2692 1863 2764 episcopum

1011 2785 1146 2840 omnibns
1175 2784 1305 2839 Ecclesiis
1328 2783 1503 2854 praeferant?
1527 2783 1688 2855 antiquitas
1716 2783 1758 2837 eis
1781 2784 1863 2837 nulla

1011 2874 1193 2944 suffragatur,
1217 2873 1392 2944 synodorum
1414 2871 1528 2926 decreta
1545 2872 1633 2938 nulla,
1650 2872 1862 2942 imperatorum

107 2002 206 2057 peram
229 1991 295 2041 sunt
315 1991 406 2055 gesta,
429 1988 607 2042 contristant.
630 1989 663 2042 Et
687 2004 800 2043 necesse
824 1994 875 2057 est,
892 1993 956 2061 post

108 2075 263 2128 multarum
279 2074 474 2145 experimenta
486 2091 636 2131 causarum
653 2077 803 2132 sollicitius
819 2079 954 2150 prospici,

109 2170 137 2218 et
167 2162 335 2233 diligentius
358 2163 530 2233 proecareri3
569 2170 785 2238 quatenusper
816 2167 954 2238 Spiritum

108 2249 262 2305 charitatis
282 2256 311 2307 at
333 2252 413 2322 pacis
436 2252 531 2307 omnis
555 2252 675 2307 materia
699 2254 898 2309 scandalorum
921 2255 956 2310 de

110 2338 240 2394 Ecclesils
263 2339 389 2406 Domini,
418 2358 488 2413 quas
508 2340 561 2396 tibi
582 2341 856 2410 commendavimus,
873 2343 956 2399 aufe-

110 2433 198 2495 ratur,
214 2429 422 2498 praeminente
436 2430 555 2502 quidem
568 2430 667 2485 inillis
681 2431 835 2503 provinciis
850 2432 958 2503 episco-

109 2523 193 2586 patus
209 2516 252 2571 tui
273 2517 400 2589 fastigio,
417 2519 468 2574 sed
488 2523 637 2591 amputato
656 2520 744 2574 totins
760 2521 956 2591 usurpationis

110 2620 236 2659 excessu.
257 2606 349 2676 Igitur
372 2608 531 2663 secundnm
555 2613 718 2663 sanctorum
734 2610 850 2664 Petrum
869 2625 956 2664 cano·

111 2709 171 2759 nes,
187 2693 296 2763 Spiritu
312 2694 364 2749 Dei
386 2695 525 2763 conditos,
551 2700 580 2751 et
594 2697 683 2754 totius
697 2697 797 2752 mundi
820 2713 957 2753 reveran-

111 2781 150 2834 tia
173 2787 363 2850 consecratos,
388 2785 625 2856 metropolitanos
647 2785 825 2856 singularum
841 2787 957 2857 provin·

111 2869 221 2925 ciarum
259 2872 418 2943 episcopos,
454 2873 558 2944 quihus
591 2890 624 2928 cx
652 2874 832 2945 delegatione
860 2880 958 2929 nostra

112 2958 298 3014 fraternitatis
313 2965 370 3016 tuae
390 2977 459 3016 cura
484 2962 682 3033 pretenditur,
703 2965 750 3034 jus
769 2963 880 3018 traditas
905 2963 959 3018 sihi
978 2963 1189 3038 cpragmatica
1204 2962 1293 3026 nnlla,
1314 2977 1379 3032 quae
1400 2960 1465 3015 licet
1480 2961 1532 3014 etsi
1549 2961 1645 3031 aliqua
1669 2966 1863 3015 monstraren-

113 3047 271 3118 antiqnitns
297 3049 446 3119 dignitatis
471 3051 675 3106 intemeratum
699 3051 807 3124 babere
830 3053 959 3108 decerni·
1012 3056 1070 3119 tur,
1085 3049 1261 3104 auctoritatis
1283 3048 1398 3119 pondus
1418 3048 1547 3103 obtinere
1563 3049 1718 3120 nequirent
1733 3049 1797 3103 sine
1814 3050 1863 3104 110

113 3151 192 3196 murz
215 3136 254 3190 ita
272 3140 304 3192 ut
331 3139 477 3210 aregnlis
499 3140 678 3210 praestitutis,
701 3140 845 3196 nullaant
867 3141 958 3213 negti·
1012 3139 1091 3193 mani
1114 3138 1258 3211 pontificis
1288 3137 1510 3209 astipulatione:
1545 3138 1626 3207 cujus
1651 3142 1738 3192 tautae
1764 3141 1864 3192 manet

112 3225 218 3296 gentis,
244 3230 294 3281 ant
325 3227 548 3298 presumptione
570 3227 735 3284 discedant:
761 3248 775 3280 0
800 3235 829 3284 et
856 3235 961 3284 caetera
1013 3228 1184 3299 antiquitate
1206 3226 1350 3282 tribuente
1370 3226 1517 3297 potestatis
1532 3225 1590 3296 jus,
1615 3231 1646 3280 ut
1660 3226 1722 3280 sine
1736 3226 1861 3297 permis·

113 3329 178 3384 qna
193 3314 292 3369 statuit
306 3315 553 3371 Thessalonicensi
568 3317 703 3388 episcopo
720 3316 751 3372 in
764 3318 961 3373 ecclesiasticis
1013 3315 1102 3370 sionis
1131 3315 1209 3370 illins
1236 3315 1404 3370 auctoritate
1428 3331 1480 3369 nec
1510 3315 1784 3386 Constantinopolis,
1809 3330 1862 3370 nec

114 3402 237 3471 negotiis
255 3405 458 3459 conservanda.
1013 3404 1073 3459 ulla
1087 3405 1185 3458 civitas
1206 3404 1358 3459 Orientalis
1382 3405 1425 3458 vel
1448 3403 1636 3458 Occidentalis
1657 3404 1789 3458 obtinere
1804 3404 1864 3475 pri·

150 3490 257 3553 Ouibus
268 3491 396 3546 videmus
411 3508 594 3563 nequaquam
610 3493 961 3564 Constantinopolitannm
1014 3493 1118 3564 vilegia
1132 3494 1223 3547 valeat
1237 3492 1396 3564 potestatis,
1416 3492 1472 3546 nisi
1488 3509 1553 3564 quas
1572 3492 1715 3546 lucrante
1730 3492 1863 3546 Romano

115 3578 282 3649 episcopam
304 3580 433 3634 Ecclesiis
449 3580 561 3647 Christi,
578 3582 633 3635 nisi
648 3586 760 3636 tantum
779 3599 838 3637 suae
857 3583 960 3638 1110100-
1014 3582 1151 3652 pontifice
1173 3582 1218 3636 vel
1243 3598 1377 3636 concessa
1401 3580 1443 3634 rel
1467 3581 1617 3635 roborata:
1636 3580 1690 3651 ipsi
1708 3596 1777 3635 vero
1801 3596 1864 3634 rna·

115 3683 188 3735 scos,
214 3685 275 3722 esse
298 3669 463 3738 praelatum,
492 3669 541 3724 sed
567 3670 695 3724 Romano
721 3670 961 3743 pontifici-hujus
1014 3676 1081 3724 neat
1095 3675 1219 3740 potestas
1236 3676 1323 3742 atque
1338 3668 1501 3725 sollicitudo
1515 3669 1644 3723 omnium
1660 3668 1864 3737 Ecclesiarnm,

115 3757 317 3811 sollicitudinis
336 3773 435 3812 curam
456 3759 614 3830 antiquitus
636 3775 697 3814 esse
711 3760 905 3826 commissam,
926 3761 961 3816 ad
1014 3758 1200 3826 concedendi,
1218 3758 1263 3812 vel
1283 3757 1455 3827 disponendi
1471 3773 1650 3832 quacunque
1665 3756 1864 3811 ecclesiasticis

116 3859 201 3913 quem
225 3861 324 3901 omnes
355 3846 486 3902 Ecclesiae
510 3848 616 3903 Christi
637 3848 805 3918 respiciant;
830 3855 859 3903 et
880 3849 962 3919 cujus
1015 3847 1185 3901 utilitatibus
1199 3847 1357 3902 secundum
1381 3847 1584 3901 ecclesiasticas
1606 3845 1721 3916 regulas
1743 3846 1864 3916 probata

116 3933 153 3987 sit
174 3933 260 3989 officii
274 3934 309 3989 de
328 3936 449 4007 singulis
472 3936 668 3991 ecclesiasticis
682 3937 841 3991 rationibus
865 3938 961 4009 dispo·
1013 3935 1121 3990 fuerint
1142 3934 1294 3989 deservire.
1320 3934 1399 3998 Ouod
1424 3935 1521 3988 multis
1540 3934 1718 4005 approbatur
1732 3933 1863 4006 Scriptu-

115 4038 194 4088 nere,
211 4039 333 4095 eamque
349 4030 447 4079 tenere
467 4024 596 4095 singulas
616 4025 776 4094 provincias
791 4026 960 4081 ecclesiasti·
1014 4039 1110 4078 rarum
1136 4022 1341 4087 monumentis,
1365 4038 1415 4094 per
1441 4023 1586 4078 universas
1608 4023 1744 4078 Ecclesias
1770 4040 1788 4077 a
1810 4023 1864 4079 lto·

115 4127 212 4164 carum
233 4127 384 4166 causarum
408 4113 542 4179 formam,
567 4128 653 4182 quam
669 4113 797 4184 pontifex
815 4116 961 4169 Romanus
1014 4126 1100 4165 mano
1116 4095 1253 4182 pontifice
1269 4111 1426 4165 destinatis.

115 4199 160 4251 rel
189 4199 380 4265 constituerit,
412 4199 456 4253 vel
486 4201 671 4268 concesserit,
697 4201 774 4272 qnod
801 4204 962 4274 approbant
1051 4201 1131 4256 Unde
1159 4201 1276 4254 acacius
1301 4200 1452 4271 episcopus
1473 4200 1805 4269 Constantinopolitanae
1828 4199 1862 4255 ad

115 4284 284 4355 pontificum
307 4286 427 4360 decreta¹
452 4288 660 4358 Romanorum,
695 4291 829 4344 omnihus
855 4291 958 4346 Christi
979 4284 1194 4360 OSimplicium
1219 4288 1385 4360 episcopum
1400 4288 1478 4342 urbis
1499 4288 1596 4342 1100101
1611 4288 1738 4342 scribens
1763 4289 1862 4358 (Epist.

115 4374 245 4428 Ecclesiis
266 4379 324 4429 tam
348 4392 399 4447 per
421 4376 567 4432 Orientem
593 4394 681 4449 quam
705 4395 756 4449 per
779 4378 961 4436 Occidentem
1015 4377 1205 4448 6810011011),
1230 4377 1270 4430 sic
1295 4377 1351 4431 ait:
1370 4398 1384 4425 ι(
1409 4377 1530 4431 Domino
1557 4382 1654 4430 sancto
1677 4376 1753 4447 patri
1771 4377 1864 4431 archi·

114 4462 216 4533 positis
249 4463 367 4534 directa,
394 4482 458 4537 quae
487 4466 576 4521 veluti
599 4466 678 4539 leges
703 4467 960 4523 ecclesiasticorum

115 4551 294 4621 negotiorum
310 4559 340 4609 et
360 4555 547 4610 observantur
561 4556 596 4610 ah
609 4557 743 4612 omnibus
756 4562 784 4611 et
799 4557 960 4627 suspiciun-

113 4647 161 4693 tur
183 4641 325 4699 Ecclesiis.
353 4643 421 4709 Quis
436 4649 533 4700 antem
553 4645 627 4700 ferat
649 4651 679 4700 nt
703 4646 961 4718 Constantinopoli·

112 4734 197 4784 tanus
211 4731 375 4802 patriarche
389 4733 500 4787 cunctis
515 4734 620 4788 Christi
634 4735 803 4805 praeferatur
817 4735 958 4803 Ecclesiis,

112 4818 190 4889 quod
214 4836 268 4874 nec
291 4820 446 4893 antiquitas
470 4820 496 4875 ei
522 4822 651 4890 contulit,
680 4838 732 4876 neo
762 4822 820 4875 ulla
847 4821 958 4877 decreta

112 4908 253 4978 majorum
269 4909 455 4976 constituunt,
473 4910 658 4964 narrationis
674 4910 796 4965 habetur
809 4910 854 4964 vel
873 4913 959 4967 eccle-

112 4996 232 5051 siasticae
256 4998 301 5052 vel
321 4998 457 5053 humanae
470 4999 535 5069 jure
558 4998 722 5054 firmatum:
740 4998 795 5053 nisi
816 4999 890 5054 forte
904 5017 960 5071 pu·

110 5088 171 5138 tant
185 5085 349 5140 Graecorum
362 5086 551 5158 imperatores
567 5087 707 5157 moderni,
723 5103 780 5142 non
792 5087 836 5142 illi
851 5089 957 5143 Roaia-

109 5186 226 5241 norum‚
258 5190 380 5245 quornm
402 5174 559 5245 imperium
583 5177 670 5231 totius
694 5176 772 5231 orbis
794 5177 957 5247 provincias

109 5259 288 5331 disponebat,
305 5264 357 5318 hoc
379 5263 434 5318 sibi
451 5264 548 5330 licere,
570 5265 649 5336 quod
664 5264 721 5320 illis
734 5281 792 5319 non
814 5265 910 5322 licuit:
927 5272 957 5321 et

109 5347 261 5406 Ecclesiam
286 5353 455 5420 Romanam,
481 5369 568 5425 quam
598 5354 639 5408 illi
665 5358 804 5426 tanquam
833 5367 954 5411 matrem

107 5439 234 5492 venerati
253 5445 329 5507 sunt,
344 5457 397 5512 pro
417 5442 500 5497 libito
515 5459 567 5498 suo
582 5442 744 5512 disponere,
760 5449 788 5498 et
801 5444 954 5500 anctorita-

108 5527 165 5579 tem
181 5542 267 5597 quam
289 5529 373 5586 beato
397 5533 481 5587 Petro
503 5539 561 5588 tam
586 5532 724 5600 Christus,
750 5549 838 5605 quam
860 5533 955 5588 omnis

1015 4467 1150 4538 episcopo
1165 4465 1312 4537 Simplicio
1323 4465 1452 4520 Aeacius.
1477 4464 1705 4553 Sollicitoqinem
1728 4465 1864 4520 omnium

1015 4557 1203 4611 Ecclesiarnm
1233 4555 1390 4609 secundnm
1422 4554 1589 4626 Apostolum
1618 4555 1863 4617 circumferentes,

1013 4663 1065 4701 nos
1096 4645 1294 4700 indesinenter
1317 4644 1484 4709 hortamini,
1513 4643 1646 4716 quamvis
1669 4649 1772 4713 sponte
1796 4644 1864 4714 rigi-

1013 4735 1104 4789 lantes
1123 4739 1152 4789 et
1169 4737 1391 4805 praecurrentes,
1412 4733 1461 4786 sed
1485 4749 1534 4786 ros
1557 4731 1655 4785 divino
1675 4732 1735 4786 zelo
1760 4731 1866 4786 sollici·

1012 4832 1058 4879 tos
1071 4822 1284 4890 demonstratis,
1306 4828 1414 4876 statum
1429 4820 1630 4876 Alexandrinae
1651 4818 1783 4874 Ecclesiae
1802 4836 1864 4874 cer·

1011 4913 1069 4967 tius
1092 4912 1283 4984 requirentes,
1309 4915 1341 4965 ut
1360 4927 1414 4981 pro
1435 4910 1563 4982 paternis
1586 4908 1744 4964 canonibus
1771 4910 1865 4963 susci-

1011 5002 1096 5073 piatis
1117 5001 1255 5068 laborem,
1284 5000 1413 5072 piissimo
1437 5000 1578 5053 stillantes
1606 4998 1711 5052 sudore
1736 4998 1864 5068 probis,

1011 5091 1085 5145 sicut
1108 5104 1223 5159 semper
1242 5094 1285 5143 est
1306 5089 1511 5160 approbatum,
1534 5107 1548 5138 a
1566 5087 1729 5158 etreliqua.
1746 5087 1864 5158 Cogno·

1010 5178 1115 5233 scimus
1130 5178 1207 5250 quod
1231 5177 1352 5232 Aeacius
1372 5176 1499 5247 pontifex
1523 5175 1866 5245 constantinopolitanus

1010 5268 1171 5323 Romanum
1186 5266 1349 5337 pontificem
1373 5269 1492 5319 testatur
1510 5263 1641 5318 omnium
1667 5264 1863 5321 Ecclesiarum

1010 5355 1167 5410 secundum
1178 5355 1345 5426 Apostolum
1361 5353 1580 5408 sollicitudinem
1595 5351 1863 5424 circumferentem,

1009 5449 1038 5499 et
1059 5443 1133 5498 hanc
1151 5444 1177 5498 ei
1192 5459 1307 5514 semper
1325 5442 1422 5496 adesse
1440 5458 1472 5495 ex
1487 5440 1657 5512 antiquitate
1673 5440 1862 5513 superimpo-

1008 5533 1110 5589 sitam:
1127 5532 1204 5605 quod
1219 5531 1325 5596 dicens,
1347 5531 1401 5587 sibi
1414 5531 1493 5586 nullo
1512 5530 1600 5584 modo
1615 5527 1776 5585 contribuit
1790 5546 1858 5588 om·
