3930 6098
531 481 616 526 ΛΝΝΟ
639 481 753 526 bonini
776 480 930 526 nccchxx.

306 578 1187 890 auunannus

500 1010 738 1073 MONACHUS
768 1009 967 1072 FRANGUS

134 1378 617 1510 BERNARDI
682 1375 1336 1506 ITINERARIUM

418 1607 544 1669 Factum
560 1610 592 1668 in
606 1607 671 1669 loen
684 1616 789 1668 sancta
802 1625 880 1667 anno
896 1623 1049 1667 ncccnxx.

85 1767 184 1826 tabiit,
201 1767 257 1817 itct.
273 1781 308 1816 ss.
324 1767 382 1816 ord.
403 1766 428 1817 S.
446 1766 546 1817 Bened.
560 1769 626 1817 tom.
639 1766 683 1825 iv,
701 1780 734 1816 ex
752 1765 799 1816 bis.
813 1765 903 1816 codice
920 1763 1089 1815 bibliotheca
1102 1762 1265 1827 Remigianas
1280 1761 1350 1826 apud
1366 1761 1501 1825 Rhemos.)

605 1898 866 1912 ᾖ

87 2040 103 2080 e
125 2025 240 2080 Domini
262 2024 374 2080 visendi
399 2026 506 2097 [supple
527 2023 620 2098 causa]
647 2024 708 2079 loca
726 2026 750 2079 Α
765 2039 826 2078 cam
843 2026 982 2095 petentes,
999 2025 1082 2078 erant
1101 2039 1131 2076 ιιι
1155 2037 1168 2066 ¹
1191 2021 1312 2094 captivi;
1337 2021 1400 2077 alioe
1425 2022 1489 2079 dure
1514 2023 1609 2095 primo

85 2112 152 2168 chus
172 2117 279 2167 memet
296 2113 399 2167 sociavi
421 2114 557 2168 iratribus
572 2113 603 2167 in
619 2114 708 2169 devo·
763 2115 898 2167 exeuntes
912 2113 942 2166 iu
957 2111 1094 2184 Tripolim
1108 2110 1288 2166 deduxerunt
1300 2110 1434 2167 similiter
1446 2127 1487 2164 ιιι.

87 2219 100 2256 s
115 2218 122 2257 :
143 2218 177 2256 ex
193 2201 298 2273 quibus
313 2218 389 2256 unns
409 2208 470 2256 erat
485 2219 519 2257 ex
534 2201 707 2256 monasterio
798 2202 824 2254 5.
839 2200 870 2254 iu
885 2199 1005 2271 reliquis
1015 2200 1132 2254 demum
1143 2198 1254 2253 duabus
1264 2198 1453 2265 introeuntes,
1465 2197 1495 2253 in
1506 2197 1611 2271 qrribus

85 2288 112 2344 ei
127 2289 331 2356 Beneventani,
348 2292 421 2344 alter
436 2292 600 2360 Hispanus:
619 2292 708 2346 Fren—
763 2305 878 2361 quoque
897 2287 1050 2360 praedictus
1069 2292 1131 2341 erat
1151 2302 1289 2341 numerus
1310 2287 1500 2358 captivorum,
1524 2286 1611 2341 delati
1636 2271 1639 2278 ¹

85 2377 232 2432 latinitatis
253 2394 324 2432 meae
348 2379 436 2433 locus.
459 2379 550 2450 lgitnr
571 2378 709 2433 adeuntes
763 2393 863 2431 sumus
877 2377 907 2431 in
923 2380 1038 2448 portum
1051 2375 1244 2442 alexandriae,
1259 2375 1427 2447 navigantes
1438 2374 1537 2429 diebos
1547 2391 1609 2429 xxx.

85 2465 138 2519 nni
153 2464 297 2537 pontilicis
313 2466 418 2521 Nicolai
434 2466 617 2538 praesentiam
633 2465 707 2520 obti·
762 2466 894 2520 Veientes
908 2481 977 2519 rero
991 2464 1128 2536 progredi
1144 2464 1175 2518 in
1195 2464 1285 2530 littus,
1307 2462 1447 2534 prohibiti
1472 2479 1572 2518 sumus
1594 2479 1612 2517 a

84 2568 136 2607 sua
156 2553 367 2622 benedictione,
390 2570 503 2609 necnon
526 2557 587 2626 ejus
602 2554 708 2609 avaritie
762 2553 892 2625 principe
908 2559 1072 2621 nautarum,
1090 2557 1140 2624 qui
1160 2557 1221 2607 erat
1235 2567 1322 2622 super
1334 2567 1376 2606 ιιι,
1394 2552 1429 2607 Ut
1444 2556 1542 2606 evitem
1557 2568 1611 2607 no·

84 2639 220 2696 ideratam
237 2641 393 2697 licentiam.
761 2641 806 2697 bis
821 2642 904 2713 copia
918 2642 1037 2696 daretur
1049 2640 1183 2708 exeundi,
1200 2640 1333 2695 dedimus
1348 2640 1374 2694 ei
1389 2656 1490 2695 aureos
1502 2657 1539 2696 ιι.

85 2729 169 2800 gressi
188 2729 320 2784 venimus
336 2730 371 2785 ad
388 2736 515 2785 montem
531 2733 706 2802 Garganum,
798 2733 824 2785 6.
840 2730 910 2785 lnde
927 2729 1072 2801 progressi
1088 2728 1229 2782 adivimus
1243 2728 1404 2800 principem
1419 2729 1611 2800 Alexandriae,

84 2817 170 2871 clesia
189 2818 279 2872 sancti
299 2818 445 2874 Michaelis
460 2819 513 2874 sub
530 2836 587 2875 uno
603 2820 708 2891 lapide,
762 2818 808 2874 cui
832 2818 1013 2873 ostendimus
1037 2818 1191 2888 epistolam
1220 2833 1306 2888 quam
1335 2817 1417 2872 nobis
1446 2817 1525 2872 dedit
1547 2817 1611 2874 Sul-

85 2910 131 2959 nnt
146 2921 267 2976 quercus
284 2907 459 2977 glandiferae.
477 2924 563 2979 quam
577 2908 709 2963 videlicet
762 2908 854 2962 danus
871 2923 878 2961 :
903 2923 968 2978 quse
990 2905 1061 2961 nihil
1088 2905 1172 2960 nohis
1192 2905 1323 2976 proiecit,
1338 2905 1405 2960 licet
1419 2921 1519 2960 omnes
1532 2906 1611 2961 illius

85 2993 209 3048 edicasse
231 3010 238 3047 ι
258 2997 339 3066 cujus
362 2996 499 3050 introitus
514 3003 557 3051 est
570 2997 606 3051 ab
622 2996 707 3068 aqui·
762 2995 897 3064 epistolas
912 2995 1017 3050 dixerit
1029 3010 1058 3048 se
1075 3009 1132 3047 non
1148 2993 1294 3064 ignorare.
1314 2993 1376 3058 Quo
1396 2998 1516 3066 urgente
1533 2994 1611 3050 dedit

85 3082 284 3154 puinquaginta
307 3084 439 3139 homines
463 3091 558 3156 potest
581 3085 708 3156 recipere
763 3084 790 3138 ei
812 3083 1011 3156 unusquisque
1034 3086 1166 3137 nostrum
1193 3096 1246 3151 pro
1273 3097 1303 3134 se
1330 3097 1380 3135 xvu
1409 3082 1556 3149 denarios;
1582 3089 1611 3138 et

86 3184 153 3225 ecus
176 3187 245 3242 ergo
269 3172 304 3226 ad
328 3175 470 3228 orientem
497 3174 589 3244 ipsius
613 3173 708 3246 angeli
761 3172 829 3227 lecit
843 3171 927 3226 nobis
943 3170 1099 3226 litterasad
1116 3169 1275 3241 principem
1291 3168 1465 3241 Babyloniae.
1483 3170 1607 3225 Consue-

85 3261 181 3326 =m3ad
198 3261 348 3317 meridiem
365 3278 432 3316 vero
448 3269 491 3317 est
506 3262 605 3329 altare,
622 3280 709 3334 super
763 3262 833 3316 tudo
852 3265 994 3332 praeterea
1013 3260 1128 3314 illorum
1147 3257 1297 3312 hominum
1317 3257 1381 3312 talis
1403 3263 1454 3326 est,
1480 3263 1512 3312 ut
1532 3258 1611 3330 quod

85 3359 123 3397 rm
139 3344 259 3415 geritur,
276 3352 305 3400 et
317 3353 422 3418 prater
436 3348 464 3402 id
478 3348 591 3403 nullum
603 3365 708 3404 munus
727 3324 749 3379 B
763 3351 1035 3423 ponderariupotest
1058 3365 1117 3404 non
1140 3348 1223 3403 aliter
1244 3346 1400 3419 accipiatur
1418 3347 1473 3401 nisi
1488 3347 1518 3402 in
1534 3363 1612 3418 pon-

85 3437 220 3488 stantem
237 3440 301 3489 ante
320 3436 415 3507 ipsum
436 3436 527 3490 altare
548 3453 596 3490 vas
615 3438 708 3509 quod·
762 3439 840 3494 dere.
857 3438 937 3497 Unde
952 3437 1053 3493 accidit
1067 3442 1099 3491 nt
1113 3453 1140 3491 ιι
1155 3436 1230 3508 apud
1251 3452 1301 3490 nos
1316 3435 1401 3490 solidi
1417 3440 1445 3489 et
1459 3453 1485 3489 vv
1500 3435 1612 3490 denarii

85 3536 136 3586 rm,
159 3521 191 3575 in
219 3539 275 3594 quo
298 3524 453 3578 mittuntur
478 3524 607 3592 donaria,
633 3524 707 3597 quod
762 3527 868 3582 iaciant
893 3527 967 3599 apud
995 3526 1059 3581 illos
1088 3542 1119 3580 ιιι
1147 3525 1251 3579 solidos
1274 3529 1302 3579 et
1324 3541 1354 3579 ιιι
1377 3523 1521 3579 denarios.
1547 3524 1613 3578 llaec

85 3624 94 3663 s
118 3609 174 3664 alia
199 3610 285 3665 habet
308 3611 420 3678 altaria,
440 3616 522 3684 cnjus
545 3613 601 3667 loci
620 3614 709 3668 abbas
761 3616 930 3671 Alexandria
946 3615 1018 3670 mari
1033 3615 1155 3685 adjacet,
1175 3614 1207 3668 in
1231 3630 1289 3685 qua
1312 3613 1473 3684 praedicans
1497 3618 1613 3667 sanctus

85 3699 216 3770 lignatus,
239 3700 289 3771 qui
308 3701 406 3755 multis
425 3706 548 3772 praeerat
562 3700 706 3756 iratribus.
762 3704 872 3759 Marcus
888 3703 1082 3775 Evangelinm,
1098 3702 1188 3774 gessit
1203 3700 1367 3773 pontificale
1378 3700 1514 3755 officium.
1526 3702 1612 3755 Extra

85 3792 201 3841 sautem
218 3788 347 3858 Gargano
363 3790 511 3858 abeuntes,
525 3806 579 3862 per
592 3794 708 3844 centum
761 3791 843 3862 cujus
865 3793 979 3862 portam
1003 3789 1171 3847 orientalem
1191 3793 1234 3843 est
1254 3787 1460 3842 monasterinm
1481 3787 1612 3859 predicti

86 3874 222 3929 milliaria
239 3877 370 3931 venimus
384 3878 417 3931 ad
432 3878 574 3933 civitatem
595 3881 708 3934 barrem
762 3879 863 3947 sancti,
880 3879 909 3933 in
930 3894 987 3951 quo
1002 3881 1068 3933 snut
1084 3876 1220 3932 monachi
1234 3877 1309 3947 apud
1331 3875 1492 3944 ecclesiam,
1508 3875 1612 3947 inqua

101 3978 165 4033 quae
186 3963 295 4018 dudum
314 3965 415 4021 ditioni
434 3968 601 4038 subjacebat
620 3970 710 4024 Rene·
762 3969 843 4041 prius
858 3969 918 4040 ipse
935 3967 1085 4040 requievit.
1106 3966 1259 4020 Venientes
1276 3981 1342 4019 vero
1363 3965 1475 4019 Venetii
1495 3964 1610 4035 navigio

85 4049 150 4115 Quae
173 4051 281 4118 civitas,
307 4070 394 4123 supra
414 4070 493 4110 mara
513 4057 575 4123 sita,
597 4056 710 4110 duobus
762 4057 890 4111 tulerunt
904 4056 1003 4110 iurtim
1024 4070 1128 4127 corpus
1149 4072 1164 4108 a
1186 4053 1302 4109 custode
1326 4055 1399 4125 ejus,
1424 4058 1452 4106 et
1474 4053 1609 4122 deporta-

85 4139 231 4194 iatissimis
251 4142 341 4195 muris
361 4144 488 4210 munita3
514 4145 549 4199 ab
573 4145 709 4216 aquilone
761 4150 830 4199 runt
845 4144 880 4199 ad
901 4160 982 4198 snam
1004 4144 1139 4198 insulam.
1166 4143 1249 4197 Extra
1268 4146 1381 4214 portam
1404 4141 1610 4195 occidentalem

85 4228 193 4284 eminet
217 4230 356 4300 exposita.
384 4232 433 4287 iiic
459 4233 556 4304 itaque
579 4239 709 4304 petentes
763 4239 806 4287 est
825 4232 1033 4287 monasterium
1050 4231 1127 4303 quod
1141 4231 1245 4286 dicitur
1259 4231 1295 4285 ad
1315 4231 1431 4285 Sanctus
1445 4246 1489 4299 xv„
1507 4229 1537 4283 in
1553 4247 1610 4301 quo

87 4316 165 4370 itatis
184 4317 272 4384 iilius,
290 4319 407 4373 nomine
426 4319 594 4386 Suldanum,
617 4321 708 4390 impe·
763 4321 895 4375 similiter
919 4319 1053 4375 monachi
1074 4320 1192 4390 degunt.
1217 4319 1260 4373 Ab
1284 4319 1420 4390 aquilone
1444 4324 1487 4373 est
1512 4325 1612 4390 portus
1697 4350 1712 4367 ,

97 4405 208 4459 duabus
229 4407 357 4477 epistolis
381 4423 467 4463 omne
489 4409 644 4480 navigandi
660 4424 710 4462 ne·
764 4409 841 4465 itlius
857 4409 993 4477 civitatis3
1007 4425 1024 4462 a
1039 4408 1159 4463 meridie
1178 4406 1264 4462 habet
1282 4406 1435 4462 introitum
1453 4408 1533 4463 Geon
1554 4406 1612 4462 sive

85 4508 126 4546 sm
140 4497 235 4547 textus
251 4495 438 4564 epistolarum
453 4497 576 4569 principi
591 4497 712 4552 Alexan·
765 4498 856 4564 Nilus,
871 4497 1010 4570 quirigat
1030 4498 1195 4568 AEgyptum‚
1211 4499 1241 4552 et
1256 4496 1345 4551 currit
1360 4512 1414 4567 per
1429 4496 1553 4551 mediam
1569 4494 1613 4549 ci-

100 4587 129 4636 et
153 4582 322 4651 babyloniae,
349 4585 478 4639 notitiam
501 4588 596 4641 vuitus
620 4587 710 4642 nostri
729 4608 750 4662 C
765 4587 892 4654 vitatem,
907 4586 1019 4642 intrans
1030 4586 1061 4640 in
1075 4602 1154 4640 mare
1168 4585 1199 4640 in
1212 4584 1349 4657 praedicto
1364 4590 1461 4656 portu.

85 4670 218 4741 ponebat.
236 4671 270 4726 iii
287 4671 411 4743 denique
426 4675 571 4745 principes
586 4675 638 4730 sub
654 4675 710 4731 im·
800 4679 826 4729 7.
857 4674 888 4730 ln
916 4690 974 4746 quo
1003 4673 1141 4728 intrantes
1170 4672 1370 4745 navigavimus
1397 4674 1431 4728 ad
1461 4672 1611 4727 meridiem

85 4759 271 4827 narmomini,
295 4761 345 4831 qni
366 4761 490 4833 imperat
504 4764 637 4819 omnibus
659 4766 709 4822 Sa·
764 4763 866 4820 diebus
880 4780 918 4834 ιι,
933 4768 962 4817 et
975 4761 1106 4817 venimus
1119 4762 1154 4816 ad
1176 4761 1321 4817 civitatem
1341 4761 1539 4833 babyloniam,
1564 4761 1612 4815 ubi

85 4863 139 4902 ans
166 4849 196 4903 in
223 4848 336 4920 bagada
360 4854 388 4905 et
414 4851 524 4920 Amara,
550 4869 615 4925 quae
643 4860 711 4909 sunt
763 4852 896 4924 regnavit
914 4852 1007 4907 Pharo
1030 4866 1088 4916 rex,
1112 4850 1164 4905 snb
1187 4867 1245 4922 quo
1266 4850 1419 4906 aediiicavit
1439 4850 1544 4919 loseph
1566 4864 1610 4903 xvv

85 4951 141 4991 em·
763 4941 868 4996 horrea
879 4940 973 4995 adhuc
987 4938 1142 4994 manentia.
1157 4940 1232 4994 Dum
1247 4938 1387 4994 exivimus
1402 4943 1498 4992 autem
1512 4937 1542 4991 in
1560 4938 1611 4991 Bn-

97 5029 193 5078 antem
209 5025 244 5080 de
260 5026 356 5093 Rarre,
373 5028 583 5083 ambulavimus
597 5030 633 5084 ad
646 5045 709 5084 me·
762 5028 923 5101 byloniam,
945 5027 1076 5083 custodes
1097 5027 1186 5100 ipsius
1210 5027 1333 5083 civitatis
1357 5025 1537 5081 deduxerunt
1560 5041 1613 5080 nos

85 5111 162 5166 liaria
176 5130 265 5184 usque
281 5115 317 5168 ad
332 5121 448 5185 portum
463 5117 624 5172 Tarentinae
638 5119 709 5173 civi·
763 5116 799 5170 ad
813 5114 984 5186 principem,
1000 5113 1050 5187 qni
1064 5114 1213 5170 dicebatur
1226 5113 1430 5181 adelhacham,
1442 5113 1611 5178 saracenus,

85 5200 189 5256 inimus
206 5219 291 5258 naves
314 5221 373 5271 sex,
392 5204 422 5258 in
439 5205 544 5276 quibns
560 5209 643 5261 arant
657 5222 708 5261 no·
764 5204 814 5276 qni
832 5203 991 5259 sciscitatus
1010 5208 1053 5258 est
1074 5219 1091 5257 a
1115 5202 1199 5258 nohis
1219 5218 1304 5257 omne
1329 5200 1478 5273 negotium
1501 5199 1613 5256 itineris

84 5288 226 5360 ptivorum
245 5293 280 5346 de
301 5294 510 5349 Beneventanis
531 5294 707 5350 Christianis.
763 5292 865 5360 nostri,
880 5292 915 5348 de
937 5292 1042 5364 quibua
1061 5291 1167 5363 scripta
1188 5291 1327 5347 habemus
1345 5288 1535 5361 principibus.
1551 5290 1614 5355 era

85 5393 142 5449 npe
159 5379 279 5435 navibus
293 5398 358 5452 quae
379 5384 475 5453 primo
490 5382 621 5440 exierunt
634 5385 710 5440 tiri·
763 5381 799 5436 de
823 5395 907 5435 cansa
931 5378 1107 5437 ostendimus
1131 5379 1157 5434 ei
1183 5379 1291 5434 litteras
1313 5378 1348 5432 de
1370 5381 1452 5448 parte
1472 5376 1613 5450 principis
