<?xml version="1.0" encoding="UTF-8"?>
<!DOCTYPE html PUBLIC "-//W3C//DTD XHTML 1.0 Transitional//EN"
    "http://www.w3.org/TR/xhtml1/DTD/xhtml1-transitional.dtd">
<html xmlns="http://www.w3.org/1999/xhtml" xml:lang="en" lang="en">
 <head>
  <title>
</title>
<meta http-equiv="Content-Type" content="text/html;charset=utf-8" />
  <meta name='ocr-system' content='tesseract 3.04.00' />
  <meta name='ocr-capabilities' content='ocr_page ocr_carea ocr_par ocr_line ocrx_word'/>
</head>
<body>
  <div class='ocr_page' id='page_1' title='image "./patrologiaecurs04unkngoog_0183.png"; bbox 0 0 3930 6098; ppageno 0'>
   <div class='ocr_carea' id='block_1_1' title="bbox 141 269 192 322">
    <p class='ocr_par' dir='ltr' id='par_1_1' title="bbox 141 269 192 322">
     <span class='ocr_line' id='line_1_1' title="bbox 141 269 192 322; baseline -0.059 0"><span class='ocrx_word' id='word_1_1' title='bbox 141 269 192 322; x_wconf 80' lang='lat'><strong>³15</strong></span> 
     </span>
    </p>
   </div>
   <div class='ocr_carea' id='block_1_2' title="bbox 708 251 1324 315">
    <p class='ocr_par' dir='ltr' id='par_1_2' title="bbox 708 251 1324 315">
     <span class='ocr_line' id='line_1_2' title="bbox 708 251 1324 315; baseline -0.015 0"><span class='ocrx_word' id='word_1_2' title='bbox 708 258 892 315; x_wconf 74' lang='lat' dir='ltr'><strong>harbaum</strong></span> <span class='ocrx_word' id='word_1_3' title='bbox 914 251 1146 314; x_wconf 82' lang='lat' dir='ltr'><strong>CORDEIENSIS</strong></span> <span class='ocrx_word' id='word_1_4' title='bbox 1168 252 1324 314; x_wconf 74' lang='lat' dir='ltr'><strong>bonnarii</strong></span> 
     </span>
    </p>
   </div>
   <div class='ocr_carea' id='block_1_3' title="bbox 1839 258 1891 310">
    <p class='ocr_par' dir='ltr' id='par_1_3' title="bbox 1839 258 1891 310">
     <span class='ocr_line' id='line_1_3' title="bbox 1839 258 1891 310; baseline 0 0"><span class='ocrx_word' id='word_1_5' title='bbox 1839 258 1891 310; x_wconf 79' lang='lat' dir='ltr'><strong>‘dib</strong></span> 
     </span>
    </p>
   </div>
   <div class='ocr_carea' id='block_1_4' title="bbox 141 391 1891 463">
    <p class='ocr_par' dir='ltr' id='par_1_4' title="bbox 141 391 1891 463">
     <span class='ocr_line' id='line_1_4' title="bbox 141 391 1891 463; baseline -0.008 -5"><span class='ocrx_word' id='word_1_6' title='bbox 141 402 237 458; x_wconf 91' lang='lat' dir='ltr'><strong>silium</strong></span> <span class='ocrx_word' id='word_1_7' title='bbox 254 401 427 456; x_wconf 86' lang='lat' dir='ltr'><strong>inierantut</strong></span> <span class='ocrx_word' id='word_1_8' title='bbox 448 397 544 450; x_wconf 86' lang='lat' dir='ltr'><strong>tesam</strong></span> <span class='ocrx_word' id='word_1_9' title='bbox 569 395 635 449; x_wconf 91' lang='lat' dir='ltr'><strong>dolo</strong></span> <span class='ocrx_word' id='word_1_10' title='bbox 663 398 795 448; x_wconf 87' lang='lat' dir='ltr'><strong>tenerent</strong></span> <span class='ocrx_word' id='word_1_11' title='bbox 823 400 852 448; x_wconf 91' lang='lat' dir='ltr'><strong>et</strong></span> <span class='ocrx_word' id='word_1_12' title='bbox 876 393 987 448; x_wconf 91' lang='lat' dir='ltr'><strong>occide·</strong></span> <span class='ocrx_word' id='word_1_13' title='bbox 1009 391 1257 461; x_wconf 77' lang='lat' dir='ltr'><strong>arettgiosorurn,</strong></span> <span class='ocrx_word' id='word_1_14' title='bbox 1296 391 1374 445; x_wconf 89' lang='lat' dir='ltr'><strong>amni</strong></span> <span class='ocrx_word' id='word_1_15' title='bbox 1400 396 1530 462; x_wconf 87' lang='lat' dir='ltr'><strong>tempore</strong></span> <span class='ocrx_word' id='word_1_16' title='bbox 1559 395 1662 463; x_wconf 79' lang='lat' dir='ltr'><strong>preater</strong></span> <span class='ocrx_word' id='word_1_17' title='bbox 1699 391 1891 454; x_wconf 89' lang='lat' dir='ltr'><strong>Dominicam,</strong></span> 
     </span>
    </p>
   </div>
   <div class='ocr_carea' id='block_1_5' title="bbox 63 482 990 2944">
    <p class='ocr_par' dir='ltr' id='par_1_5' title="bbox 63 482 990 2944">
     <span class='ocr_line' id='line_1_5' title="bbox 141 482 989 554; baseline -0.015 -5"><span class='ocrx_word' id='word_1_18' title='bbox 141 497 215 548; x_wconf 87' lang='lat' dir='ltr'><strong>rent.</strong></span> <span class='ocrx_word' id='word_1_19' title='bbox 235 491 319 546; x_wconf 88' lang='lat' dir='ltr'><strong>Sexta</strong></span> <span class='ocrx_word' id='word_1_20' title='bbox 335 503 401 541; x_wconf 90' lang='lat' dir='ltr'><strong>vero</strong></span> <span class='ocrx_word' id='word_1_21' title='bbox 424 484 495 540; x_wconf 86' lang='lat' dir='ltr'><strong>teria</strong></span> <span class='ocrx_word' id='word_1_22' title='bbox 515 500 581 538; x_wconf 93' lang='lat' dir='ltr'><strong>eum</strong></span> <span class='ocrx_word' id='word_1_23' title='bbox 611 482 796 538; x_wconf 85' lang='lat' dir='ltr'><strong>crucifixere:</strong></span> <span class='ocrx_word' id='word_1_24' title='bbox 822 482 857 538; x_wconf 90' lang='lat' dir='ltr'><strong>dc</strong></span> <span class='ocrx_word' id='word_1_25' title='bbox 885 483 989 554; x_wconf 89' lang='lat' dir='ltr'><strong>quibus</strong></span> 
     </span>
     <span class='ocr_line' id='line_1_6' title="bbox 63 573 990 650; baseline -0.011 -15"><span class='ocrx_word' id='word_1_26' title='bbox 63 574 67 582; x_wconf 66' lang='grc'><em>“</em></span> <span class='ocrx_word' id='word_1_27' title='bbox 142 581 182 634; x_wconf 87' lang='lat' dir='ltr'><strong>sic</strong></span> <span class='ocrx_word' id='word_1_28' title='bbox 198 578 326 650; x_wconf 91' lang='lat' dir='ltr'><strong>loquitur</strong></span> <span class='ocrx_word' id='word_1_29' title='bbox 340 576 429 646; x_wconf 84' lang='lat' dir='ltr'><strong>(epist.</strong></span> <span class='ocrx_word' id='word_1_30' title='bbox 448 574 513 644; x_wconf 71' lang='lat' dir='ltr'><strong>8⁶l³</strong></span> <span class='ocrx_word' id='word_1_31' title='bbox 529 595 542 623; x_wconf 78' lang='lat' dir='ltr'><strong>a</strong></span> <span class='ocrx_word' id='word_1_32' title='bbox 559 573 616 628; x_wconf 87' lang='lat' dir='ltr'><strong>Cur</strong></span> <span class='ocrx_word' id='word_1_33' title='bbox 630 579 726 627; x_wconf 90' lang='lat' dir='ltr'><strong>autem</strong></span> <span class='ocrx_word' id='word_1_34' title='bbox 743 577 844 643; x_wconf 88' lang='lat' dir='ltr'><strong>quarta</strong></span> <span class='ocrx_word' id='word_1_35' title='bbox 872 576 990 626; x_wconf 88' lang='lat' dir='ltr'><strong>etsexta</strong></span> 
     </span>
     <span class='ocr_line' id='line_1_7' title="bbox 140 661 990 735; baseline -0.009 -12"><span class='ocrx_word' id='word_1_36' title='bbox 140 664 475 735; x_wconf 81' lang='lat' dir='ltr'><strong>leriamaximejejuuet</strong></span> <span class='ocrx_word' id='word_1_37' title='bbox 500 662 632 723; x_wconf 85' lang='lat' dir='ltr'><strong>Ecclesia,</strong></span> <span class='ocrx_word' id='word_1_38' title='bbox 662 662 712 716; x_wconf 89' lang='lat' dir='ltr'><strong>illa</strong></span> <span class='ocrx_word' id='word_1_39' title='bbox 740 667 810 716; x_wconf 85' lang='lat' dir='ltr'><strong>ratio</strong></span> <span class='ocrx_word' id='word_1_40' title='bbox 840 661 922 716; x_wconf 84' lang='lat' dir='ltr'>reddi</span> <span class='ocrx_word' id='word_1_41' title='bbox 951 661 990 715; x_wconf 88' lang='lat' dir='ltr'><strong>vi·</strong></span> 
     </span>
     <span class='ocr_line' id='line_1_8' title="bbox 141 749 990 824; baseline -0.008 -14"><span class='ocrx_word' id='word_1_42' title='bbox 141 758 241 821; x_wconf 92' lang='lat' dir='ltr'><strong>dctur;</strong></span> <span class='ocrx_word' id='word_1_43' title='bbox 254 754 331 824; x_wconf 90' lang='lat' dir='ltr'><strong>quad</strong></span> <span class='ocrx_word' id='word_1_44' title='bbox 347 751 527 807; x_wconf 89' lang='lat' dir='ltr'><strong>considerato</strong></span> <span class='ocrx_word' id='word_1_45' title='bbox 544 749 696 819; x_wconf 83' lang='lat' dir='ltr'><strong>Evangelio</strong></span> <span class='ocrx_word' id='word_1_46' title='bbox 715 749 776 820; x_wconf 86' lang='lat' dir='ltr'><strong>ipsa</strong></span> <span class='ocrx_word' id='word_1_47' title='bbox 796 755 897 820; x_wconf 88' lang='lat' dir='ltr'><strong>quarta</strong></span> <span class='ocrx_word' id='word_1_48' title='bbox 916 749 990 804; x_wconf 91' lang='lat' dir='ltr'><strong>Sab-</strong></span> 
     </span>
     <span class='ocr_line' id='line_1_9' title="bbox 139 838 989 915; baseline -0.006 -18"><span class='ocrx_word' id='word_1_49' title='bbox 139 842 209 908; x_wconf 89' lang='lat' dir='ltr'><strong>bati,</strong></span> <span class='ocrx_word' id='word_1_50' title='bbox 236 859 324 915; x_wconf 89' lang='lat' dir='ltr'><strong>quam</strong></span> <span class='ocrx_word' id='word_1_51' title='bbox 349 843 435 912; x_wconf 88' lang='lat' dir='ltr'><strong>vulgo</strong></span> <span class='ocrx_word' id='word_1_52' title='bbox 462 843 593 912; x_wconf 76' lang='lat' dir='ltr'>quartam</span> <span class='ocrx_word' id='word_1_53' title='bbox 624 839 726 894; x_wconf 84' lang='lat' dir='ltr'><strong>leriam</strong></span> <span class='ocrx_word' id='word_1_54' title='bbox 753 845 865 905; x_wconf 83' lang='lat' dir='ltr'><strong>vocant,</strong></span> <span class='ocrx_word' id='word_1_55' title='bbox 893 838 989 893; x_wconf 89' lang='lat' dir='ltr'><strong>conci-</strong></span> 
     </span>
     <span class='ocr_line' id='line_1_10' title="bbox 140 927 990 1002; baseline -0.008 -15"><span class='ocrx_word' id='word_1_56' title='bbox 140 933 211 987; x_wconf 91' lang='lat' dir='ltr'><strong>lium</strong></span> <span class='ocrx_word' id='word_1_57' title='bbox 228 931 412 1002; x_wconf 87' lang='lat' dir='ltr'><strong>reperiantur</strong></span> <span class='ocrx_word' id='word_1_58' title='bbox 437 930 472 983; x_wconf 91' lang='lat' dir='ltr'><strong>ad</strong></span> <span class='ocrx_word' id='word_1_59' title='bbox 490 929 677 983; x_wconf 90' lang='lat' dir='ltr'><strong>occidendum</strong></span> <span class='ocrx_word' id='word_1_60' title='bbox 708 928 861 983; x_wconf 86' lang='lat' dir='ltr'><strong>Dominum</strong></span> <span class='ocrx_word' id='word_1_61' title='bbox 890 927 990 982; x_wconf 83' lang='lat' dir='ltr'><strong>iecisse</strong></span> 
     </span>
     <span class='ocr_line' id='line_1_11' title="bbox 138 1016 990 1088; baseline -0.008 -11"><span class='ocrx_word' id='word_1_62' title='bbox 138 1022 240 1077; x_wconf 77' lang='lat' dir='ltr'><strong>ludaei.</strong></span> <span class='ocrx_word' id='word_1_63' title='bbox 269 1019 435 1076; x_wconf 86' lang='lat' dir='ltr'><strong>intermisso</strong></span> <span class='ocrx_word' id='word_1_64' title='bbox 463 1023 560 1072; x_wconf 91' lang='lat' dir='ltr'><strong>autem</strong></span> <span class='ocrx_word' id='word_1_65' title='bbox 589 1033 648 1071; x_wconf 89' lang='lat' dir='ltr'><strong>urm</strong></span> <span class='ocrx_word' id='word_1_66' title='bbox 678 1016 735 1083; x_wconf 90' lang='lat' dir='ltr'><strong>die,</strong></span> <span class='ocrx_word' id='word_1_67' title='bbox 762 1017 845 1087; x_wconf 86' lang='lat' dir='ltr'><strong>cujus</strong></span> <span class='ocrx_word' id='word_1_68' title='bbox 872 1033 990 1088; x_wconf 85' lang='lat' dir='ltr'><strong>vespera</strong></span> 
     </span>
     <span class='ocr_line' id='line_1_12' title="bbox 142 1106 990 1176; baseline -0.006 -11"><span class='ocrx_word' id='word_1_69' title='bbox 142 1111 281 1165; x_wconf 81' lang='lat' dir='ltr'><strong>Dominus</strong></span> <span class='ocrx_word' id='word_1_70' title='bbox 304 1109 413 1162; x_wconf 81' lang='lat' dir='ltr'><strong>Pascha</strong></span> <span class='ocrx_word' id='word_1_71' title='bbox 440 1123 505 1162; x_wconf 91' lang='lat' dir='ltr'><strong>cum</strong></span> <span class='ocrx_word' id='word_1_72' title='bbox 532 1106 679 1176; x_wconf 79' lang='lat' dir='ltr'>discipulis</span> <span class='ocrx_word' id='word_1_73' title='bbox 713 1106 905 1169; x_wconf 84' lang='lat' dir='ltr'><strong>manducavit,</strong></span> <span class='ocrx_word' id='word_1_74' title='bbox 940 1106 990 1176; x_wconf 90' lang='lat' dir='ltr'><strong>qui</strong></span> 
     </span>
     <span class='ocr_line' id='line_1_13' title="bbox 140 1193 987 1268; baseline -0.007 -15"><span class='ocrx_word' id='word_1_75' title='bbox 140 1198 207 1253; x_wconf 87' lang='lat' dir='ltr'><strong>linis</strong></span> <span class='ocrx_word' id='word_1_76' title='bbox 223 1198 277 1252; x_wconf 87' lang='lat' dir='ltr'><strong>luit</strong></span> <span class='ocrx_word' id='word_1_77' title='bbox 291 1196 353 1268; x_wconf 85' lang='lat' dir='ltr'><strong>ejus</strong></span> <span class='ocrx_word' id='word_1_78' title='bbox 363 1196 430 1261; x_wconf 91' lang='lat' dir='ltr'><strong>diei,</strong></span> <span class='ocrx_word' id='word_1_79' title='bbox 446 1211 534 1267; x_wconf 91' lang='lat' dir='ltr'><strong>quem</strong></span> <span class='ocrx_word' id='word_1_80' title='bbox 546 1211 682 1249; x_wconf 87' lang='lat' dir='ltr'><strong>vocamus</strong></span> <span class='ocrx_word' id='word_1_81' title='bbox 698 1194 828 1266; x_wconf 75' lang='lat' dir='ltr'><strong>quintam</strong></span> <span class='ocrx_word' id='word_1_82' title='bbox 853 1193 987 1249; x_wconf 90' lang='lat' dir='ltr'><strong>Sabbati:</strong></span> 
     </span>
     <span class='ocr_line' id='line_1_14' title="bbox 139 1284 989 1355; baseline -0.006 -14"><span class='ocrx_word' id='word_1_83' title='bbox 139 1285 378 1341; x_wconf 88' lang='lat' dir='ltr'><strong>deindetraditus</strong></span> <span class='ocrx_word' id='word_1_84' title='bbox 397 1289 440 1339; x_wconf 89' lang='lat' dir='ltr'><strong>est</strong></span> <span class='ocrx_word' id='word_1_85' title='bbox 468 1301 501 1338; x_wconf 86' lang='lat' dir='ltr'><strong>aa</strong></span> <span class='ocrx_word' id='word_1_86' title='bbox 526 1288 609 1338; x_wconf 90' lang='lat' dir='ltr'><strong>nocte</strong></span> <span class='ocrx_word' id='word_1_87' title='bbox 637 1299 701 1355; x_wconf 74' lang='lat' dir='ltr'><strong>quas</strong></span> <span class='ocrx_word' id='word_1_88' title='bbox 727 1284 786 1354; x_wconf 88' lang='lat' dir='ltr'><strong>jam</strong></span> <span class='ocrx_word' id='word_1_89' title='bbox 816 1284 851 1338; x_wconf 89' lang='lat' dir='ltr'><strong>ad</strong></span> <span class='ocrx_word' id='word_1_90' title='bbox 882 1289 989 1337; x_wconf 79' lang='lat' dir='ltr'><strong>sextam</strong></span> 
     </span>
     <span class='ocr_line' id='line_1_15' title="bbox 139 1371 988 1445; baseline -0.006 -15"><span class='ocrx_word' id='word_1_91' title='bbox 139 1373 264 1440; x_wconf 89' lang='lat' dir='ltr'><strong>Sabbati,</strong></span> <span class='ocrx_word' id='word_1_92' title='bbox 294 1373 344 1445; x_wconf 89' lang='lat' dir='ltr'><strong>qui</strong></span> <span class='ocrx_word' id='word_1_93' title='bbox 382 1373 442 1437; x_wconf 87' lang='lat' dir='ltr'><strong>dies</strong></span> <span class='ocrx_word' id='word_1_94' title='bbox 471 1372 609 1445; x_wconf 79' lang='lat' dir='ltr'>passionis</span> <span class='ocrx_word' id='word_1_95' title='bbox 638 1373 700 1441; x_wconf 86' lang='lat' dir='ltr'><strong>ejus</strong></span> <span class='ocrx_word' id='word_1_96' title='bbox 729 1371 896 1426; x_wconf 79' lang='lat' dir='ltr'><strong>manifestus</strong></span> <span class='ocrx_word' id='word_1_97' title='bbox 936 1375 988 1438; x_wconf 88' lang='lat' dir='ltr'><strong>est,</strong></span> 
     </span>
     <span class='ocr_line' id='line_1_16' title="bbox 140 1460 988 1534; baseline -0.004 -18"><span class='ocrx_word' id='word_1_98' title='bbox 140 1463 312 1534; x_wconf 74' lang='lat' dir='ltr'><strong>pertinebat.</strong></span> <span class='ocrx_word' id='word_1_99' title='bbox 326 1462 376 1518; x_wconf 93' lang='lat' dir='ltr'><strong>llic</strong></span> <span class='ocrx_word' id='word_1_100' title='bbox 403 1463 463 1516; x_wconf 91' lang='lat' dir='ltr'><strong>dies</strong></span> <span class='ocrx_word' id='word_1_101' title='bbox 481 1461 592 1532; x_wconf 86' lang='lat' dir='ltr'><strong>primus</strong></span> <span class='ocrx_word' id='word_1_102' title='bbox 617 1476 782 1531; x_wconf 81' lang='lat' dir='ltr'><strong>azymorum</strong></span> <span class='ocrx_word' id='word_1_103' title='bbox 802 1460 899 1526; x_wconf 86' lang='lat' dir='ltr'><strong>luil,a</strong></span> <span class='ocrx_word' id='word_1_104' title='bbox 924 1476 988 1514; x_wconf 89' lang='lat' dir='ltr'><strong>ves·</strong></span> 
     </span>
     <span class='ocr_line' id='line_1_17' title="bbox 139 1547 989 1621; baseline -0.006 -16"><span class='ocrx_word' id='word_1_105' title='bbox 139 1567 208 1620; x_wconf 90' lang='lat' dir='ltr'><strong>pera</strong></span> <span class='ocrx_word' id='word_1_106' title='bbox 228 1551 378 1621; x_wconf 91' lang='lat' dir='ltr'><strong>incipiens.</strong></span> <span class='ocrx_word' id='word_1_107' title='bbox 413 1550 468 1606; x_wconf 86' lang='lat' dir='ltr'><strong>Sed</strong></span> <span class='ocrx_word' id='word_1_108' title='bbox 489 1549 637 1604; x_wconf 84' lang='lat' dir='ltr'><strong>Matthaeus</strong></span> <span class='ocrx_word' id='word_1_109' title='bbox 660 1548 835 1619; x_wconf 83' lang='lat' dir='ltr'><strong>evangelista</strong></span> <span class='ocrx_word' id='word_1_110' title='bbox 857 1547 989 1619; x_wconf 91' lang='lat' dir='ltr'><strong>quintam</strong></span> 
     </span>
     <span class='ocr_line' id='line_1_18' title="bbox 139 1637 989 1709; baseline -0.006 -15"><span class='ocrx_word' id='word_1_111' title='bbox 139 1638 338 1694; x_wconf 90' lang='lat' dir='ltr'><strong>Sabbatidicit</strong></span> <span class='ocrx_word' id='word_1_112' title='bbox 357 1639 444 1693; x_wconf 84' lang='lat' dir='ltr'><strong>luisse</strong></span> <span class='ocrx_word' id='word_1_113' title='bbox 469 1639 595 1709; x_wconf 90' lang='lat' dir='ltr'><strong>primum</strong></span> <span class='ocrx_word' id='word_1_114' title='bbox 621 1637 698 1692; x_wconf 92' lang='lat' dir='ltr'><strong>diem</strong></span> <span class='ocrx_word' id='word_1_115' title='bbox 730 1652 905 1707; x_wconf 76' lang='lat' dir='ltr'><strong>azymorum,</strong></span> <span class='ocrx_word' id='word_1_116' title='bbox 933 1652 989 1707; x_wconf 89' lang='lat' dir='ltr'><strong>qua</strong></span> 
     </span>
     <span class='ocr_line' id='line_1_19' title="bbox 139 1727 988 1797; baseline -0.001 -17"><span class='ocrx_word' id='word_1_117' title='bbox 139 1727 201 1796; x_wconf 87' lang='lat' dir='ltr'><strong>ejus</strong></span> <span class='ocrx_word' id='word_1_118' title='bbox 229 1743 347 1797; x_wconf 88' lang='lat' dir='ltr'><strong>vespera</strong></span> <span class='ocrx_word' id='word_1_119' title='bbox 370 1732 574 1797; x_wconf 87' lang='lat' dir='ltr'><strong>consequente,</strong></span> <span class='ocrx_word' id='word_1_120' title='bbox 604 1727 701 1780; x_wconf 89' lang='lat' dir='ltr'><strong>lutura</strong></span> <span class='ocrx_word' id='word_1_121' title='bbox 727 1730 789 1779; x_wconf 89' lang='lat' dir='ltr'><strong>erat</strong></span> <span class='ocrx_word' id='word_1_122' title='bbox 814 1742 895 1780; x_wconf 80' lang='lat' dir='ltr'><strong>caena</strong></span> <span class='ocrx_word' id='word_1_123' title='bbox 922 1727 988 1779; x_wconf 87' lang='lat' dir='ltr'><strong>Pas·</strong></span> 
     </span>
     <span class='ocr_line' id='line_1_20' title="bbox 139 1813 988 1885; baseline -0.001 -16"><span class='ocrx_word' id='word_1_124' title='bbox 139 1814 250 1869; x_wconf 88' lang='lat' dir='ltr'><strong>cbalis:</strong></span> <span class='ocrx_word' id='word_1_125' title='bbox 269 1830 326 1885; x_wconf 89' lang='lat' dir='ltr'><strong>qua</strong></span> <span class='ocrx_word' id='word_1_126' title='bbox 344 1831 426 1869; x_wconf 83' lang='lat' dir='ltr'><strong>emita</strong></span> <span class='ocrx_word' id='word_1_127' title='bbox 447 1830 583 1885; x_wconf 87' lang='lat' dir='ltr'><strong>azymum</strong></span> <span class='ocrx_word' id='word_1_128' title='bbox 613 1813 769 1884; x_wconf 76' lang='lat' dir='ltr'><strong>incipiebat</strong></span> <span class='ocrx_word' id='word_1_129' title='bbox 795 1817 823 1867; x_wconf 91' lang='lat' dir='ltr'><strong>el</strong></span> <span class='ocrx_word' id='word_1_130' title='bbox 850 1814 910 1867; x_wconf 91' lang='lat' dir='ltr'><strong>ovis</strong></span> <span class='ocrx_word' id='word_1_131' title='bbox 936 1814 988 1868; x_wconf 91' lang='lat' dir='ltr'><strong>im·</strong></span> 
     </span>
     <span class='ocr_line' id='line_1_21' title="bbox 137 1901 987 1976; baseline -0.001 -19"><span class='ocrx_word' id='word_1_132' title='bbox 137 1903 256 1957; x_wconf 91' lang='lat' dir='ltr'><strong>molatio</strong></span> <span class='ocrx_word' id='word_1_133' title='bbox 274 1903 464 1958; x_wconf 87' lang='lat' dir='ltr'><strong>manducari:</strong></span> <span class='ocrx_word' id='word_1_134' title='bbox 483 1919 515 1956; x_wconf 90' lang='lat' dir='ltr'><strong>ex</strong></span> <span class='ocrx_word' id='word_1_135' title='bbox 532 1920 589 1974; x_wconf 92' lang='lat' dir='ltr'><strong>quo</strong></span> <span class='ocrx_word' id='word_1_136' title='bbox 604 1902 749 1976; x_wconf 84' lang='lat' dir='ltr'><strong>colligitur</strong></span> <span class='ocrx_word' id='word_1_137' title='bbox 764 1907 895 1973; x_wconf 89' lang='lat' dir='ltr'><strong>quartam</strong></span> <span class='ocrx_word' id='word_1_138' title='bbox 918 1901 987 1958; x_wconf 89' lang='lat' dir='ltr'><strong>Sah-</strong></span> 
     </span>
     <span class='ocr_line' id='line_1_22' title="bbox 137 1990 989 2061; baseline 0.001 -17"><span class='ocrx_word' id='word_1_139' title='bbox 137 1990 300 2045; x_wconf 86' lang='lat' dir='ltr'><strong>batiinisse</strong></span> <span class='ocrx_word' id='word_1_140' title='bbox 327 1991 443 2061; x_wconf 86' lang='lat' dir='ltr'><strong>quando</strong></span> <span class='ocrx_word' id='word_1_141' title='bbox 473 1992 513 2045; x_wconf 90' lang='lat' dir='ltr'><strong>ait</strong></span> <span class='ocrx_word' id='word_1_142' title='bbox 539 1991 677 2045; x_wconf 84' lang='lat' dir='ltr'><strong>Dominus</strong></span> <span class='ocrx_word' id='word_1_143' title='bbox 697 1991 807 2060; x_wconf 73' lang='grc'>(11101111.</span> <span class='ocrx_word' id='word_1_144' title='bbox 828 2007 902 2056; x_wconf 85' lang='lat' dir='ltr'><strong>xxvi,</strong></span> <span class='ocrx_word' id='word_1_145' title='bbox 932 1994 989 2045; x_wconf 75' lang='lat' dir='ltr'><strong>‘let</strong></span> 
     </span>
     <span class='ocr_line' id='line_1_23' title="bbox 138 2079 988 2147; baseline 0 -13"><span class='ocrx_word' id='word_1_146' title='bbox 138 2079 232 2145; x_wconf 60' lang='lat' dir='ltr'><strong>sedi:</strong></span> <span class='ocrx_word' id='word_1_147' title='bbox 258 2081 343 2134; x_wconf 83' lang='lat' dir='ltr'><strong>Scitis</strong></span> <span class='ocrx_word' id='word_1_148' title='bbox 364 2081 503 2147; x_wconf 81' lang='lat' dir='ltr'><strong>qaiapast</strong></span> <span class='ocrx_word' id='word_1_149' title='bbox 524 2079 636 2134; x_wconf 83' lang='lat' dir='ltr'><strong>biduum</strong></span> <span class='ocrx_word' id='word_1_150' title='bbox 649 2080 754 2134; x_wconf 80' lang='lat' dir='ltr'><strong>Pascha</strong></span> <span class='ocrx_word' id='word_1_151' title='bbox 772 2081 830 2147; x_wconf 79' lang='lat' dir='ltr'><strong>fiat,</strong></span> <span class='ocrx_word' id='word_1_152' title='bbox 852 2085 878 2134; x_wconf 87' lang='lat' dir='ltr'><strong>et</strong></span> <span class='ocrx_word' id='word_1_153' title='bbox 898 2080 988 2134; x_wconf 81' lang='lat' dir='ltr'><strong>Filius</strong></span> 
     </span>
     <span class='ocr_line' id='line_1_24' title="bbox 139 2168 988 2238; baseline 0 -17"><span class='ocrx_word' id='word_1_154' title='bbox 139 2169 254 2221; x_wconf 82' lang='lat' dir='ltr'><strong>bominis</strong></span> <span class='ocrx_word' id='word_1_155' title='bbox 271 2168 439 2221; x_wconf 86' lang='lat' dir='ltr'><strong>tradctarat</strong></span> <span class='ocrx_word' id='word_1_156' title='bbox 467 2171 652 2237; x_wconf 72' lang='lat' dir='ltr'><strong>crucifigatur.</strong></span> <span class='ocrx_word' id='word_1_157' title='bbox 682 2171 721 2222; x_wconf 82' lang='lat' dir='ltr'><strong>Ac</strong></span> <span class='ocrx_word' id='word_1_158' title='bbox 748 2185 799 2238; x_wconf 87' lang='lat' dir='ltr'><strong>per</strong></span> <span class='ocrx_word' id='word_1_159' title='bbox 825 2169 887 2235; x_wconf 91' lang='lat' dir='ltr'><strong>boc,</strong></span> <span class='ocrx_word' id='word_1_160' title='bbox 916 2169 988 2238; x_wconf 86' lang='lat' dir='ltr'><strong>jeju·</strong></span> 
     </span>
     <span class='ocr_line' id='line_1_25' title="bbox 140 2253 988 2328; baseline 0.004 -21"><span class='ocrx_word' id='word_1_161' title='bbox 140 2253 188 2308; x_wconf 93' lang='lat' dir='ltr'><strong>nio</strong></span> <span class='ocrx_word' id='word_1_162' title='bbox 203 2255 263 2308; x_wconf 91' lang='lat' dir='ltr'><strong>dies</strong></span> <span class='ocrx_word' id='word_1_163' title='bbox 287 2255 348 2325; x_wconf 87' lang='lat' dir='ltr'><strong>ipse</strong></span> <span class='ocrx_word' id='word_1_164' title='bbox 367 2256 520 2324; x_wconf 88' lang='lat' dir='ltr'><strong>deputatus</strong></span> <span class='ocrx_word' id='word_1_165' title='bbox 539 2262 602 2311; x_wconf 90' lang='lat' dir='ltr'><strong>est:</strong></span> <span class='ocrx_word' id='word_1_166' title='bbox 624 2258 691 2328; x_wconf 91' lang='lat' dir='ltr'><strong>quia</strong></span> <span class='ocrx_word' id='word_1_167' title='bbox 719 2258 792 2312; x_wconf 90' lang='lat' dir='ltr'><strong>sicut</strong></span> <span class='ocrx_word' id='word_1_168' title='bbox 812 2257 988 2327; x_wconf 88' lang='lat' dir='ltr'><strong>evangelista</strong></span> 
     </span>
     <span class='ocr_line' id='line_1_26' title="bbox 139 2342 987 2416; baseline 0.006 -21"><span class='ocrx_word' id='word_1_169' title='bbox 139 2342 270 2414; x_wconf 87' lang='lat' dir='ltr'><strong>sequitur</strong></span> <span class='ocrx_word' id='word_1_170' title='bbox 300 2349 328 2397; x_wconf 89' lang='lat' dir='ltr'><strong>et</strong></span> <span class='ocrx_word' id='word_1_171' title='bbox 356 2344 448 2399; x_wconf 90' lang='lat' dir='ltr'><strong>dicit:</strong></span> <span class='ocrx_word' id='word_1_172' title='bbox 482 2345 556 2400; x_wconf 84' lang='lat' dir='ltr'><strong>Tana</strong></span> <span class='ocrx_word' id='word_1_173' title='bbox 583 2350 739 2415; x_wconf 81' lang='lat' dir='ltr'><strong>aonprepati</strong></span> <span class='ocrx_word' id='word_1_174' title='bbox 761 2352 824 2401; x_wconf 80' lang='lat' dir='ltr'><strong>sarit</strong></span> <span class='ocrx_word' id='word_1_175' title='bbox 849 2347 987 2416; x_wconf 80' lang='lat' dir='ltr'><strong>prtrrcipes</strong></span> 
     </span>
     <span class='ocr_line' id='line_1_27' title="bbox 139 2431 988 2503; baseline 0.005 -17"><span class='ocrx_word' id='word_1_176' title='bbox 139 2431 309 2486; x_wconf 81' lang='lat' dir='ltr'><strong>sacerdotnm</strong></span> <span class='ocrx_word' id='word_1_177' title='bbox 336 2436 362 2485; x_wconf 89' lang='lat' dir='ltr'><strong>et</strong></span> <span class='ocrx_word' id='word_1_178' title='bbox 388 2435 505 2488; x_wconf 84' lang='lat' dir='ltr'><strong>seniores</strong></span> <span class='ocrx_word' id='word_1_179' title='bbox 533 2437 628 2502; x_wconf 83' lang='lat' dir='ltr'><strong>papati</strong></span> <span class='ocrx_word' id='word_1_180' title='bbox 655 2437 685 2489; x_wconf 88' lang='lat' dir='ltr'><strong>in</strong></span> <span class='ocrx_word' id='word_1_181' title='bbox 719 2438 821 2490; x_wconf 79' lang='lat' dir='ltr'><strong>atr-tam</strong></span> <span class='ocrx_word' id='word_1_182' title='bbox 850 2433 988 2503; x_wconf 83' lang='lat' dir='ltr'><strong>principis</strong></span> 
     </span>
     <span class='ocr_line' id='line_1_28' title="bbox 139 2518 986 2590; baseline 0.005 -18"><span class='ocrx_word' id='word_1_183' title='bbox 139 2518 318 2584; x_wconf 86' lang='lat' dir='ltr'><strong>sacerdotem,</strong></span> <span class='ocrx_word' id='word_1_184' title='bbox 334 2521 387 2588; x_wconf 82' lang='lat' dir='ltr'><strong>qai</strong></span> <span class='ocrx_word' id='word_1_185' title='bbox 400 2519 542 2573; x_wconf 81' lang='lat' dir='ltr'><strong>dicebatur</strong></span> <span class='ocrx_word' id='word_1_186' title='bbox 555 2522 685 2590; x_wconf 79' lang='lat' dir='ltr'><strong>caiphas,</strong></span> <span class='ocrx_word' id='word_1_187' title='bbox 708 2527 734 2576; x_wconf 89' lang='lat' dir='ltr'><strong>el</strong></span> <span class='ocrx_word' id='word_1_188' title='bbox 756 2523 898 2576; x_wconf 83' lang='lat' dir='ltr'><strong>conciliem</strong></span> <span class='ocrx_word' id='word_1_189' title='bbox 914 2525 986 2589; x_wconf 78' lang='lat' dir='ltr'><strong>sece-</strong></span> 
     </span>
     <span class='ocr_line' id='line_1_29' title="bbox 138 2608 987 2666; baseline 0.007 -7"><span class='ocrx_word' id='word_1_190' title='bbox 138 2611 204 2660; x_wconf 83' lang='lat' dir='ltr'><strong>rtml</strong></span> <span class='ocrx_word' id='word_1_191' title='bbox 227 2612 257 2661; x_wconf 85' lang='lat' dir='ltr'><strong>ut</strong></span> <span class='ocrx_word' id='word_1_192' title='bbox 282 2608 379 2661; x_wconf 81' lang='lat' dir='ltr'><strong>Jcsam</strong></span> <span class='ocrx_word' id='word_1_193' title='bbox 410 2608 470 2662; x_wconf 86' lang='lat' dir='ltr'><strong>dato</strong></span> <span class='ocrx_word' id='word_1_194' title='bbox 497 2614 616 2664; x_wconf 83' lang='lat' dir='ltr'><strong>tenerent</strong></span> <span class='ocrx_word' id='word_1_195' title='bbox 643 2617 669 2665; x_wconf 85' lang='lat' dir='ltr'><strong>et</strong></span> <span class='ocrx_word' id='word_1_196' title='bbox 704 2611 862 2665; x_wconf 85' lang='lat' dir='ltr'><strong>acciderent.</strong></span> <span class='ocrx_word' id='word_1_197' title='bbox 892 2613 987 2666; x_wconf 90' lang='lat' dir='ltr'><strong>lnlcr-</strong></span> 
     </span>
     <span class='ocr_line' id='line_1_30' title="bbox 140 2694 985 2768; baseline 0.007 -21"><span class='ocrx_word' id='word_1_198' title='bbox 140 2694 227 2748; x_wconf 87' lang='lat' dir='ltr'><strong>misso</strong></span> <span class='ocrx_word' id='word_1_199' title='bbox 251 2700 347 2749; x_wconf 90' lang='lat' dir='ltr'><strong>autern</strong></span> <span class='ocrx_word' id='word_1_200' title='bbox 378 2712 434 2749; x_wconf 91' lang='lat' dir='ltr'><strong>uno</strong></span> <span class='ocrx_word' id='word_1_201' title='bbox 462 2697 508 2751; x_wconf 92' lang='lat' dir='ltr'><strong>die</strong></span> <span class='ocrx_word' id='word_1_202' title='bbox 537 2698 571 2752; x_wconf 90' lang='lat' dir='ltr'><strong>de</strong></span> <span class='ocrx_word' id='word_1_203' title='bbox 595 2714 651 2768; x_wconf 90' lang='lat' dir='ltr'><strong>quo</strong></span> <span class='ocrx_word' id='word_1_204' title='bbox 679 2698 748 2753; x_wconf 88' lang='lat' dir='ltr'><strong>dicit</strong></span> <span class='ocrx_word' id='word_1_205' title='bbox 774 2699 985 2768; x_wconf 85' lang='lat' dir='ltr'><strong>Evangelium:</strong></span> 
     </span>
     <span class='ocr_line' id='line_1_31' title="bbox 140 2785 986 2855; baseline 0.001 -16"><span class='ocrx_word' id='word_1_206' title='bbox 140 2785 232 2839; x_wconf 84' lang='lat' dir='ltr'><strong>Prima</strong></span> <span class='ocrx_word' id='word_1_207' title='bbox 246 2789 334 2838; x_wconf 88' lang='lat' dir='ltr'><strong>cutem</strong></span> <span class='ocrx_word' id='word_1_208' title='bbox 356 2800 513 2851; x_wconf 78' lang='lat' dir='ltr'><strong>azymorum</strong></span> <span class='ocrx_word' id='word_1_209' title='bbox 540 2792 707 2841; x_wconf 85' lang='lat' dir='ltr'><strong>accesserant</strong></span> <span class='ocrx_word' id='word_1_210' title='bbox 730 2787 861 2855; x_wconf 84' lang='lat' dir='ltr'><strong>discipali</strong></span> <span class='ocrx_word' id='word_1_211' title='bbox 883 2787 986 2842; x_wconf 74' lang='grc'>01110-</span> 
     </span>
     <span class='ocr_line' id='line_1_32' title="bbox 139 2872 987 2944; baseline 0.006 -19"><span class='ocrx_word' id='word_1_212' title='bbox 139 2886 198 2926; x_wconf 87' lang='lat' dir='ltr'><strong>sam</strong></span> <span class='ocrx_word' id='word_1_213' title='bbox 211 2872 350 2928; x_wconf 83' lang='lat' dir='ltr'><strong>dicentes:</strong></span> <span class='ocrx_word' id='word_1_214' title='bbox 370 2875 420 2929; x_wconf 83' lang='lat' dir='ltr'><strong>Ubi</strong></span> <span class='ocrx_word' id='word_1_215' title='bbox 435 2876 474 2927; x_wconf 84' lang='lat' dir='ltr'><strong>ais</strong></span> <span class='ocrx_word' id='word_1_216' title='bbox 494 2890 621 2944; x_wconf 84' lang='lat' dir='ltr'><strong>paremus</strong></span> <span class='ocrx_word' id='word_1_217' title='bbox 647 2876 699 2929; x_wconf 82' lang='lat' dir='ltr'><strong>tibi</strong></span> <span class='ocrx_word' id='word_1_218' title='bbox 716 2875 851 2930; x_wconf 83' lang='lat' dir='ltr'><strong>comedere</strong></span> <span class='ocrx_word' id='word_1_219' title='bbox 883 2878 987 2932; x_wconf 81' lang='lat' dir='ltr'><strong>Pascha</strong></span> 
     </span>
    </p>
   </div>
   <div class='ocr_carea' id='block_1_6' title="bbox 1039 477 1918 2949">
    <p class='ocr_par' dir='ltr' id='par_1_6' title="bbox 1043 477 1894 1081">
     <span class='ocr_line' id='line_1_33' title="bbox 1044 477 1893 550; baseline -0.002 -16"><span class='ocrx_word' id='word_1_220' title='bbox 1044 480 1271 549; x_wconf 82' lang='lat' dir='ltr'><strong>festosqaedies,</strong></span> <span class='ocrx_word' id='word_1_221' title='bbox 1291 477 1434 550; x_wconf 80' lang='lat' dir='ltr'><strong>jejunare,</strong></span> <span class='ocrx_word' id='word_1_222' title='bbox 1455 491 1506 527; x_wconf 88' lang='lat' dir='ltr'><strong>uec</strong></span> <span class='ocrx_word' id='word_1_223' title='bbox 1523 479 1577 532; x_wconf 87' lang='lat' dir='ltr'><strong>uisi</strong></span> <span class='ocrx_word' id='word_1_224' title='bbox 1601 480 1644 534; x_wconf 89' lang='lat' dir='ltr'><strong>vel</strong></span> <span class='ocrx_word' id='word_1_225' title='bbox 1662 479 1698 534; x_wconf 90' lang='lat' dir='ltr'><strong>ad</strong></span> <span class='ocrx_word' id='word_1_226' title='bbox 1721 495 1826 533; x_wconf 89' lang='lat' dir='ltr'><strong>nonam</strong></span> <span class='ocrx_word' id='word_1_227' title='bbox 1846 479 1893 533; x_wconf 84' lang='lat' dir='ltr'><strong>vel</strong></span> 
     </span>
     <span class='ocr_line' id='line_1_34' title="bbox 1044 564 1892 636; baseline 0.001 -17"><span class='ocrx_word' id='word_1_228' title='bbox 1044 564 1080 619; x_wconf 88' lang='lat' dir='ltr'><strong>ad</strong></span> <span class='ocrx_word' id='word_1_229' title='bbox 1100 580 1246 636; x_wconf 87' lang='lat' dir='ltr'><strong>vesperam</strong></span> <span class='ocrx_word' id='word_1_230' title='bbox 1263 565 1376 635; x_wconf 84' lang='lat' dir='ltr'><strong>corpori</strong></span> <span class='ocrx_word' id='word_1_231' title='bbox 1398 564 1493 617; x_wconf 87' lang='lat' dir='ltr'><strong>cibum</strong></span> <span class='ocrx_word' id='word_1_232' title='bbox 1518 564 1693 634; x_wconf 79' lang='lat' dir='ltr'><strong>indulgere:</strong></span> <span class='ocrx_word' id='word_1_233' title='bbox 1720 567 1756 619; x_wconf 89' lang='lat' dir='ltr'><strong>ad</strong></span> <span class='ocrx_word' id='word_1_234' title='bbox 1786 583 1892 620; x_wconf 89' lang='lat' dir='ltr'><strong>nouam</strong></span> 
     </span>
     <span class='ocr_line' id='line_1_35' title="bbox 1044 654 1894 726; baseline -0.001 -19"><span class='ocrx_word' id='word_1_235' title='bbox 1044 654 1160 726; x_wconf 88' lang='lat' dir='ltr'><strong>quidem</strong></span> <span class='ocrx_word' id='word_1_236' title='bbox 1181 661 1298 721; x_wconf 79' lang='lat' dir='ltr'><strong>aestivis,</strong></span> <span class='ocrx_word' id='word_1_237' title='bbox 1327 654 1363 707; x_wconf 90' lang='lat' dir='ltr'><strong>ad</strong></span> <span class='ocrx_word' id='word_1_238' title='bbox 1387 669 1536 723; x_wconf 84' lang='lat' dir='ltr'><strong>vesperam</strong></span> <span class='ocrx_word' id='word_1_239' title='bbox 1557 669 1623 706; x_wconf 80' lang='lat' dir='ltr'><strong>vero</strong></span> <span class='ocrx_word' id='word_1_240' title='bbox 1646 655 1746 707; x_wconf 81' lang='lat' dir='ltr'><strong>diebus</strong></span> <span class='ocrx_word' id='word_1_241' title='bbox 1771 655 1894 724; x_wconf 82' lang='lat' dir='ltr'><strong>bycina-</strong></span> 
     </span>
     <span class='ocr_line' id='line_1_36' title="bbox 1044 742 1894 813; baseline -0.001 -17"><span class='ocrx_word' id='word_1_242' title='bbox 1044 742 1128 797; x_wconf 85' lang='lat' dir='ltr'><strong>lihus.</strong></span> <span class='ocrx_word' id='word_1_243' title='bbox 1159 743 1272 813; x_wconf 87' lang='lat' dir='ltr'><strong>Hacque</strong></span> <span class='ocrx_word' id='word_1_244' title='bbox 1293 744 1500 796; x_wconf 87' lang='lat' dir='ltr'><strong>consuetudine</strong></span> <span class='ocrx_word' id='word_1_245' title='bbox 1522 757 1589 796; x_wconf 88' lang='lat' dir='ltr'><strong>cum</strong></span> <span class='ocrx_word' id='word_1_246' title='bbox 1615 745 1695 796; x_wconf 89' lang='lat' dir='ltr'><strong>nulla</strong></span> <span class='ocrx_word' id='word_1_247' title='bbox 1713 744 1894 797; x_wconf 82' lang='lat' dir='ltr'><strong>destineatur</strong></span> 
     </span>
     <span class='ocr_line' id='line_1_37' title="bbox 1043 830 1894 899; baseline -0.004 -14"><span class='ocrx_word' id='word_1_248' title='bbox 1043 830 1166 885; x_wconf 80' lang='lat' dir='ltr'><strong>Ecclesia</strong></span> <span class='ocrx_word' id='word_1_249' title='bbox 1181 833 1225 885; x_wconf 91' lang='lat' dir='ltr'><strong>vel</strong></span> <span class='ocrx_word' id='word_1_250' title='bbox 1240 832 1438 899; x_wconf 85' lang='lat' dir='ltr'><strong>Occidentalis,</strong></span> <span class='ocrx_word' id='word_1_251' title='bbox 1456 832 1498 885; x_wconf 88' lang='lat' dir='ltr'><strong>vel</strong></span> <span class='ocrx_word' id='word_1_252' title='bbox 1519 831 1682 896; x_wconf 83' lang='lat' dir='ltr'><strong>Orientalis,</strong></span> <span class='ocrx_word' id='word_1_253' title='bbox 1713 846 1772 883; x_wconf 91' lang='lat' dir='ltr'><strong>non</strong></span> <span class='ocrx_word' id='word_1_254' title='bbox 1795 838 1894 883; x_wconf 87' lang='lat' dir='ltr'><strong>tarneu</strong></span> 
     </span>
     <span class='ocr_line' id='line_1_38' title="bbox 1044 918 1894 991; baseline -0.004 -17"><span class='ocrx_word' id='word_1_255' title='bbox 1044 922 1088 974; x_wconf 91' lang='lat' dir='ltr'><strong>vel</strong></span> <span class='ocrx_word' id='word_1_256' title='bbox 1102 921 1384 975; x_wconf 82' lang='lat' dir='ltr'><strong>excommunicantur</strong></span> <span class='ocrx_word' id='word_1_257' title='bbox 1398 923 1442 975; x_wconf 90' lang='lat' dir='ltr'><strong>vel</strong></span> <span class='ocrx_word' id='word_1_258' title='bbox 1466 921 1718 991; x_wconf 89' lang='lat' dir='ltr'><strong>reprehenduntur</strong></span> <span class='ocrx_word' id='word_1_259' title='bbox 1739 919 1834 973; x_wconf 88' lang='lat' dir='ltr'><strong>taliter</strong></span> <span class='ocrx_word' id='word_1_260' title='bbox 1845 918 1894 989; x_wconf 88' lang='lat' dir='ltr'><strong>je-</strong></span> 
     </span>
     <span class='ocr_line' id='line_1_39' title="bbox 1043 1010 1652 1081; baseline 0.002 -19"><span class='ocrx_word' id='word_1_261' title='bbox 1043 1010 1179 1080; x_wconf 82' lang='lat' dir='ltr'><strong>junantes</strong></span> <span class='ocrx_word' id='word_1_262' title='bbox 1192 1013 1233 1065; x_wconf 89' lang='lat' dir='ltr'><strong>eis</strong></span> <span class='ocrx_word' id='word_1_263' title='bbox 1246 1012 1297 1081; x_wconf 92' lang='lat' dir='ltr'><strong>qui</strong></span> <span class='ocrx_word' id='word_1_264' title='bbox 1315 1011 1445 1065; x_wconf 91' lang='lat' dir='ltr'><strong>mimimc</strong></span> <span class='ocrx_word' id='word_1_265' title='bbox 1456 1010 1496 1064; x_wconf 91' lang='lat' dir='ltr'><strong>sic</strong></span> <span class='ocrx_word' id='word_1_266' title='bbox 1508 1011 1652 1081; x_wconf 83' lang='lat' dir='ltr'><strong>jejunant.</strong></span> 
     </span>
    </p>

    <p class='ocr_par' dir='ltr' id='par_1_7' title="bbox 1039 1096 1918 2753">
     <span class='ocr_line' id='line_1_40' title="bbox 1081 1096 1895 1170; baseline -0.007 -16"><span class='ocrx_word' id='word_1_267' title='bbox 1081 1099 1193 1154; x_wconf 87' lang='lat' dir='ltr'><strong>Dictum</strong></span> <span class='ocrx_word' id='word_1_268' title='bbox 1215 1107 1258 1155; x_wconf 91' lang='lat' dir='ltr'><strong>est</strong></span> <span class='ocrx_word' id='word_1_269' title='bbox 1280 1101 1340 1170; x_wconf 85' lang='lat' dir='ltr'><strong>jam</strong></span> <span class='ocrx_word' id='word_1_270' title='bbox 1369 1098 1501 1170; x_wconf 86' lang='lat' dir='ltr'><strong>superius</strong></span> <span class='ocrx_word' id='word_1_271' title='bbox 1528 1106 1653 1169; x_wconf 88' lang='lat' dir='ltr'><strong>quantus</strong></span> <span class='ocrx_word' id='word_1_272' title='bbox 1672 1097 1777 1169; x_wconf 88' lang='lat' dir='ltr'><strong>jejunii</strong></span> <span class='ocrx_word' id='word_1_273' title='bbox 1797 1096 1895 1150; x_wconf 81' lang='lat' dir='ltr'><strong>servor·</strong></span> 
     </span>
     <span class='ocr_line' id='line_1_41' title="bbox 1043 1186 1893 1257; baseline -0.007 -14"><span class='ocrx_word' id='word_1_274' title='bbox 1043 1187 1178 1243; x_wconf 87' lang='lat' dir='ltr'><strong>habuerit</strong></span> <span class='ocrx_word' id='word_1_275' title='bbox 1203 1189 1352 1243; x_wconf 89' lang='lat' dir='ltr'><strong>credentes</strong></span> <span class='ocrx_word' id='word_1_276' title='bbox 1390 1189 1421 1241; x_wconf 90' lang='lat' dir='ltr'><strong>in</strong></span> <span class='ocrx_word' id='word_1_277' title='bbox 1458 1188 1628 1242; x_wconf 78' lang='lat' dir='ltr'><strong>Alexandria</strong></span> <span class='ocrx_word' id='word_1_278' title='bbox 1656 1203 1722 1240; x_wconf 87' lang='lat' dir='ltr'><strong>cunr</strong></span> <span class='ocrx_word' id='word_1_279' title='bbox 1764 1186 1893 1257; x_wconf 87' lang='lat' dir='ltr'><strong>primum</strong></span> 
     </span>
     <span class='ocr_line' id='line_1_42' title="bbox 1044 1275 1894 1348; baseline -0.005 -18"><span class='ocrx_word' id='word_1_280' title='bbox 1044 1279 1162 1348; x_wconf 81' lang='lat' dir='ltr'><strong>ceperit</strong></span> <span class='ocrx_word' id='word_1_281' title='bbox 1182 1279 1240 1333; x_wconf 91' lang='lat' dir='ltr'><strong>illic</strong></span> <span class='ocrx_word' id='word_1_282' title='bbox 1271 1279 1431 1334; x_wconf 83' lang='lat' dir='ltr'><strong>Christiana</strong></span> <span class='ocrx_word' id='word_1_283' title='bbox 1459 1278 1569 1348; x_wconf 87' lang='lat' dir='ltr'><strong>religia.</strong></span> <span class='ocrx_word' id='word_1_284' title='bbox 1601 1277 1702 1331; x_wconf 81' lang='lat' dir='ltr'><strong>h&#39;ullus</strong></span> <span class='ocrx_word' id='word_1_285' title='bbox 1730 1291 1805 1327; x_wconf 83' lang='lat' dir='ltr'><strong>enim</strong></span> <span class='ocrx_word' id='word_1_286' title='bbox 1836 1275 1894 1326; x_wconf 85' lang='lat' dir='ltr'><strong>sibi</strong></span> 
     </span>
     <span class='ocr_line' id='line_1_43' title="bbox 1044 1367 1891 1435; baseline -0.006 -15"><span class='ocrx_word' id='word_1_287' title='bbox 1044 1369 1174 1422; x_wconf 84' lang='lat' dir='ltr'><strong>sumebat</strong></span> <span class='ocrx_word' id='word_1_288' title='bbox 1193 1376 1259 1421; x_wconf 90' lang='lat' dir='ltr'><strong>aute</strong></span> <span class='ocrx_word' id='word_1_289' title='bbox 1284 1368 1352 1421; x_wconf 88' lang='lat' dir='ltr'><strong>solis</strong></span> <span class='ocrx_word' id='word_1_290' title='bbox 1379 1384 1509 1421; x_wconf 87' lang='lat' dir='ltr'><strong>oceasum</strong></span> <span class='ocrx_word' id='word_1_291' title='bbox 1536 1367 1646 1430; x_wconf 74' lang='lat' dir='ltr'><strong>eibum,</strong></span> <span class='ocrx_word' id='word_1_292' title='bbox 1673 1367 1770 1435; x_wconf 84' lang='lat' dir='ltr'><strong>pluras</strong></span> <span class='ocrx_word' id='word_1_293' title='bbox 1793 1370 1891 1416; x_wconf 89' lang='lat' dir='ltr'><strong>autem</strong></span> 
     </span>
     <span class='ocr_line' id='line_1_44' title="bbox 1043 1454 1891 1526; baseline -0.004 -17"><span class='ocrx_word' id='word_1_294' title='bbox 1043 1465 1154 1526; x_wconf 89' lang='lat' dir='ltr'><strong>quarta,</strong></span> <span class='ocrx_word' id='word_1_295' title='bbox 1184 1457 1316 1511; x_wconf 90' lang='lat' dir='ltr'><strong>nonnulli</strong></span> <span class='ocrx_word' id='word_1_296' title='bbox 1349 1468 1427 1510; x_wconf 88' lang='lat' dir='ltr'><strong>sexta</strong></span> <span class='ocrx_word' id='word_1_297' title='bbox 1458 1457 1575 1510; x_wconf 76' lang='lat' dir='ltr'><strong>Salrbati</strong></span> <span class='ocrx_word' id='word_1_298' title='bbox 1600 1458 1696 1509; x_wconf 91' lang='lat' dir='ltr'><strong>cibum</strong></span> <span class='ocrx_word' id='word_1_299' title='bbox 1727 1454 1891 1525; x_wconf 84' lang='lat' dir='ltr'><strong>capiebant,</strong></span> 
     </span>
     <span class='ocr_line' id='line_1_45' title="bbox 1043 1526 1918 1616; baseline -0.003 -19"><span class='ocrx_word' id='word_1_300' title='bbox 1043 1561 1102 1598; x_wconf 89' lang='lat' dir='ltr'><strong>uon</strong></span> <span class='ocrx_word' id='word_1_301' title='bbox 1116 1550 1174 1599; x_wconf 89' lang='lat' dir='ltr'><strong>tam</strong></span> <span class='ocrx_word' id='word_1_302' title='bbox 1189 1545 1407 1600; x_wconf 87' lang='lat' dir='ltr'><strong>desiderabilem</strong></span> <span class='ocrx_word' id='word_1_303' title='bbox 1422 1547 1544 1616; x_wconf 80' lang='lat' dir='ltr'><strong>corpori,</strong></span> <span class='ocrx_word' id='word_1_304' title='bbox 1567 1562 1653 1616; x_wconf 88' lang='lat' dir='ltr'><strong>quarn</strong></span> <span class='ocrx_word' id='word_1_305' title='bbox 1670 1542 1864 1597; x_wconf 85' lang='lat' dir='ltr'><strong>necessarium</strong></span> <span class='ocrx_word' id='word_1_306' title='bbox 1884 1558 1891 1595; x_wconf 89' lang='lat'>:</span> <span class='ocrx_word' id='word_1_307' title='bbox 1906 1526 1918 1539; x_wconf 65' lang='lat'><em>⁶</em></span> 
     </span>
     <span class='ocr_line' id='line_1_46' title="bbox 1044 1631 1892 1708; baseline -0.006 -21"><span class='ocrx_word' id='word_1_308' title='bbox 1044 1640 1073 1689; x_wconf 84' lang='lat' dir='ltr'><strong>et</strong></span> <span class='ocrx_word' id='word_1_309' title='bbox 1104 1642 1164 1690; x_wconf 85' lang='lat' dir='ltr'><strong>tam</strong></span> <span class='ocrx_word' id='word_1_310' title='bbox 1202 1644 1306 1708; x_wconf 75' lang='lat' dir='ltr'><strong>praeter</strong></span> <span class='ocrx_word' id='word_1_311' title='bbox 1344 1637 1522 1706; x_wconf 85' lang='lat' dir='ltr'><strong>reliquorum</strong></span> <span class='ocrx_word' id='word_1_312' title='bbox 1563 1652 1672 1687; x_wconf 79' lang='lat' dir='ltr'><strong>virinum</strong></span> <span class='ocrx_word' id='word_1_313' title='bbox 1712 1631 1892 1686; x_wconf 86' lang='lat' dir='ltr'><strong>credentium</strong></span> 
     </span>
     <span class='ocr_line' id='line_1_47' title="bbox 1039 1723 1888 1794; baseline -0.007 -16"><span class='ocrx_word' id='word_1_314' title='bbox 1039 1723 1204 1794; x_wconf 88' lang='lat' dir='ltr'><strong>jejunantes</strong></span> <span class='ocrx_word' id='word_1_315' title='bbox 1227 1742 1286 1780; x_wconf 92' lang='lat' dir='ltr'><strong>uun</strong></span> <span class='ocrx_word' id='word_1_316' title='bbox 1309 1726 1640 1789; x_wconf 85' lang='lat' dir='ltr'><strong>excommnmcahantar,</strong></span> <span class='ocrx_word' id='word_1_317' title='bbox 1663 1724 1705 1775; x_wconf 89' lang='lat' dir='ltr'><strong>vel</strong></span> <span class='ocrx_word' id='word_1_318' title='bbox 1734 1725 1888 1790; x_wconf 86' lang='lat' dir='ltr'><strong>redargue-</strong></span> 
     </span>
     <span class='ocr_line' id='line_1_48' title="bbox 1043 1810 1894 1884; baseline -0.006 -17"><span class='ocrx_word' id='word_1_319' title='bbox 1043 1813 1149 1867; x_wconf 83' lang='lat' dir='ltr'><strong>bantur</strong></span> <span class='ocrx_word' id='word_1_320' title='bbox 1175 1813 1211 1867; x_wconf 87' lang='lat' dir='ltr'><strong>ab</strong></span> <span class='ocrx_word' id='word_1_321' title='bbox 1232 1814 1284 1880; x_wconf 88' lang='lat' dir='ltr'><strong>eis,</strong></span> <span class='ocrx_word' id='word_1_322' title='bbox 1314 1814 1419 1884; x_wconf 88' lang='lat' dir='ltr'><strong>quibus</strong></span> <span class='ocrx_word' id='word_1_323' title='bbox 1443 1813 1593 1884; x_wconf 87' lang='lat' dir='ltr'><strong>jejunandi</strong></span> <span class='ocrx_word' id='word_1_324' title='bbox 1624 1810 1801 1865; x_wconf 89' lang='lat' dir='ltr'><strong>consuetudo</strong></span> <span class='ocrx_word' id='word_1_325' title='bbox 1832 1824 1894 1862; x_wconf 89' lang='lat' dir='ltr'><strong>non</strong></span> 
     </span>
     <span class='ocr_line' id='line_1_49' title="bbox 1042 1899 1893 1970; baseline -0.006 -15"><span class='ocrx_word' id='word_1_326' title='bbox 1042 1902 1097 1955; x_wconf 91' lang='lat' dir='ltr'><strong>ista</strong></span> <span class='ocrx_word' id='word_1_327' title='bbox 1117 1904 1260 1956; x_wconf 76' lang='lat' dir='ltr'><strong>mussabat.</strong></span> <span class='ocrx_word' id='word_1_328' title='bbox 1290 1903 1322 1956; x_wconf 81' lang='lat' dir='ltr'><strong>Et</strong></span> <span class='ocrx_word' id='word_1_329' title='bbox 1344 1918 1406 1956; x_wconf 87' lang='lat' dir='ltr'><strong>cccc</strong></span> <span class='ocrx_word' id='word_1_330' title='bbox 1430 1904 1644 1970; x_wconf 80' lang='lat' dir='ltr'><strong>redarguuntur</strong></span> <span class='ocrx_word' id='word_1_331' title='bbox 1669 1899 1789 1953; x_wconf 86' lang='lat' dir='ltr'><strong>Raurani</strong></span> <span class='ocrx_word' id='word_1_332' title='bbox 1814 1899 1893 1968; x_wconf 78' lang='lat' dir='ltr'><strong>jeju·</strong></span> 
     </span>
     <span class='ocr_line' id='line_1_50' title="bbox 1044 1987 1894 2061; baseline -0.006 -17"><span class='ocrx_word' id='word_1_333' title='bbox 1044 1998 1142 2045; x_wconf 89' lang='lat' dir='ltr'><strong>nautes</strong></span> <span class='ocrx_word' id='word_1_334' title='bbox 1171 1993 1201 2044; x_wconf 93' lang='lat' dir='ltr'><strong>in</strong></span> <span class='ocrx_word' id='word_1_335' title='bbox 1233 1992 1357 2045; x_wconf 78' lang='lat' dir='ltr'><strong>Sabbata</strong></span> <span class='ocrx_word' id='word_1_336' title='bbox 1387 1991 1428 2044; x_wconf 88' lang='lat' dir='ltr'><strong>vel</strong></span> <span class='ocrx_word' id='word_1_337' title='bbox 1463 2000 1582 2061; x_wconf 76' lang='lat' dir='ltr'><strong>propter</strong></span> <span class='ocrx_word' id='word_1_338' title='bbox 1607 1989 1774 2043; x_wconf 87' lang='lat' dir='ltr'><strong>memorium</strong></span> <span class='ocrx_word' id='word_1_339' title='bbox 1795 1987 1894 2057; x_wconf 87' lang='lat' dir='ltr'><strong>sepul-</strong></span> 
     </span>
     <span class='ocr_line' id='line_1_51' title="bbox 1043 2078 1894 2148; baseline -0.005 -16"><span class='ocrx_word' id='word_1_340' title='bbox 1043 2083 1114 2133; x_wconf 76' lang='lat' dir='ltr'><strong>ture</strong></span> <span class='ocrx_word' id='word_1_341' title='bbox 1139 2079 1302 2146; x_wconf 72' lang='lat' dir='ltr'><strong>Dominicis,</strong></span> <span class='ocrx_word' id='word_1_342' title='bbox 1334 2081 1377 2132; x_wconf 77' lang='lat' dir='ltr'><strong>tel</strong></span> <span class='ocrx_word' id='word_1_343' title='bbox 1416 2080 1452 2133; x_wconf 92' lang='lat' dir='ltr'><strong>ob</strong></span> <span class='ocrx_word' id='word_1_344' title='bbox 1489 2080 1693 2148; x_wconf 73' lang='lat' dir='ltr'><strong>discipulorum</strong></span> <span class='ocrx_word' id='word_1_345' title='bbox 1725 2078 1760 2131; x_wconf 89' lang='lat' dir='ltr'><strong>de</strong></span> <span class='ocrx_word' id='word_1_346' title='bbox 1797 2081 1894 2129; x_wconf 90' lang='lat' dir='ltr'><strong>morte</strong></span> 
     </span>
     <span class='ocr_line' id='line_1_52' title="bbox 1043 2165 1893 2238; baseline -0.006 -17"><span class='ocrx_word' id='word_1_347' title='bbox 1043 2168 1159 2222; x_wconf 89' lang='lat' dir='ltr'><strong>Domini</strong></span> <span class='ocrx_word' id='word_1_348' title='bbox 1181 2168 1336 2234; x_wconf 86' lang='lat' dir='ltr'><strong>tristitiam,</strong></span> <span class='ocrx_word' id='word_1_349' title='bbox 1352 2169 1395 2221; x_wconf 86' lang='lat' dir='ltr'><strong>vel</strong></span> <span class='ocrx_word' id='word_1_350' title='bbox 1420 2168 1497 2238; x_wconf 88' lang='lat' dir='ltr'><strong>quod</strong></span> <span class='ocrx_word' id='word_1_351' title='bbox 1521 2168 1665 2237; x_wconf 88' lang='lat' dir='ltr'><strong>principes</strong></span> <span class='ocrx_word' id='word_1_352' title='bbox 1695 2165 1893 2236; x_wconf 89' lang='lat' dir='ltr'><strong>apostolorum</strong></span> 
     </span>
     <span class='ocr_line' id='line_1_53' title="bbox 1043 2254 1893 2328; baseline -0.007 -18"><span class='ocrx_word' id='word_1_353' title='bbox 1043 2256 1092 2310; x_wconf 91' lang='lat' dir='ltr'><strong>illo</strong></span> <span class='ocrx_word' id='word_1_354' title='bbox 1108 2258 1154 2310; x_wconf 88' lang='lat' dir='ltr'><strong>die</strong></span> <span class='ocrx_word' id='word_1_355' title='bbox 1174 2258 1319 2328; x_wconf 82' lang='lat' dir='ltr'><strong>jejunasse</strong></span> <span class='ocrx_word' id='word_1_356' title='bbox 1343 2258 1496 2310; x_wconf 89' lang='lat' dir='ltr'><strong>traduntur</strong></span> <span class='ocrx_word' id='word_1_357' title='bbox 1516 2257 1650 2309; x_wconf 76' lang='lat' dir='ltr'><strong>adsersus</strong></span> <span class='ocrx_word' id='word_1_358' title='bbox 1674 2254 1797 2309; x_wconf 85' lang='lat' dir='ltr'><strong>Simonis</strong></span> <span class='ocrx_word' id='word_1_359' title='bbox 1813 2268 1893 2321; x_wconf 80' lang='lat' dir='ltr'><strong>prae-</strong></span> 
     </span>
     <span class='ocr_line' id='line_1_54' title="bbox 1043 2342 1893 2416; baseline -0.005 -19"><span class='ocrx_word' id='word_1_360' title='bbox 1043 2344 1126 2414; x_wconf 89' lang='lat' dir='ltr'><strong>stigia</strong></span> <span class='ocrx_word' id='word_1_361' title='bbox 1147 2345 1346 2416; x_wconf 79' lang='lat' dir='ltr'><strong>fallaciamque</strong></span> <span class='ocrx_word' id='word_1_362' title='bbox 1371 2346 1537 2415; x_wconf 85' lang='lat' dir='ltr'><strong>pugnaturi,</strong></span> <span class='ocrx_word' id='word_1_363' title='bbox 1562 2355 1636 2398; x_wconf 88' lang='lat' dir='ltr'><strong>certe</strong></span> <span class='ocrx_word' id='word_1_364' title='bbox 1661 2350 1760 2396; x_wconf 86' lang='lat' dir='ltr'><strong>corrtra</strong></span> <span class='ocrx_word' id='word_1_365' title='bbox 1791 2342 1893 2394; x_wconf 86' lang='lat' dir='ltr'><strong>diabo-</strong></span> 
     </span>
     <span class='ocr_line' id='line_1_55' title="bbox 1043 2429 1891 2504; baseline -0.007 -18"><span class='ocrx_word' id='word_1_366' title='bbox 1043 2434 1103 2486; x_wconf 93' lang='lat' dir='ltr'><strong>lum</strong></span> <span class='ocrx_word' id='word_1_367' title='bbox 1133 2434 1308 2504; x_wconf 80' lang='lat' dir='ltr'><strong>h&#39;cronisque</strong></span> <span class='ocrx_word' id='word_1_368' title='bbox 1348 2432 1492 2487; x_wconf 79' lang='lat' dir='ltr'><strong>vesaniam</strong></span> <span class='ocrx_word' id='word_1_369' title='bbox 1538 2430 1711 2487; x_wconf 90' lang='lat' dir='ltr'><strong>dimicaturi.</strong></span> <span class='ocrx_word' id='word_1_370' title='bbox 1753 2429 1891 2493; x_wconf 80' lang='lat' dir='ltr'><strong>Quintam</strong></span> 
     </span>
     <span class='ocr_line' id='line_1_56' title="bbox 1042 2520 1891 2592; baseline -0.007 -17"><span class='ocrx_word' id='word_1_371' title='bbox 1042 2537 1157 2592; x_wconf 87' lang='lat' dir='ltr'><strong>quoque</strong></span> <span class='ocrx_word' id='word_1_372' title='bbox 1186 2523 1300 2576; x_wconf 87' lang='lat' dir='ltr'><strong>Sabbati</strong></span> <span class='ocrx_word' id='word_1_373' title='bbox 1315 2523 1462 2576; x_wconf 89' lang='lat' dir='ltr'><strong>nonnullis</strong></span> <span class='ocrx_word' id='word_1_374' title='bbox 1487 2527 1531 2575; x_wconf 92' lang='lat' dir='ltr'><strong>est</strong></span> <span class='ocrx_word' id='word_1_375' title='bbox 1558 2520 1737 2575; x_wconf 89' lang='lat' dir='ltr'><strong>consuetudo</strong></span> <span class='ocrx_word' id='word_1_376' title='bbox 1766 2534 1891 2582; x_wconf 85' lang='lat' dir='ltr'><strong>servare,</strong></span> 
     </span>
     <span class='ocr_line' id='line_1_57' title="bbox 1043 2609 1893 2682; baseline -0.007 -18"><span class='ocrx_word' id='word_1_377' title='bbox 1043 2611 1123 2664; x_wconf 89' lang='lat' dir='ltr'><strong>ueiu</strong></span> <span class='ocrx_word' id='word_1_378' title='bbox 1140 2610 1187 2665; x_wconf 93' lang='lat' dir='ltr'><strong>illo</strong></span> <span class='ocrx_word' id='word_1_379' title='bbox 1207 2613 1251 2665; x_wconf 93' lang='lat' dir='ltr'><strong>die</strong></span> <span class='ocrx_word' id='word_1_380' title='bbox 1267 2611 1411 2682; x_wconf 86' lang='lat' dir='ltr'><strong>jejunent,</strong></span> <span class='ocrx_word' id='word_1_381' title='bbox 1442 2610 1687 2682; x_wconf 91' lang='lat' dir='ltr'><strong>quemadmodum</strong></span> <span class='ocrx_word' id='word_1_382' title='bbox 1706 2624 1757 2662; x_wconf 92' lang='lat' dir='ltr'><strong>nec</strong></span> <span class='ocrx_word' id='word_1_383' title='bbox 1779 2609 1809 2661; x_wconf 92' lang='lat' dir='ltr'><strong>iu</strong></span> <span class='ocrx_word' id='word_1_384' title='bbox 1836 2609 1893 2662; x_wconf 88' lang='lat' dir='ltr'><strong>Do·</strong></span> 
     </span>
     <span class='ocr_line' id='line_1_58' title="bbox 1043 2699 1156 2753; baseline -0.009 0"><span class='ocrx_word' id='word_1_385' title='bbox 1043 2699 1156 2753; x_wconf 90' lang='lat' dir='ltr'><strong>minica.</strong></span> 
     </span>
    </p>

    <p class='ocr_par' dir='ltr' id='par_1_8' title="bbox 1041 2787 1893 2949">
     <span class='ocr_line' id='line_1_59' title="bbox 1077 2787 1893 2860; baseline -0.005 -19"><span class='ocrx_word' id='word_1_386' title='bbox 1077 2788 1290 2860; x_wconf 75' lang='lat' dir='ltr'><strong>Approbatnoc</strong></span> <span class='ocrx_word' id='word_1_387' title='bbox 1308 2788 1458 2856; x_wconf 82' lang='lat' dir='ltr'><strong>Eusebius,</strong></span> <span class='ocrx_word' id='word_1_388' title='bbox 1479 2789 1659 2847; x_wconf 72' lang='lat' dir='ltr'><strong>cesariensis</strong></span> <span class='ocrx_word' id='word_1_389' title='bbox 1686 2788 1837 2858; x_wconf 88' lang='lat' dir='ltr'><strong>episcopus</strong></span> <span class='ocrx_word' id='word_1_390' title='bbox 1862 2787 1893 2838; x_wconf 92' lang='lat' dir='ltr'><strong>in</strong></span> 
     </span>
     <span class='ocr_line' id='line_1_60' title="bbox 1041 2875 1893 2949; baseline -0.004 -19"><span class='ocrx_word' id='word_1_391' title='bbox 1041 2876 1125 2942; x_wconf 88' lang='lat' dir='ltr'><strong>libro,</strong></span> <span class='ocrx_word' id='word_1_392' title='bbox 1146 2892 1232 2947; x_wconf 88' lang='lat' dir='ltr'><strong>quem</strong></span> <span class='ocrx_word' id='word_1_393' title='bbox 1246 2877 1280 2932; x_wconf 90' lang='lat' dir='ltr'><strong>de</strong></span> <span class='ocrx_word' id='word_1_394' title='bbox 1295 2879 1386 2932; x_wconf 83' lang='lat' dir='ltr'><strong>Gestis</strong></span> <span class='ocrx_word' id='word_1_395' title='bbox 1400 2878 1526 2932; x_wconf 85' lang='lat' dir='ltr'><strong>Silvestri</strong></span> <span class='ocrx_word' id='word_1_396' title='bbox 1550 2894 1631 2949; x_wconf 77' lang='lat' dir='ltr'><strong>papas</strong></span> <span class='ocrx_word' id='word_1_397' title='bbox 1654 2875 1826 2945; x_wconf 87' lang='lat' dir='ltr'><strong>composuit,</strong></span> <span class='ocrx_word' id='word_1_398' title='bbox 1850 2875 1893 2927; x_wconf 89' lang='lat' dir='ltr'><strong>ita</strong></span> 
     </span>
    </p>
   </div>
   <div class='ocr_carea' id='block_1_7' title="bbox 140 2959 1894 3043">
    <p class='ocr_par' dir='ltr' id='par_1_9' title="bbox 140 2959 1894 3043">
     <span class='ocr_line' id='line_1_61' title="bbox 140 2959 1894 3043; baseline 0.001 -30"><span class='ocrx_word' id='word_1_399' title='bbox 140 2959 235 3028; x_wconf 76' lang='lat' dir='ltr'><strong>(tota,</strong></span> <span class='ocrx_word' id='word_1_400' title='bbox 266 2962 319 3032; x_wconf 81' lang='grc'>11).</span> <span class='ocrx_word' id='word_1_401' title='bbox 354 2963 413 3017; x_wconf 88' lang='grc'>1100</span> <span class='ocrx_word' id='word_1_402' title='bbox 442 2978 511 3032; x_wconf 88' lang='lat' dir='ltr'><strong>ergo</strong></span> <span class='ocrx_word' id='word_1_403' title='bbox 546 2963 593 3018; x_wconf 87' lang='lat' dir='ltr'><strong>die</strong></span> <span class='ocrx_word' id='word_1_404' title='bbox 617 2964 793 3025; x_wconf 88' lang='lat' dir='ltr'><strong>intermisso,</strong></span> <span class='ocrx_word' id='word_1_405' title='bbox 814 2981 913 3034; x_wconf 88' lang='lat' dir='ltr'><strong>passus</strong></span> <span class='ocrx_word' id='word_1_406' title='bbox 944 2971 987 3019; x_wconf 90' lang='lat' dir='ltr'><strong>est</strong></span> <span class='ocrx_word' id='word_1_407' title='bbox 1007 2965 1159 3043; x_wconf 60' lang='lat' dir='ltr'><strong>edicens:</strong></span> <span class='ocrx_word' id='word_1_408' title='bbox 1188 2988 1198 3015; x_wconf 77' lang='lat' dir='ltr'><strong>a</strong></span> <span class='ocrx_word' id='word_1_409' title='bbox 1225 2967 1258 3019; x_wconf 81' lang='lat' dir='ltr'><strong>Et</strong></span> <span class='ocrx_word' id='word_1_410' title='bbox 1281 2967 1321 3019; x_wconf 90' lang='lat' dir='ltr'><strong>ait</strong></span> <span class='ocrx_word' id='word_1_411' title='bbox 1344 2983 1418 3037; x_wconf 90' lang='lat' dir='ltr'><strong>papa</strong></span> <span class='ocrx_word' id='word_1_412' title='bbox 1441 2967 1591 3021; x_wconf 86' lang='lat' dir='ltr'><strong>Silvestcr:</strong></span> <span class='ocrx_word' id='word_1_413' title='bbox 1619 2966 1747 3020; x_wconf 88' lang='lat' dir='ltr'><strong>Natalem</strong></span> <span class='ocrx_word' id='word_1_414' title='bbox 1767 2963 1894 3017; x_wconf 87' lang='lat' dir='ltr'><strong>calicis·</strong></span> 
     </span>
    </p>
   </div>
   <div class='ocr_carea' id='block_1_8' title="bbox 139 3048 987 4275">
    <p class='ocr_par' dir='ltr' id='par_1_10' title="bbox 139 3048 987 3472">
     <span class='ocr_line' id='line_1_62' title="bbox 139 3048 987 3124; baseline 0.005 -21"><span class='ocrx_word' id='word_1_415' title='bbox 139 3048 289 3115; x_wconf 88' lang='lat' dir='ltr'><strong>Dominus,</strong></span> <span class='ocrx_word' id='word_1_416' title='bbox 321 3050 396 3121; x_wconf 92' lang='lat' dir='ltr'><strong>quod</strong></span> <span class='ocrx_word' id='word_1_417' title='bbox 424 3053 520 3105; x_wconf 89' lang='lat' dir='ltr'><strong>nullus</strong></span> <span class='ocrx_word' id='word_1_418' title='bbox 546 3052 667 3124; x_wconf 80' lang='lat' dir='ltr'><strong>ambigit</strong></span> <span class='ocrx_word' id='word_1_419' title='bbox 693 3053 882 3122; x_wconf 83' lang='lat' dir='ltr'><strong>Christianus,</strong></span> <span class='ocrx_word' id='word_1_420' title='bbox 909 3061 987 3108; x_wconf 89' lang='lat' dir='ltr'><strong>sexta</strong></span> 
     </span>
     <span class='ocr_line' id='line_1_63' title="bbox 139 3136 986 3214; baseline 0.005 -21"><span class='ocrx_word' id='word_1_421' title='bbox 139 3136 274 3193; x_wconf 88' lang='lat' dir='ltr'><strong>Sabbati:</strong></span> <span class='ocrx_word' id='word_1_422' title='bbox 290 3145 468 3211; x_wconf 88' lang='lat' dir='ltr'><strong>quapropter</strong></span> <span class='ocrx_word' id='word_1_423' title='bbox 487 3144 515 3194; x_wconf 89' lang='lat' dir='ltr'><strong>et</strong></span> <span class='ocrx_word' id='word_1_424' title='bbox 534 3141 597 3211; x_wconf 90' lang='lat' dir='ltr'><strong>ipsa</strong></span> <span class='ocrx_word' id='word_1_425' title='bbox 615 3146 693 3195; x_wconf 91' lang='lat' dir='ltr'><strong>sexta</strong></span> <span class='ocrx_word' id='word_1_426' title='bbox 713 3147 790 3197; x_wconf 87' lang='lat' dir='ltr'><strong>recte</strong></span> <span class='ocrx_word' id='word_1_427' title='bbox 811 3143 921 3214; x_wconf 85' lang='lat' dir='ltr'><strong>jejunio</strong></span> <span class='ocrx_word' id='word_1_428' title='bbox 940 3143 986 3198; x_wconf 91' lang='lat' dir='ltr'><strong>dc-</strong></span> 
     </span>
     <span class='ocr_line' id='line_1_64' title="bbox 139 3229 983 3301; baseline 0.008 -22"><span class='ocrx_word' id='word_1_429' title='bbox 139 3231 264 3297; x_wconf 87' lang='lat' dir='ltr'><strong>putatur.</strong></span> <span class='ocrx_word' id='word_1_430' title='bbox 295 3229 408 3297; x_wconf 86' lang='lat' dir='ltr'><strong>lejunia</strong></span> <span class='ocrx_word' id='word_1_431' title='bbox 449 3229 557 3299; x_wconf 86' lang='lat' dir='ltr'><strong>quippe</strong></span> <span class='ocrx_word' id='word_1_432' title='bbox 586 3229 777 3285; x_wconf 86' lang='lat' dir='ltr'><strong>bumilitatem</strong></span> <span class='ocrx_word' id='word_1_433' title='bbox 811 3231 983 3301; x_wconf 84' lang='lat' dir='ltr'><strong>significant.</strong></span> 
     </span>
     <span class='ocr_line' id='line_1_65' title="bbox 140 3315 987 3388; baseline 0.007 -20"><span class='ocrx_word' id='word_1_434' title='bbox 140 3316 215 3369; x_wconf 90' lang='lat' dir='ltr'><strong>unde</strong></span> <span class='ocrx_word' id='word_1_435' title='bbox 230 3315 337 3369; x_wconf 91' lang='lat' dir='ltr'><strong>dictum</strong></span> <span class='ocrx_word' id='word_1_436' title='bbox 354 3321 396 3370; x_wconf 87' lang='lat' dir='ltr'><strong>cst</strong></span> <span class='ocrx_word' id='word_1_437' title='bbox 410 3333 417 3370; x_wconf 76' lang='grc' dir='ltr'><strong>ι</strong></span> <span class='ocrx_word' id='word_1_438' title='bbox 432 3320 467 3371; x_wconf 84' lang='grc'><strong>111</strong></span> <span class='ocrx_word' id='word_1_439' title='bbox 490 3318 668 3372; x_wconf 84' lang='lat' dir='ltr'><strong>humiliabam</strong></span> <span class='ocrx_word' id='word_1_440' title='bbox 690 3321 719 3372; x_wconf 82' lang='lat' dir='ltr'><strong>tn</strong></span> <span class='ocrx_word' id='word_1_441' title='bbox 739 3319 845 3388; x_wconf 80' lang='lat' dir='ltr'><strong>jejunia</strong></span> <span class='ocrx_word' id='word_1_442' title='bbox 867 3323 987 3374; x_wconf 81' lang='lat' dir='ltr'><strong>citimam</strong></span> 
     </span>
     <span class='ocr_line' id='line_1_66' title="bbox 139 3404 534 3472; baseline -0.015 -14"><span class='ocrx_word' id='word_1_443' title='bbox 139 3419 225 3458; x_wconf 85' lang='lat' dir='ltr'><strong>mcum</strong></span> <span class='ocrx_word' id='word_1_444' title='bbox 240 3404 324 3471; x_wconf 85' lang='lat' dir='ltr'><strong>(Psat.</strong></span> <span class='ocrx_word' id='word_1_445' title='bbox 342 3420 432 3471; x_wconf 81' lang='lat' dir='ltr'><strong>xxxiv,</strong></span> <span class='ocrx_word' id='word_1_446' title='bbox 449 3404 502 3472; x_wconf 86' lang='grc'>13).</span> <span class='ocrx_word' id='word_1_447' title='bbox 520 3427 534 3453; x_wconf 86' lang='lat'>»</span> 
     </span>
    </p>

    <p class='ocr_par' dir='ltr' id='par_1_11' title="bbox 139 3491 987 4275">
     <span class='ocr_line' id='line_1_67' title="bbox 176 3491 987 3566; baseline 0.007 -21"><span class='ocrx_word' id='word_1_448' title='bbox 176 3492 240 3545; x_wconf 76' lang='lat' dir='ltr'><strong>llaec</strong></span> <span class='ocrx_word' id='word_1_449' title='bbox 259 3491 359 3544; x_wconf 89' lang='lat' dir='ltr'><strong>beatus</strong></span> <span class='ocrx_word' id='word_1_450' title='bbox 373 3492 549 3562; x_wconf 78' lang='lat' dir='ltr'><strong>Augustinus</strong></span> <span class='ocrx_word' id='word_1_451' title='bbox 567 3494 601 3547; x_wconf 91' lang='lat' dir='ltr'><strong>de</strong></span> <span class='ocrx_word' id='word_1_452' title='bbox 614 3494 726 3564; x_wconf 87' lang='lat' dir='ltr'><strong>jejunio</strong></span> <span class='ocrx_word' id='word_1_453' title='bbox 749 3501 857 3566; x_wconf 81' lang='lat' dir='ltr'><strong>quarlae</strong></span> <span class='ocrx_word' id='word_1_454' title='bbox 886 3502 987 3552; x_wconf 68' lang='lat' dir='ltr'><strong>sextae·</strong></span> 
     </span>
     <span class='ocr_line' id='line_1_68' title="bbox 139 3579 985 3654; baseline 0.009 -22"><span class='ocrx_word' id='word_1_455' title='bbox 139 3595 196 3648; x_wconf 90' lang='lat' dir='ltr'><strong>que</strong></span> <span class='ocrx_word' id='word_1_456' title='bbox 210 3579 288 3632; x_wconf 85' lang='lat' dir='ltr'><strong>leriae</strong></span> <span class='ocrx_word' id='word_1_457' title='bbox 303 3579 400 3633; x_wconf 91' lang='lat' dir='ltr'><strong>scribit</strong></span> <span class='ocrx_word' id='word_1_458' title='bbox 415 3579 450 3634; x_wconf 92' lang='lat' dir='ltr'><strong>ad</strong></span> <span class='ocrx_word' id='word_1_459' title='bbox 466 3580 639 3636; x_wconf 89' lang='lat' dir='ltr'><strong>Casulanum</strong></span> <span class='ocrx_word' id='word_1_460' title='bbox 659 3583 868 3654; x_wconf 86' lang='lat' dir='ltr'><strong>presbyterum,</strong></span> <span class='ocrx_word' id='word_1_461' title='bbox 889 3591 985 3640; x_wconf 90' lang='lat' dir='ltr'><strong>osteu-</strong></span> 
     </span>
     <span class='ocr_line' id='line_1_69' title="bbox 140 3666 986 3743; baseline 0.008 -23"><span class='ocrx_word' id='word_1_462' title='bbox 140 3669 211 3721; x_wconf 83' lang='lat' dir='ltr'><strong>dens</strong></span> <span class='ocrx_word' id='word_1_463' title='bbox 231 3666 376 3720; x_wconf 86' lang='lat' dir='ltr'><strong>curiuerit</strong></span> <span class='ocrx_word' id='word_1_464' title='bbox 403 3668 588 3723; x_wconf 87' lang='lat' dir='ltr'><strong>institutum:</strong></span> <span class='ocrx_word' id='word_1_465' title='bbox 620 3686 672 3724; x_wconf 92' lang='lat' dir='ltr'><strong>nec</strong></span> <span class='ocrx_word' id='word_1_466' title='bbox 700 3677 795 3726; x_wconf 88' lang='lat' dir='ltr'><strong>tamen</strong></span> <span class='ocrx_word' id='word_1_467' title='bbox 824 3673 878 3726; x_wconf 93' lang='lat' dir='ltr'><strong>hoc</strong></span> <span class='ocrx_word' id='word_1_468' title='bbox 909 3675 986 3743; x_wconf 85' lang='lat' dir='ltr'><strong>jeju-</strong></span> 
     </span>
     <span class='ocr_line' id='line_1_70' title="bbox 139 3753 984 3829; baseline 0.011 -22"><span class='ocrx_word' id='word_1_469' title='bbox 139 3753 231 3821; x_wconf 86' lang='lat' dir='ltr'><strong>nium,</strong></span> <span class='ocrx_word' id='word_1_470' title='bbox 250 3754 327 3827; x_wconf 88' lang='lat' dir='ltr'><strong>quod</strong></span> <span class='ocrx_word' id='word_1_471' title='bbox 344 3761 447 3827; x_wconf 88' lang='lat' dir='ltr'><strong>quarta</strong></span> <span class='ocrx_word' id='word_1_472' title='bbox 474 3758 533 3812; x_wconf 90' lang='lat' dir='ltr'><strong>sive</strong></span> <span class='ocrx_word' id='word_1_473' title='bbox 559 3765 639 3813; x_wconf 86' lang='lat' dir='ltr'><strong>sexta</strong></span> <span class='ocrx_word' id='word_1_474' title='bbox 672 3760 787 3815; x_wconf 89' lang='lat' dir='ltr'><strong>Sabbati</strong></span> <span class='ocrx_word' id='word_1_475' title='bbox 815 3762 984 3829; x_wconf 87' lang='lat' dir='ltr'><strong>celebratur,</strong></span> 
     </span>
     <span class='ocr_line' id='line_1_71' title="bbox 140 3843 986 3906; baseline 0.009 -9"><span class='ocrx_word' id='word_1_476' title='bbox 140 3843 318 3899; x_wconf 88' lang='lat' dir='ltr'><strong>abomuibus</strong></span> <span class='ocrx_word' id='word_1_477' title='bbox 343 3846 473 3901; x_wconf 81' lang='lat' dir='ltr'><strong>Ecclesiis</strong></span> <span class='ocrx_word' id='word_1_478' title='bbox 500 3848 544 3901; x_wconf 87' lang='lat' dir='ltr'><strong>vel</strong></span> <span class='ocrx_word' id='word_1_479' title='bbox 561 3847 753 3904; x_wconf 82' lang='lat' dir='ltr'><strong>Orientalibus</strong></span> <span class='ocrx_word' id='word_1_480' title='bbox 782 3853 824 3905; x_wconf 91' lang='lat' dir='ltr'><strong>vel</strong></span> <span class='ocrx_word' id='word_1_481' title='bbox 853 3852 986 3906; x_wconf 87' lang='lat' dir='ltr'><strong>Occiden-</strong></span> 
     </span>
     <span class='ocr_line' id='line_1_72' title="bbox 139 3933 987 4010; baseline 0.009 -24"><span class='ocrx_word' id='word_1_482' title='bbox 139 3933 242 3987; x_wconf 89' lang='lat' dir='ltr'><strong>talibus</strong></span> <span class='ocrx_word' id='word_1_483' title='bbox 252 3934 417 4005; x_wconf 89' lang='lat' dir='ltr'><strong>peragitur;</strong></span> <span class='ocrx_word' id='word_1_484' title='bbox 430 3936 480 3989; x_wconf 91' lang='lat' dir='ltr'><strong>sed</strong></span> <span class='ocrx_word' id='word_1_485' title='bbox 496 3936 693 4008; x_wconf 90' lang='lat' dir='ltr'><strong>aquibusdam</strong></span> <span class='ocrx_word' id='word_1_486' title='bbox 717 3939 822 4008; x_wconf 91' lang='lat' dir='ltr'><strong>quibus</strong></span> <span class='ocrx_word' id='word_1_487' title='bbox 836 3940 862 3992; x_wconf 94' lang='lat' dir='ltr'><strong>id</strong></span> <span class='ocrx_word' id='word_1_488' title='bbox 879 3940 987 4010; x_wconf 87' lang='lat' dir='ltr'><strong>placuit</strong></span> 
     </span>
     <span class='ocr_line' id='line_1_73' title="bbox 140 4022 986 4098; baseline 0.011 -24"><span class='ocrx_word' id='word_1_489' title='bbox 140 4022 308 4076; x_wconf 86' lang='lat' dir='ltr'><strong>observare:</strong></span> <span class='ocrx_word' id='word_1_490' title='bbox 327 4038 378 4076; x_wconf 89' lang='lat' dir='ltr'><strong>nec</strong></span> <span class='ocrx_word' id='word_1_491' title='bbox 401 4028 499 4078; x_wconf 88' lang='lat' dir='ltr'><strong>tamen</strong></span> <span class='ocrx_word' id='word_1_492' title='bbox 525 4031 678 4094; x_wconf 90' lang='lat' dir='ltr'><strong>propterea</strong></span> <span class='ocrx_word' id='word_1_493' title='bbox 707 4027 756 4097; x_wconf 95' lang='lat' dir='ltr'><strong>qui</strong></span> <span class='ocrx_word' id='word_1_494' title='bbox 779 4028 912 4098; x_wconf 88' lang='lat' dir='ltr'><strong>jejunant</strong></span> <span class='ocrx_word' id='word_1_495' title='bbox 942 4030 986 4083; x_wconf 87' lang='lat' dir='ltr'><strong>his</strong></span> 
     </span>
     <span class='ocr_line' id='line_1_74' title="bbox 139 4109 985 4184; baseline 0.012 -22"><span class='ocrx_word' id='word_1_496' title='bbox 139 4109 240 4163; x_wconf 88' lang='lat' dir='ltr'><strong>diebus</strong></span> <span class='ocrx_word' id='word_1_497' title='bbox 269 4110 523 4178; x_wconf 86' lang='lat' dir='ltr'><strong>reprehenduntur</strong></span> <span class='ocrx_word' id='word_1_498' title='bbox 543 4111 579 4165; x_wconf 90' lang='lat' dir='ltr'><strong>ab</strong></span> <span class='ocrx_word' id='word_1_499' title='bbox 607 4113 648 4164; x_wconf 87' lang='lat' dir='ltr'><strong>eis</strong></span> <span class='ocrx_word' id='word_1_500' title='bbox 674 4114 724 4184; x_wconf 91' lang='lat' dir='ltr'><strong>qai</strong></span> <span class='ocrx_word' id='word_1_501' title='bbox 750 4116 903 4184; x_wconf 89' lang='lat' dir='ltr'><strong>prandent,</strong></span> <span class='ocrx_word' id='word_1_502' title='bbox 937 4119 985 4172; x_wconf 87' lang='lat' dir='ltr'><strong>sed</strong></span> 
     </span>
     <span class='ocr_line' id='line_1_75' title="bbox 139 4199 985 4275; baseline 0.012 -24"><span class='ocrx_word' id='word_1_503' title='bbox 139 4201 218 4251; x_wconf 86' lang='lat' dir='ltr'><strong>tenet</strong></span> <span class='ocrx_word' id='word_1_504' title='bbox 234 4213 412 4267; x_wconf 79' lang='lat' dir='ltr'><strong>unaquaeqne</strong></span> <span class='ocrx_word' id='word_1_505' title='bbox 438 4199 559 4252; x_wconf 86' lang='lat' dir='ltr'><strong>Ecclesia</strong></span> <span class='ocrx_word' id='word_1_506' title='bbox 586 4215 695 4255; x_wconf 91' lang='lat' dir='ltr'><strong>morem</strong></span> <span class='ocrx_word' id='word_1_507' title='bbox 719 4218 805 4272; x_wconf 91' lang='lat' dir='ltr'><strong>quem</strong></span> <span class='ocrx_word' id='word_1_508' title='bbox 829 4221 846 4258; x_wconf 93' lang='lat' dir='ltr'><strong>a</strong></span> <span class='ocrx_word' id='word_1_509' title='bbox 870 4208 985 4275; x_wconf 86' lang='lat' dir='ltr'><strong>majori·</strong></span> 
     </span>
    </p>
   </div>
   <div class='ocr_carea' id='block_1_9' title="bbox 1039 3048 1894 4273">
    <p class='ocr_par' dir='ltr' id='par_1_12' title="bbox 1039 3048 1894 4273">
     <span class='ocr_line' id='line_1_76' title="bbox 1040 3048 1893 3108; baseline -0.005 -2"><span class='ocrx_word' id='word_1_510' title='bbox 1040 3053 1174 3107; x_wconf 89' lang='lat' dir='ltr'><strong>similiter</strong></span> <span class='ocrx_word' id='word_1_511' title='bbox 1200 3058 1231 3106; x_wconf 91' lang='lat' dir='ltr'><strong>ut</strong></span> <span class='ocrx_word' id='word_1_512' title='bbox 1260 3054 1352 3108; x_wconf 83' lang='lat' dir='ltr'><strong>dicem</strong></span> <span class='ocrx_word' id='word_1_513' title='bbox 1383 3055 1564 3108; x_wconf 90' lang='lat' dir='ltr'><strong>Dominicnm</strong></span> <span class='ocrx_word' id='word_1_514' title='bbox 1592 3055 1750 3106; x_wconf 89' lang='lat' dir='ltr'><strong>solemnem</strong></span> <span class='ocrx_word' id='word_1_515' title='bbox 1783 3048 1893 3103; x_wconf 87' lang='lat' dir='ltr'><strong>habere</strong></span> 
     </span>
     <span class='ocr_line' id='line_1_77' title="bbox 1041 3139 1893 3213; baseline -0.006 -16"><span class='ocrx_word' id='word_1_516' title='bbox 1041 3142 1186 3205; x_wconf 86' lang='lat' dir='ltr'><strong>debemus,</strong></span> <span class='ocrx_word' id='word_1_517' title='bbox 1216 3143 1246 3196; x_wconf 94' lang='lat' dir='ltr'><strong>in</strong></span> <span class='ocrx_word' id='word_1_518' title='bbox 1279 3159 1336 3213; x_wconf 94' lang='lat' dir='ltr'><strong>quo</strong></span> <span class='ocrx_word' id='word_1_519' title='bbox 1366 3143 1538 3197; x_wconf 88' lang='lat' dir='ltr'><strong>sacriliciunr</strong></span> <span class='ocrx_word' id='word_1_520' title='bbox 1576 3142 1718 3197; x_wconf 87' lang='lat' dir='ltr'><strong>Dominici</strong></span> <span class='ocrx_word' id='word_1_521' title='bbox 1762 3139 1893 3210; x_wconf 89' lang='lat' dir='ltr'><strong>corporis</strong></span> 
     </span>
     <span class='ocr_line' id='line_1_78' title="bbox 1041 3228 1893 3301; baseline -0.006 -16"><span class='ocrx_word' id='word_1_522' title='bbox 1041 3237 1069 3286; x_wconf 90' lang='lat' dir='ltr'><strong>et</strong></span> <span class='ocrx_word' id='word_1_523' title='bbox 1081 3231 1171 3285; x_wconf 91' lang='lat' dir='ltr'><strong>divini</strong></span> <span class='ocrx_word' id='word_1_524' title='bbox 1198 3231 1346 3301; x_wconf 90' lang='lat' dir='ltr'><strong>sanguinis</strong></span> <span class='ocrx_word' id='word_1_525' title='bbox 1375 3232 1410 3286; x_wconf 91' lang='lat' dir='ltr'><strong>ab</strong></span> <span class='ocrx_word' id='word_1_526' title='bbox 1439 3231 1502 3301; x_wconf 89' lang='lat' dir='ltr'><strong>ipso</strong></span> <span class='ocrx_word' id='word_1_527' title='bbox 1531 3232 1652 3285; x_wconf 92' lang='lat' dir='ltr'><strong>Domino</strong></span> <span class='ocrx_word' id='word_1_528' title='bbox 1686 3228 1893 3284; x_wconf 85' lang='lat' dir='ltr'><strong>celebrationis</strong></span> 
     </span>
     <span class='ocr_line' id='line_1_79' title="bbox 1041 3320 1892 3390; baseline -0.004 -18"><span class='ocrx_word' id='word_1_529' title='bbox 1041 3320 1162 3390; x_wconf 89' lang='lat' dir='ltr'><strong>sumpsit</strong></span> <span class='ocrx_word' id='word_1_530' title='bbox 1189 3320 1317 3374; x_wconf 85' lang='lat' dir='ltr'><strong>initium.</strong></span> <span class='ocrx_word' id='word_1_531' title='bbox 1354 3322 1409 3375; x_wconf 85' lang='lat' dir='ltr'><strong>llac</strong></span> <span class='ocrx_word' id='word_1_532' title='bbox 1443 3320 1536 3374; x_wconf 93' lang='lat' dir='ltr'><strong>diciu</strong></span> <span class='ocrx_word' id='word_1_533' title='bbox 1567 3326 1627 3373; x_wconf 90' lang='lat' dir='ltr'><strong>toto</strong></span> <span class='ocrx_word' id='word_1_534' title='bbox 1660 3320 1728 3372; x_wconf 89' lang='lat' dir='ltr'><strong>orbe</strong></span> <span class='ocrx_word' id='word_1_535' title='bbox 1757 3321 1892 3370; x_wconf 87' lang='lat' dir='ltr'><strong>sanctum</strong></span> 
     </span>
     <span class='ocr_line' id='line_1_80' title="bbox 1040 3406 1892 3478; baseline -0.002 -18"><span class='ocrx_word' id='word_1_536' title='bbox 1040 3408 1165 3461; x_wconf 83' lang='lat' dir='ltr'><strong>chrisma</strong></span> <span class='ocrx_word' id='word_1_537' title='bbox 1191 3409 1366 3464; x_wconf 89' lang='lat' dir='ltr'><strong>coniicitur:</strong></span> <span class='ocrx_word' id='word_1_538' title='bbox 1393 3410 1446 3462; x_wconf 89' lang='lat' dir='ltr'><strong>hac</strong></span> <span class='ocrx_word' id='word_1_539' title='bbox 1481 3408 1567 3462; x_wconf 90' lang='lat' dir='ltr'><strong>ctiam</strong></span> <span class='ocrx_word' id='word_1_540' title='bbox 1597 3408 1642 3462; x_wconf 91' lang='lat' dir='ltr'><strong>dic</strong></span> <span class='ocrx_word' id='word_1_541' title='bbox 1683 3406 1892 3478; x_wconf 74' lang='lat' dir='ltr'><strong>paenitentibus</strong></span> 
     </span>
     <span class='ocr_line' id='line_1_81' title="bbox 1040 3496 1892 3568; baseline -0.002 -18"><span class='ocrx_word' id='word_1_542' title='bbox 1040 3512 1092 3567; x_wconf 90' lang='lat' dir='ltr'><strong>per</strong></span> <span class='ocrx_word' id='word_1_543' title='bbox 1118 3497 1329 3568; x_wconf 81' lang='lat' dir='ltr'><strong>indulgentiam</strong></span> <span class='ocrx_word' id='word_1_544' title='bbox 1360 3497 1550 3567; x_wconf 83' lang='lat' dir='ltr'><strong>subvenitar3</strong></span> <span class='ocrx_word' id='word_1_545' title='bbox 1582 3497 1725 3551; x_wconf 91' lang='lat' dir='ltr'><strong>discordes</strong></span> <span class='ocrx_word' id='word_1_546' title='bbox 1754 3496 1788 3549; x_wconf 91' lang='lat' dir='ltr'><strong>ad</strong></span> <span class='ocrx_word' id='word_1_547' title='bbox 1819 3511 1892 3548; x_wconf 88' lang='lat' dir='ltr'><strong>con-</strong></span> 
     </span>
     <span class='ocr_line' id='line_1_82' title="bbox 1040 3585 1893 3657; baseline -0.004 -18"><span class='ocrx_word' id='word_1_548' title='bbox 1040 3585 1166 3640; x_wconf 90' lang='lat' dir='ltr'><strong>cordiam</strong></span> <span class='ocrx_word' id='word_1_549' title='bbox 1182 3587 1235 3639; x_wconf 90' lang='lat' dir='ltr'><strong>hac</strong></span> <span class='ocrx_word' id='word_1_550' title='bbox 1261 3587 1306 3640; x_wconf 89' lang='lat' dir='ltr'><strong>die</strong></span> <span class='ocrx_word' id='word_1_551' title='bbox 1334 3586 1466 3647; x_wconf 87' lang='lat' dir='ltr'><strong>redeunt,</strong></span> <span class='ocrx_word' id='word_1_552' title='bbox 1495 3586 1680 3657; x_wconf 89' lang='lat' dir='ltr'><strong>pacilicantur</strong></span> <span class='ocrx_word' id='word_1_553' title='bbox 1708 3585 1789 3651; x_wconf 83' lang='lat' dir='ltr'><strong>irati3</strong></span> <span class='ocrx_word' id='word_1_554' title='bbox 1820 3585 1893 3637; x_wconf 87' lang='lat' dir='ltr'><strong>darrt</strong></span> 
     </span>
     <span class='ocr_line' id='line_1_83' title="bbox 1039 3671 1891 3744; baseline -0.004 -18"><span class='ocrx_word' id='word_1_555' title='bbox 1039 3672 1248 3744; x_wconf 86' lang='lat' dir='ltr'><strong>indulgentiam</strong></span> <span class='ocrx_word' id='word_1_556' title='bbox 1264 3674 1406 3744; x_wconf 89' lang='lat' dir='ltr'><strong>principes</strong></span> <span class='ocrx_word' id='word_1_557' title='bbox 1428 3674 1603 3739; x_wconf 77' lang='lat' dir='ltr'><strong>criminosis3</strong></span> <span class='ocrx_word' id='word_1_558' title='bbox 1621 3673 1710 3727; x_wconf 89' lang='lat' dir='ltr'><strong>servis</strong></span> <span class='ocrx_word' id='word_1_559' title='bbox 1734 3671 1818 3726; x_wconf 88' lang='lat' dir='ltr'><strong>malis</strong></span> <span class='ocrx_word' id='word_1_560' title='bbox 1842 3673 1891 3724; x_wconf 81' lang='lat' dir='ltr'><strong>in-</strong></span> 
     </span>
     <span class='ocr_line' id='line_1_84' title="bbox 1040 3760 1891 3832; baseline -0.002 -18"><span class='ocrx_word' id='word_1_561' title='bbox 1040 3760 1160 3831; x_wconf 81' lang='lat' dir='ltr'><strong>dulgent</strong></span> <span class='ocrx_word' id='word_1_562' title='bbox 1178 3762 1302 3828; x_wconf 88' lang='lat' dir='ltr'><strong>domini;</strong></span> <span class='ocrx_word' id='word_1_563' title='bbox 1320 3762 1433 3832; x_wconf 84' lang='lat' dir='ltr'><strong>judices</strong></span> <span class='ocrx_word' id='word_1_564' title='bbox 1457 3762 1543 3816; x_wconf 87' lang='lat' dir='ltr'><strong>etiarn</strong></span> <span class='ocrx_word' id='word_1_565' title='bbox 1572 3762 1731 3816; x_wconf 89' lang='lat' dir='ltr'><strong>latronibus</strong></span> <span class='ocrx_word' id='word_1_566' title='bbox 1755 3767 1891 3831; x_wconf 90' lang='lat' dir='ltr'><strong>parcunt,</strong></span> 
     </span>
     <span class='ocr_line' id='line_1_85' title="bbox 1040 3848 1890 3920; baseline -0.004 -17"><span class='ocrx_word' id='word_1_567' title='bbox 1040 3854 1190 3920; x_wconf 89' lang='lat' dir='ltr'><strong>patescunt</strong></span> <span class='ocrx_word' id='word_1_568' title='bbox 1208 3868 1332 3904; x_wconf 86' lang='lat' dir='ltr'><strong>carceres</strong></span> <span class='ocrx_word' id='word_1_569' title='bbox 1357 3851 1387 3904; x_wconf 95' lang='lat' dir='ltr'><strong>in</strong></span> <span class='ocrx_word' id='word_1_570' title='bbox 1415 3856 1474 3906; x_wconf 94' lang='lat' dir='ltr'><strong>toto</strong></span> <span class='ocrx_word' id='word_1_571' title='bbox 1499 3851 1578 3905; x_wconf 90' lang='lat' dir='ltr'><strong>orbe.</strong></span> <span class='ocrx_word' id='word_1_572' title='bbox 1605 3850 1731 3904; x_wconf 82' lang='lat' dir='ltr'><strong>Haedis</strong></span> <span class='ocrx_word' id='word_1_573' title='bbox 1755 3848 1789 3902; x_wconf 92' lang='lat' dir='ltr'><strong>ad</strong></span> <span class='ocrx_word' id='word_1_574' title='bbox 1815 3849 1890 3902; x_wconf 80' lang='lat' dir='ltr'><strong>laeti·</strong></span> 
     </span>
     <span class='ocr_line' id='line_1_86' title="bbox 1040 3938 1894 4010; baseline -0.005 -18"><span class='ocrx_word' id='word_1_575' title='bbox 1040 3938 1110 3992; x_wconf 89' lang='lat' dir='ltr'><strong>tiam</strong></span> <span class='ocrx_word' id='word_1_576' title='bbox 1136 3938 1297 3993; x_wconf 80' lang='lat' dir='ltr'><strong>festivitatis</strong></span> <span class='ocrx_word' id='word_1_577' title='bbox 1327 3941 1496 4010; x_wconf 85' lang='lat' dir='ltr'><strong>exeantqui</strong></span> <span class='ocrx_word' id='word_1_578' title='bbox 1515 3956 1545 3993; x_wconf 90' lang='lat' dir='ltr'><strong>se</strong></span> <span class='ocrx_word' id='word_1_579' title='bbox 1568 3939 1742 4004; x_wconf 88' lang='lat' dir='ltr'><strong>clauserunt,</strong></span> <span class='ocrx_word' id='word_1_580' title='bbox 1768 3942 1894 4007; x_wconf 88' lang='lat' dir='ltr'><strong>propter</strong></span> 
     </span>
     <span class='ocr_line' id='line_1_87' title="bbox 1041 4026 1891 4098; baseline -0.002 -18"><span class='ocrx_word' id='word_1_581' title='bbox 1041 4028 1234 4081; x_wconf 90' lang='lat' dir='ltr'><strong>austeritatem</strong></span> <span class='ocrx_word' id='word_1_582' title='bbox 1254 4028 1404 4097; x_wconf 91' lang='lat' dir='ltr'><strong>culparum</strong></span> <span class='ocrx_word' id='word_1_583' title='bbox 1426 4030 1529 4091; x_wconf 85' lang='lat' dir='ltr'><strong>tiendo,</strong></span> <span class='ocrx_word' id='word_1_584' title='bbox 1555 4028 1630 4098; x_wconf 89' lang='lat' dir='ltr'><strong>quod</strong></span> <span class='ocrx_word' id='word_1_585' title='bbox 1656 4026 1773 4080; x_wconf 89' lang='lat' dir='ltr'><strong>ridendo</strong></span> <span class='ocrx_word' id='word_1_586' title='bbox 1803 4026 1891 4091; x_wconf 80' lang='lat' dir='ltr'><strong>forte,</strong></span> 
     </span>
     <span class='ocr_line' id='line_1_88' title="bbox 1041 4114 1890 4186; baseline -0.004 -17"><span class='ocrx_word' id='word_1_587' title='bbox 1041 4121 1090 4170; x_wconf 90' lang='lat' dir='ltr'><strong>ant</strong></span> <span class='ocrx_word' id='word_1_588' title='bbox 1115 4116 1273 4183; x_wconf 89' lang='lat' dir='ltr'><strong>irascendo,</strong></span> <span class='ocrx_word' id='word_1_589' title='bbox 1301 4123 1350 4170; x_wconf 92' lang='lat' dir='ltr'><strong>ant</strong></span> <span class='ocrx_word' id='word_1_590' title='bbox 1377 4116 1440 4170; x_wconf 88' lang='lat' dir='ltr'><strong>aliis</strong></span> <span class='ocrx_word' id='word_1_591' title='bbox 1466 4116 1642 4186; x_wconf 88' lang='lat' dir='ltr'><strong>quibuslibet</strong></span> <span class='ocrx_word' id='word_1_592' title='bbox 1676 4114 1769 4169; x_wconf 91' lang='lat' dir='ltr'><strong>modis</strong></span> <span class='ocrx_word' id='word_1_593' title='bbox 1793 4118 1890 4167; x_wconf 89' lang='lat' dir='ltr'><strong>trans-</strong></span> 
     </span>
     <span class='ocr_line' id='line_1_89' title="bbox 1040 4203 1888 4273; baseline -0.002 -17"><span class='ocrx_word' id='word_1_594' title='bbox 1040 4204 1199 4273; x_wconf 80' lang='lat' dir='ltr'><strong>grediendo</strong></span> <span class='ocrx_word' id='word_1_595' title='bbox 1237 4206 1415 4260; x_wconf 90' lang='lat' dir='ltr'><strong>commisere.</strong></span> <span class='ocrx_word' id='word_1_596' title='bbox 1449 4205 1512 4259; x_wconf 83' lang='lat' dir='ltr'><strong>llaec</strong></span> <span class='ocrx_word' id='word_1_597' title='bbox 1541 4211 1570 4259; x_wconf 89' lang='lat' dir='ltr'><strong>et</strong></span> <span class='ocrx_word' id='word_1_598' title='bbox 1597 4205 1643 4258; x_wconf 90' lang='lat' dir='ltr'><strong>his</strong></span> <span class='ocrx_word' id='word_1_599' title='bbox 1671 4203 1888 4257; x_wconf 86' lang='lat' dir='ltr'><strong>similiamulta</strong></span> 
     </span>
    </p>
   </div>
   <div class='ocr_carea' id='block_1_10' title="bbox 140 4283 1892 4364">
    <p class='ocr_par' dir='ltr' id='par_1_13' title="bbox 140 4283 1892 4364">
     <span class='ocr_line' id='line_1_90' title="bbox 140 4283 1892 4364; baseline 0.002 -26"><span class='ocrx_word' id='word_1_600' title='bbox 140 4284 193 4338; x_wconf 89' lang='lat' dir='ltr'><strong>bus</strong></span> <span class='ocrx_word' id='word_1_601' title='bbox 207 4283 266 4337; x_wconf 88' lang='lat' dir='ltr'><strong>suis</strong></span> <span class='ocrx_word' id='word_1_602' title='bbox 282 4285 414 4354; x_wconf 91' lang='lat' dir='ltr'><strong>suscepit.</strong></span> <span class='ocrx_word' id='word_1_603' title='bbox 428 4286 489 4351; x_wconf 85' lang='lat' dir='ltr'><strong>Qua</strong></span> <span class='ocrx_word' id='word_1_604' title='bbox 508 4287 543 4340; x_wconf 92' lang='lat' dir='ltr'><strong>de</strong></span> <span class='ocrx_word' id='word_1_605' title='bbox 558 4304 589 4341; x_wconf 93' lang='lat' dir='ltr'><strong>re</strong></span> <span class='ocrx_word' id='word_1_606' title='bbox 611 4289 775 4345; x_wconf 90' lang='lat' dir='ltr'><strong>mirandum</strong></span> <span class='ocrx_word' id='word_1_607' title='bbox 799 4308 885 4347; x_wconf 90' lang='lat' dir='ltr'><strong>cura</strong></span> <span class='ocrx_word' id='word_1_608' title='bbox 913 4295 986 4349; x_wconf 82' lang='lat' dir='ltr'><strong>Grae-</strong></span> <span class='ocrx_word' id='word_1_609' title='bbox 1006 4289 1152 4347; x_wconf 83' lang='lat' dir='ltr'><strong>Ddicentc</strong></span> <span class='ocrx_word' id='word_1_610' title='bbox 1177 4297 1274 4346; x_wconf 88' lang='lat' dir='ltr'><strong>sancto</strong></span> <span class='ocrx_word' id='word_1_611' title='bbox 1301 4295 1433 4348; x_wconf 84' lang='lat' dir='ltr'><strong>Silvestre</strong></span> <span class='ocrx_word' id='word_1_612' title='bbox 1461 4293 1625 4364; x_wconf 86' lang='lat' dir='ltr'><strong>corrqnievit</strong></span> <span class='ocrx_word' id='word_1_613' title='bbox 1649 4291 1743 4345; x_wconf 91' lang='lat' dir='ltr'><strong>omnis</strong></span> <span class='ocrx_word' id='word_1_614' title='bbox 1771 4296 1892 4343; x_wconf 89' lang='lat' dir='ltr'><strong>contra·</strong></span> 
     </span>
    </p>
   </div>
   <div class='ocr_carea' id='block_1_11' title="bbox 136 4372 988 5426">
    <p class='ocr_par' dir='ltr' id='par_1_14' title="bbox 137 4372 988 4886">
     <span class='ocr_line' id='line_1_91' title="bbox 140 4372 985 4450; baseline 0.013 -23"><span class='ocrx_word' id='word_1_615' title='bbox 140 4375 180 4427; x_wconf 89' lang='lat' dir='ltr'><strong>cis</strong></span> <span class='ocrx_word' id='word_1_616' title='bbox 190 4372 313 4427; x_wconf 85' lang='lat' dir='ltr'><strong>Romani</strong></span> <span class='ocrx_word' id='word_1_617' title='bbox 328 4373 537 4444; x_wconf 86' lang='lat' dir='ltr'><strong>redarguantur</strong></span> <span class='ocrx_word' id='word_1_618' title='bbox 550 4393 637 4446; x_wconf 80' lang='lat' dir='ltr'><strong>super</strong></span> <span class='ocrx_word' id='word_1_619' title='bbox 648 4379 761 4450; x_wconf 87' lang='lat' dir='ltr'><strong>jejunio</strong></span> <span class='ocrx_word' id='word_1_620' title='bbox 777 4381 902 4448; x_wconf 88' lang='lat' dir='ltr'><strong>Sabbati,</strong></span> <span class='ocrx_word' id='word_1_621' title='bbox 921 4400 985 4438; x_wconf 91' lang='lat' dir='ltr'><strong>cum</strong></span> 
     </span>
     <span class='ocr_line' id='line_1_92' title="bbox 140 4461 986 4540; baseline 0.014 -26"><span class='ocrx_word' id='word_1_622' title='bbox 140 4476 199 4514; x_wconf 87' lang='lat' dir='ltr'><strong>uon</strong></span> <span class='ocrx_word' id='word_1_623' title='bbox 215 4461 471 4532; x_wconf 87' lang='lat' dir='ltr'><strong>redarguaulurah</strong></span> <span class='ocrx_word' id='word_1_624' title='bbox 483 4464 575 4519; x_wconf 88' lang='lat' dir='ltr'><strong>eisvel</strong></span> <span class='ocrx_word' id='word_1_625' title='bbox 596 4468 779 4525; x_wconf 80' lang='lat' dir='ltr'><strong>Alexandrini</strong></span> <span class='ocrx_word' id='word_1_626' title='bbox 802 4477 904 4540; x_wconf 88' lang='lat' dir='ltr'><strong>quarta</strong></span> <span class='ocrx_word' id='word_1_627' title='bbox 925 4489 986 4526; x_wconf 90' lang='lat' dir='ltr'><strong>sex-</strong></span> 
     </span>
     <span class='ocr_line' id='line_1_93' title="bbox 140 4550 988 4629; baseline 0.017 -29"><span class='ocrx_word' id='word_1_628' title='bbox 140 4555 226 4619; x_wconf 85' lang='lat' dir='ltr'><strong>taque</strong></span> <span class='ocrx_word' id='word_1_629' title='bbox 241 4550 312 4603; x_wconf 85' lang='lat' dir='ltr'><strong>feria</strong></span> <span class='ocrx_word' id='word_1_630' title='bbox 324 4550 498 4620; x_wconf 87' lang='lat' dir='ltr'><strong>jejunantes,</strong></span> <span class='ocrx_word' id='word_1_631' title='bbox 509 4555 554 4608; x_wconf 89' lang='lat' dir='ltr'><strong>vel</strong></span> <span class='ocrx_word' id='word_1_632' title='bbox 563 4555 668 4626; x_wconf 88' lang='lat' dir='ltr'><strong>reliqui</strong></span> <span class='ocrx_word' id='word_1_633' title='bbox 679 4573 731 4629; x_wconf 90' lang='lat' dir='ltr'><strong>per</strong></span> <span class='ocrx_word' id='word_1_634' title='bbox 741 4559 888 4614; x_wconf 88' lang='lat' dir='ltr'><strong>Orientem</strong></span> <span class='ocrx_word' id='word_1_635' title='bbox 908 4560 988 4614; x_wconf 88' lang='lat' dir='ltr'><strong>Chri·</strong></span> 
     </span>
     <span class='ocr_line' id='line_1_94' title="bbox 140 4637 986 4719; baseline 0.014 -29"><span class='ocrx_word' id='word_1_636' title='bbox 140 4637 224 4691; x_wconf 87' lang='lat' dir='ltr'><strong>stiani</strong></span> <span class='ocrx_word' id='word_1_637' title='bbox 240 4653 247 4690; x_wconf 91' lang='lat'>:</span> <span class='ocrx_word' id='word_1_638' title='bbox 264 4655 329 4692; x_wconf 93' lang='lat' dir='ltr'><strong>cum</strong></span> <span class='ocrx_word' id='word_1_639' title='bbox 344 4646 454 4694; x_wconf 88' lang='lat' dir='ltr'><strong>constet</strong></span> <span class='ocrx_word' id='word_1_640' title='bbox 468 4643 799 4716; x_wconf 79' lang='lat' dir='ltr'><strong>Constantinopolitanae</strong></span> <span class='ocrx_word' id='word_1_641' title='bbox 813 4655 917 4719; x_wconf 88' lang='lat' dir='ltr'><strong>quarta</strong></span> <span class='ocrx_word' id='word_1_642' title='bbox 929 4650 986 4702; x_wconf 91' lang='lat' dir='ltr'><strong>sive</strong></span> 
     </span>
     <span class='ocr_line' id='line_1_95' title="bbox 139 4726 986 4803; baseline 0.015 -25"><span class='ocrx_word' id='word_1_643' title='bbox 139 4730 217 4779; x_wconf 85' lang='lat' dir='ltr'><strong>sexta</strong></span> <span class='ocrx_word' id='word_1_644' title='bbox 232 4726 348 4780; x_wconf 84' lang='lat' dir='ltr'><strong>Sabbati</strong></span> <span class='ocrx_word' id='word_1_645' title='bbox 359 4734 390 4782; x_wconf 94' lang='lat' dir='ltr'><strong>ut</strong></span> <span class='ocrx_word' id='word_1_646' title='bbox 402 4729 535 4800; x_wconf 82' lang='lat' dir='ltr'><strong>jejunent</strong></span> <span class='ocrx_word' id='word_1_647' title='bbox 551 4731 630 4786; x_wconf 92' lang='lat' dir='ltr'><strong>nulla</strong></span> <span class='ocrx_word' id='word_1_648' title='bbox 645 4734 764 4803; x_wconf 79' lang='lat' dir='ltr'><strong>legevel</strong></span> <span class='ocrx_word' id='word_1_649' title='bbox 778 4736 986 4791; x_wconf 85' lang='lat' dir='ltr'><strong>cousuetudine</strong></span> 
     </span>
     <span class='ocr_line' id='line_1_96' title="bbox 137 4814 306 4886; baseline -0.018 -16"><span class='ocrx_word' id='word_1_650' title='bbox 137 4814 306 4886; x_wconf 87' lang='lat' dir='ltr'><strong>constringi.</strong></span> 
     </span>
    </p>

    <p class='ocr_par' dir='ltr' id='par_1_15' title="bbox 136 4904 987 5426">
     <span class='ocr_line' id='line_1_97' title="bbox 175 4904 987 4982; baseline 0.012 -25"><span class='ocrx_word' id='word_1_651' title='bbox 175 4904 207 4958; x_wconf 94' lang='lat' dir='ltr'><strong>ln</strong></span> <span class='ocrx_word' id='word_1_652' title='bbox 231 4904 325 4957; x_wconf 88' lang='lat' dir='ltr'><strong>insula</strong></span> <span class='ocrx_word' id='word_1_653' title='bbox 350 4905 513 4960; x_wconf 88' lang='lat' dir='ltr'><strong>Britannica</strong></span> <span class='ocrx_word' id='word_1_654' title='bbox 532 4909 610 4961; x_wconf 90' lang='lat' dir='ltr'><strong>omni</strong></span> <span class='ocrx_word' id='word_1_655' title='bbox 637 4915 714 4964; x_wconf 85' lang='lat' dir='ltr'><strong>sexta</strong></span> <span class='ocrx_word' id='word_1_656' title='bbox 736 4911 849 4966; x_wconf 85' lang='lat' dir='ltr'><strong>Sabbati</strong></span> <span class='ocrx_word' id='word_1_657' title='bbox 872 4912 987 4982; x_wconf 88' lang='lat' dir='ltr'><strong>jejuna·</strong></span> 
     </span>
     <span class='ocr_line' id='line_1_98' title="bbox 139 4995 987 5072; baseline 0.014 -28"><span class='ocrx_word' id='word_1_658' title='bbox 139 4995 197 5053; x_wconf 86' lang='lat' dir='ltr'><strong>tur,</strong></span> <span class='ocrx_word' id='word_1_659' title='bbox 226 5007 278 5046; x_wconf 91' lang='lat' dir='ltr'><strong>nec</strong></span> <span class='ocrx_word' id='word_1_660' title='bbox 304 4998 400 5045; x_wconf 89' lang='lat' dir='ltr'><strong>tamen</strong></span> <span class='ocrx_word' id='word_1_661' title='bbox 428 4998 692 5051; x_wconf 88' lang='lat' dir='ltr'><strong>excommunicatur</strong></span> <span class='ocrx_word' id='word_1_662' title='bbox 715 4999 750 5053; x_wconf 88' lang='lat' dir='ltr'><strong>ab</strong></span> <span class='ocrx_word' id='word_1_663' title='bbox 776 5001 825 5067; x_wconf 90' lang='lat' dir='ltr'><strong>eis,</strong></span> <span class='ocrx_word' id='word_1_664' title='bbox 854 5002 903 5072; x_wconf 92' lang='lat' dir='ltr'><strong>qui</strong></span> <span class='ocrx_word' id='word_1_665' title='bbox 937 5019 987 5072; x_wconf 89' lang='lat' dir='ltr'><strong>per</strong></span> 
     </span>
     <span class='ocr_line' id='line_1_99' title="bbox 140 5079 984 5144; baseline 0.013 -12"><span class='ocrx_word' id='word_1_666' title='bbox 140 5079 321 5134; x_wconf 85' lang='lat' dir='ltr'><strong>Occidentem</strong></span> <span class='ocrx_word' id='word_1_667' title='bbox 358 5082 408 5135; x_wconf 93' lang='lat' dir='ltr'><strong>illo</strong></span> <span class='ocrx_word' id='word_1_668' title='bbox 436 5082 481 5135; x_wconf 92' lang='lat' dir='ltr'><strong>die</strong></span> <span class='ocrx_word' id='word_1_669' title='bbox 523 5100 581 5138; x_wconf 88' lang='lat' dir='ltr'><strong>rron</strong></span> <span class='ocrx_word' id='word_1_670' title='bbox 610 5086 715 5140; x_wconf 83' lang='lat' dir='ltr'><strong>liabent</strong></span> <span class='ocrx_word' id='word_1_671' title='bbox 748 5089 984 5144; x_wconf 89' lang='lat' dir='ltr'><strong>consuetudinem</strong></span> 
     </span>
     <span class='ocr_line' id='line_1_100' title="bbox 136 5167 984 5244; baseline 0.014 -24"><span class='ocrx_word' id='word_1_672' title='bbox 136 5167 298 5236; x_wconf 86' lang='lat' dir='ltr'><strong>jejunandi.</strong></span> <span class='ocrx_word' id='word_1_673' title='bbox 314 5169 462 5224; x_wconf 86' lang='lat' dir='ltr'><strong>Scotorum</strong></span> <span class='ocrx_word' id='word_1_674' title='bbox 485 5172 574 5232; x_wconf 83' lang='lat' dir='ltr'><strong>natio,</strong></span> <span class='ocrx_word' id='word_1_675' title='bbox 600 5175 772 5244; x_wconf 87' lang='lat' dir='ltr'><strong>llyberniam</strong></span> <span class='ocrx_word' id='word_1_676' title='bbox 794 5177 918 5231; x_wconf 88' lang='lat' dir='ltr'><strong>insulam</strong></span> <span class='ocrx_word' id='word_1_677' title='bbox 942 5180 984 5231; x_wconf 91' lang='lat' dir='ltr'><strong>in-</strong></span> 
     </span>
     <span class='ocr_line' id='line_1_101' title="bbox 139 5255 985 5333; baseline 0.014 -24"><span class='ocrx_word' id='word_1_678' title='bbox 139 5255 281 5322; x_wconf 83' lang='lat' dir='ltr'><strong>habitans,</strong></span> <span class='ocrx_word' id='word_1_679' title='bbox 302 5260 539 5315; x_wconf 90' lang='lat' dir='ltr'><strong>consuetudinem</strong></span> <span class='ocrx_word' id='word_1_680' title='bbox 554 5261 638 5316; x_wconf 87' lang='lat' dir='ltr'><strong>babet</strong></span> <span class='ocrx_word' id='word_1_681' title='bbox 653 5279 704 5333; x_wconf 88' lang='lat' dir='ltr'><strong>per</strong></span> <span class='ocrx_word' id='word_1_682' title='bbox 727 5267 899 5319; x_wconf 84' lang='lat' dir='ltr'><strong>nrouasteria</strong></span> <span class='ocrx_word' id='word_1_683' title='bbox 924 5283 985 5321; x_wconf 91' lang='lat' dir='ltr'><strong>mo·</strong></span> 
     </span>
     <span class='ocr_line' id='line_1_102' title="bbox 139 5343 986 5426; baseline 0.013 -30"><span class='ocrx_word' id='word_1_684' title='bbox 139 5343 308 5412; x_wconf 82' lang='lat' dir='ltr'><strong>nechoram,</strong></span> <span class='ocrx_word' id='word_1_685' title='bbox 338 5362 387 5400; x_wconf 90' lang='lat' dir='ltr'><strong>seu</strong></span> <span class='ocrx_word' id='word_1_686' title='bbox 418 5349 634 5413; x_wconf 90' lang='lat' dir='ltr'><strong>canonicorum,</strong></span> <span class='ocrx_word' id='word_1_687' title='bbox 668 5351 711 5404; x_wconf 88' lang='lat' dir='ltr'><strong>vel</strong></span> <span class='ocrx_word' id='word_1_688' title='bbox 746 5368 986 5426; x_wconf 86' lang='lat' dir='ltr'><strong>quorumcunque</strong></span> 
     </span>
    </p>
   </div>
   <div class='ocr_carea' id='block_1_12' title="bbox 140 5469 985 5616">
    <p class='ocr_par' dir='ltr' id='par_1_16' title="bbox 140 5469 985 5616">
     <span class='ocr_line' id='line_1_103' title="bbox 174 5469 984 5546; baseline 0.011 -24"><span class='ocrx_word' id='word_1_689' title='bbox 174 5477 186 5502; x_wconf 84' lang='lat'><strong>¹</strong></span> <span class='ocrx_word' id='word_1_690' title='bbox 201 5469 327 5523; x_wconf 85' lang='lat' dir='ltr'><strong>Natalem</strong></span> <span class='ocrx_word' id='word_1_691' title='bbox 342 5471 445 5525; x_wconf 82' lang='lat' dir='ltr'><strong>calicis.</strong></span> <span class='ocrx_word' id='word_1_692' title='bbox 460 5472 491 5525; x_wconf 93' lang='lat' dir='ltr'><strong>lu</strong></span> <span class='ocrx_word' id='word_1_693' title='bbox 506 5471 601 5526; x_wconf 91' lang='lat' dir='ltr'><strong>codice</strong></span> <span class='ocrx_word' id='word_1_694' title='bbox 624 5471 793 5531; x_wconf 82' lang='lat' dir='ltr'><strong>San-Germ.</strong></span> <span class='ocrx_word' id='word_1_695' title='bbox 821 5476 905 5546; x_wconf 77' lang='lat' dir='ltr'><strong>longe</strong></span> <span class='ocrx_word' id='word_1_696' title='bbox 933 5478 984 5530; x_wconf 88' lang='lat' dir='ltr'><strong>ali-</strong></span> 
     </span>
     <span class='ocr_line' id='line_1_104' title="bbox 140 5541 985 5616; baseline 0.017 -27"><span class='ocrx_word' id='word_1_697' title='bbox 140 5541 184 5589; x_wconf 87' lang='lat' dir='ltr'><strong>ter</strong></span> <span class='ocrx_word' id='word_1_698' title='bbox 198 5542 268 5594; x_wconf 83' lang='lat' dir='ltr'><strong>:Car</strong></span> <span class='ocrx_word' id='word_1_699' title='bbox 282 5543 380 5608; x_wconf 82' lang='lat' dir='ltr'><strong>quinta</strong></span> <span class='ocrx_word' id='word_1_700' title='bbox 395 5542 479 5608; x_wconf 64' lang='lat' dir='ltr'><strong>saia,</strong></span> <span class='ocrx_word' id='word_1_701' title='bbox 496 5543 713 5599; x_wconf 78' lang='lat' dir='ltr'><strong>Christianorum</strong></span> <span class='ocrx_word' id='word_1_702' title='bbox 722 5551 836 5616; x_wconf 82' lang='lat' dir='ltr'><strong>putetur</strong></span> <span class='ocrx_word' id='word_1_703' title='bbox 849 5551 921 5614; x_wconf 73' lang='lat' dir='ltr'><strong>festa</strong></span> <span class='ocrx_word' id='word_1_704' title='bbox 936 5564 985 5602; x_wconf 81' lang='lat' dir='ltr'><strong>ec·</strong></span> 
     </span>
    </p>
   </div>
   <div class='ocr_carea' id='block_1_13' title="bbox 1039 4379 1897 5426">
    <p class='ocr_par' dir='ltr' id='par_1_17' title="bbox 1039 4379 1897 5426">
     <span class='ocr_line' id='line_1_105' title="bbox 1041 4379 1893 4451; baseline -0.004 -16"><span class='ocrx_word' id='word_1_705' title='bbox 1041 4380 1136 4447; x_wconf 90' lang='lat' dir='ltr'><strong>dictio,</strong></span> <span class='ocrx_word' id='word_1_706' title='bbox 1169 4398 1254 4451; x_wconf 88' lang='lat' dir='ltr'><strong>quam</strong></span> <span class='ocrx_word' id='word_1_707' title='bbox 1284 4383 1371 4435; x_wconf 84' lang='lat' dir='ltr'><strong>Graeci</strong></span> <span class='ocrx_word' id='word_1_708' title='bbox 1404 4381 1637 4436; x_wconf 73' lang='lat' dir='ltr'><strong>christianissimi</strong></span> <span class='ocrx_word' id='word_1_709' title='bbox 1672 4388 1699 4434; x_wconf 89' lang='lat' dir='ltr'><strong>et</strong></span> <span class='ocrx_word' id='word_1_710' title='bbox 1728 4379 1806 4432; x_wconf 91' lang='lat' dir='ltr'><strong>docti</strong></span> <span class='ocrx_word' id='word_1_711' title='bbox 1835 4380 1893 4432; x_wconf 91' lang='lat' dir='ltr'><strong>viri</strong></span> 
     </span>
     <span class='ocr_line' id='line_1_106' title="bbox 1041 4469 1893 4539; baseline -0.002 -18"><span class='ocrx_word' id='word_1_712' title='bbox 1041 4469 1206 4539; x_wconf 71' lang='lat' dir='ltr'><strong>opposuisse</strong></span> <span class='ocrx_word' id='word_1_713' title='bbox 1232 4470 1384 4523; x_wconf 87' lang='lat' dir='ltr'><strong>memorati</strong></span> <span class='ocrx_word' id='word_1_714' title='bbox 1425 4476 1502 4538; x_wconf 82' lang='lat' dir='ltr'><strong>situl,</strong></span> <span class='ocrx_word' id='word_1_715' title='bbox 1530 4471 1685 4523; x_wconf 86' lang='lat' dir='ltr'><strong>diceutes:</strong></span> <span class='ocrx_word' id='word_1_716' title='bbox 1720 4469 1788 4520; x_wconf 81' lang='lat' dir='ltr'><strong>l&#39;crc</strong></span> <span class='ocrx_word' id='word_1_717' title='bbox 1820 4485 1893 4537; x_wconf 87' lang='lat' dir='ltr'><strong>apo-</strong></span> 
     </span>
     <span class='ocr_line' id='line_1_107' title="bbox 1040 4558 1894 4628; baseline -0.002 -18"><span class='ocrx_word' id='word_1_718' title='bbox 1040 4558 1138 4611; x_wconf 87' lang='lat' dir='ltr'><strong>stolica</strong></span> <span class='ocrx_word' id='word_1_719' title='bbox 1154 4559 1235 4612; x_wconf 89' lang='lat' dir='ltr'><strong>sedes</strong></span> <span class='ocrx_word' id='word_1_720' title='bbox 1250 4559 1331 4612; x_wconf 92' lang='lat' dir='ltr'><strong>hoca</strong></span> <span class='ocrx_word' id='word_1_721' title='bbox 1351 4561 1434 4613; x_wconf 87' lang='lat' dir='ltr'><strong>Petro</strong></span> <span class='ocrx_word' id='word_1_722' title='bbox 1457 4559 1564 4626; x_wconf 91' lang='lat' dir='ltr'><strong>didicit,</strong></span> <span class='ocrx_word' id='word_1_723' title='bbox 1584 4560 1661 4628; x_wconf 92' lang='lat' dir='ltr'><strong>quod</strong></span> <span class='ocrx_word' id='word_1_724' title='bbox 1687 4558 1765 4611; x_wconf 90' lang='lat' dir='ltr'><strong>nulla</strong></span> <span class='ocrx_word' id='word_1_725' title='bbox 1794 4561 1894 4626; x_wconf 89' lang='lat' dir='ltr'><strong>potest</strong></span> 
     </span>
     <span class='ocr_line' id='line_1_108' title="bbox 1041 4644 1893 4716; baseline -0.006 -16"><span class='ocrx_word' id='word_1_726' title='bbox 1041 4647 1151 4700; x_wconf 87' lang='lat' dir='ltr'><strong>ratione</strong></span> <span class='ocrx_word' id='word_1_727' title='bbox 1180 4648 1345 4701; x_wconf 79' lang='lat' dir='ltr'><strong>convinci.»</strong></span> <span class='ocrx_word' id='word_1_728' title='bbox 1385 4648 1412 4701; x_wconf 87' lang='lat' dir='ltr'><strong>Si</strong></span> <span class='ocrx_word' id='word_1_729' title='bbox 1434 4648 1469 4700; x_wconf 90' lang='lat' dir='ltr'><strong>de</strong></span> <span class='ocrx_word' id='word_1_730' title='bbox 1509 4648 1555 4701; x_wconf 90' lang='lat' dir='ltr'><strong>die</strong></span> <span class='ocrx_word' id='word_1_731' title='bbox 1580 4647 1697 4701; x_wconf 89' lang='lat' dir='ltr'><strong>Sabbati</strong></span> <span class='ocrx_word' id='word_1_732' title='bbox 1721 4644 1893 4716; x_wconf 89' lang='lat' dir='ltr'><strong>judicantur</strong></span> 
     </span>
     <span class='ocr_line' id='line_1_109' title="bbox 1041 4733 1895 4807; baseline -0.004 -18"><span class='ocrx_word' id='word_1_733' title='bbox 1041 4734 1163 4789; x_wconf 83' lang='lat' dir='ltr'><strong>Romani</strong></span> <span class='ocrx_word' id='word_1_734' title='bbox 1184 4735 1262 4807; x_wconf 89' lang='lat' dir='ltr'><strong>quod</strong></span> <span class='ocrx_word' id='word_1_735' title='bbox 1288 4736 1421 4805; x_wconf 86' lang='lat' dir='ltr'><strong>jejunent</strong></span> <span class='ocrx_word' id='word_1_736' title='bbox 1435 4735 1464 4788; x_wconf 93' lang='lat' dir='ltr'><strong>in</strong></span> <span class='ocrx_word' id='word_1_737' title='bbox 1490 4753 1534 4802; x_wconf 91' lang='lat' dir='ltr'><strong>eo,</strong></span> <span class='ocrx_word' id='word_1_738' title='bbox 1564 4751 1614 4788; x_wconf 90' lang='lat' dir='ltr'><strong>cnr</strong></span> <span class='ocrx_word' id='word_1_739' title='bbox 1644 4750 1700 4787; x_wconf 92' lang='lat' dir='ltr'><strong>non</strong></span> <span class='ocrx_word' id='word_1_740' title='bbox 1721 4733 1895 4802; x_wconf 87' lang='lat' dir='ltr'><strong>judicantur</strong></span> 
     </span>
     <span class='ocr_line' id='line_1_110' title="bbox 1041 4822 1894 4894; baseline -0.004 -16"><span class='ocrx_word' id='word_1_741' title='bbox 1041 4824 1091 4894; x_wconf 87' lang='lat' dir='ltr'><strong>qui</strong></span> <span class='ocrx_word' id='word_1_742' title='bbox 1108 4825 1242 4893; x_wconf 82' lang='lat' dir='ltr'><strong>jcjtruaut</strong></span> <span class='ocrx_word' id='word_1_743' title='bbox 1257 4825 1358 4893; x_wconf 90' lang='lat' dir='ltr'><strong>quinta</strong></span> <span class='ocrx_word' id='word_1_744' title='bbox 1378 4824 1507 4888; x_wconf 89' lang='lat' dir='ltr'><strong>Sabbati;</strong></span> <span class='ocrx_word' id='word_1_745' title='bbox 1525 4830 1574 4876; x_wconf 92' lang='lat' dir='ltr'><strong>aut</strong></span> <span class='ocrx_word' id='word_1_746' title='bbox 1593 4840 1644 4876; x_wconf 84' lang='lat' dir='ltr'><strong>cxrr</strong></span> <span class='ocrx_word' id='word_1_747' title='bbox 1663 4822 1795 4876; x_wconf 86' lang='lat' dir='ltr'><strong>moderni</strong></span> <span class='ocrx_word' id='word_1_748' title='bbox 1809 4823 1894 4876; x_wconf 82' lang='lat' dir='ltr'><strong>Grae-</strong></span> 
     </span>
     <span class='ocr_line' id='line_1_111' title="bbox 1040 4909 1896 4981; baseline -0.005 -16"><span class='ocrx_word' id='word_1_749' title='bbox 1040 4928 1140 4966; x_wconf 87' lang='lat' dir='ltr'><strong>corum</strong></span> <span class='ocrx_word' id='word_1_750' title='bbox 1160 4912 1219 4964; x_wconf 91' lang='lat' dir='ltr'><strong>suis</strong></span> <span class='ocrx_word' id='word_1_751' title='bbox 1235 4913 1391 4981; x_wconf 87' lang='lat' dir='ltr'><strong>majoribus</strong></span> <span class='ocrx_word' id='word_1_752' title='bbox 1418 4912 1558 4965; x_wconf 84' lang='lat' dir='ltr'><strong>doctiores</strong></span> <span class='ocrx_word' id='word_1_753' title='bbox 1573 4912 1695 4965; x_wconf 85' lang='lat' dir='ltr'><strong>existere</strong></span> <span class='ocrx_word' id='word_1_754' title='bbox 1720 4909 1846 4974; x_wconf 90' lang='lat' dir='ltr'><strong>malunt,</strong></span> <span class='ocrx_word' id='word_1_755' title='bbox 1860 4914 1896 4961; x_wconf 88' lang='lat' dir='ltr'><strong>ut</strong></span> 
     </span>
     <span class='ocr_line' id='line_1_112' title="bbox 1041 4995 1894 5070; baseline -0.006 -18"><span class='ocrx_word' id='word_1_756' title='bbox 1041 5001 1116 5070; x_wconf 93' lang='lat' dir='ltr'><strong>quod</strong></span> <span class='ocrx_word' id='word_1_757' title='bbox 1132 4999 1174 5052; x_wconf 90' lang='lat' dir='ltr'><strong>illi</strong></span> <span class='ocrx_word' id='word_1_758' title='bbox 1194 5005 1374 5069; x_wconf 89' lang='lat' dir='ltr'><strong>receperunt,</strong></span> <span class='ocrx_word' id='word_1_759' title='bbox 1390 5006 1419 5052; x_wconf 91' lang='lat' dir='ltr'><strong>et</strong></span> <span class='ocrx_word' id='word_1_760' title='bbox 1434 4999 1529 5068; x_wconf 89' lang='lat' dir='ltr'><strong>dignis</strong></span> <span class='ocrx_word' id='word_1_761' title='bbox 1555 4999 1688 5053; x_wconf 86' lang='lat' dir='ltr'><strong>laudibus</strong></span> <span class='ocrx_word' id='word_1_762' title='bbox 1711 4995 1894 5060; x_wconf 73' lang='lat' dir='ltr'><strong>extralernnt,</strong></span> 
     </span>
     <span class='ocr_line' id='line_1_113' title="bbox 1040 5084 1894 5157; baseline -0.006 -15"><span class='ocrx_word' id='word_1_763' title='bbox 1040 5088 1092 5142; x_wconf 89' lang='lat' dir='ltr'><strong>hoc</strong></span> <span class='ocrx_word' id='word_1_764' title='bbox 1107 5087 1154 5140; x_wconf 89' lang='lat' dir='ltr'><strong>isti</strong></span> <span class='ocrx_word' id='word_1_765' title='bbox 1169 5089 1382 5157; x_wconf 86' lang='lat' dir='ltr'><strong>reprehendere</strong></span> <span class='ocrx_word' id='word_1_766' title='bbox 1395 5093 1524 5156; x_wconf 77' lang='lat' dir='ltr'><strong>querant</strong></span> <span class='ocrx_word' id='word_1_767' title='bbox 1541 5102 1547 5138; x_wconf 79' lang='lat' dir='ltr'>z</span> <span class='ocrx_word' id='word_1_768' title='bbox 1567 5104 1625 5141; x_wconf 93' lang='lat' dir='ltr'><strong>uon</strong></span> <span class='ocrx_word' id='word_1_769' title='bbox 1644 5087 1721 5140; x_wconf 88' lang='lat' dir='ltr'><strong>enim</strong></span> <span class='ocrx_word' id='word_1_770' title='bbox 1744 5086 1791 5139; x_wconf 89' lang='lat' dir='ltr'><strong>vel</strong></span> <span class='ocrx_word' id='word_1_771' title='bbox 1824 5084 1894 5138; x_wconf 88' lang='lat' dir='ltr'><strong>reli-</strong></span> 
     </span>
     <span class='ocr_line' id='line_1_114' title="bbox 1040 5173 1897 5246; baseline -0.004 -18"><span class='ocrx_word' id='word_1_772' title='bbox 1040 5177 1243 5246; x_wconf 87' lang='lat' dir='ltr'><strong>giosiores,vel</strong></span> <span class='ocrx_word' id='word_1_773' title='bbox 1275 5176 1417 5229; x_wconf 86' lang='lat' dir='ltr'><strong>doctiores</strong></span> <span class='ocrx_word' id='word_1_774' title='bbox 1445 5177 1485 5228; x_wconf 90' lang='lat' dir='ltr'><strong>eis</strong></span> <span class='ocrx_word' id='word_1_775' title='bbox 1506 5176 1744 5245; x_wconf 83' lang='lat' dir='ltr'><strong>comprobantnr3</strong></span> <span class='ocrx_word' id='word_1_776' title='bbox 1773 5173 1897 5227; x_wconf 86' lang='lat' dir='ltr'><strong>videant</strong></span> 
     </span>
     <span class='ocr_line' id='line_1_115' title="bbox 1040 5261 1894 5334; baseline -0.006 -15"><span class='ocrx_word' id='word_1_777' title='bbox 1040 5281 1075 5319; x_wconf 91' lang='lat' dir='ltr'><strong>ne</strong></span> <span class='ocrx_word' id='word_1_778' title='bbox 1095 5267 1213 5319; x_wconf 84' lang='lat' dir='ltr'><strong>tortasse</strong></span> <span class='ocrx_word' id='word_1_779' title='bbox 1241 5265 1439 5319; x_wconf 87' lang='lat' dir='ltr'><strong>insolentiores</strong></span> <span class='ocrx_word' id='word_1_780' title='bbox 1459 5265 1717 5334; x_wconf 85' lang='lat' dir='ltr'><strong>reprehendantur.</strong></span> <span class='ocrx_word' id='word_1_781' title='bbox 1730 5263 1787 5316; x_wconf 86' lang='lat' dir='ltr'><strong>Cur</strong></span> <span class='ocrx_word' id='word_1_782' title='bbox 1811 5261 1894 5315; x_wconf 89' lang='lat' dir='ltr'><strong>enim</strong></span> 
     </span>
     <span class='ocr_line' id='line_1_116' title="bbox 1039 5351 1896 5426; baseline -0.006 -18"><span class='ocrx_word' id='word_1_783' title='bbox 1039 5370 1091 5426; x_wconf 88' lang='lat' dir='ltr'><strong>per</strong></span> <span class='ocrx_word' id='word_1_784' title='bbox 1106 5359 1150 5409; x_wconf 91' lang='lat' dir='ltr'><strong>tot</strong></span> <span class='ocrx_word' id='word_1_785' title='bbox 1166 5356 1270 5409; x_wconf 87' lang='lat' dir='ltr'><strong>saccale</strong></span> <span class='ocrx_word' id='word_1_786' title='bbox 1284 5353 1360 5425; x_wconf 90' lang='lat' dir='ltr'><strong>quod</strong></span> <span class='ocrx_word' id='word_1_787' title='bbox 1389 5369 1453 5407; x_wconf 89' lang='lat' dir='ltr'><strong>cnm</strong></span> <span class='ocrx_word' id='word_1_788' title='bbox 1479 5371 1548 5425; x_wconf 88' lang='lat' dir='ltr'><strong>pace</strong></span> <span class='ocrx_word' id='word_1_789' title='bbox 1573 5353 1734 5407; x_wconf 88' lang='lat' dir='ltr'><strong>Christiana</strong></span> <span class='ocrx_word' id='word_1_790' title='bbox 1757 5351 1896 5405; x_wconf 85' lang='lat' dir='ltr'><strong>observa·</strong></span> 
     </span>
    </p>
   </div>
   <div class='ocr_carea' id='block_1_14' title="bbox 1039 5475 1895 5615">
    <p class='ocr_par' dir='ltr' id='par_1_18' title="bbox 1039 5475 1895 5615">
     <span class='ocr_line' id='line_1_117' title="bbox 1039 5475 1895 5548; baseline -0.006 -15"><span class='ocrx_word' id='word_1_791' title='bbox 1039 5479 1124 5542; x_wconf 86' lang='lat' dir='ltr'><strong>cladi,</strong></span> <span class='ocrx_word' id='word_1_792' title='bbox 1152 5481 1181 5531; x_wconf 83' lang='lat' dir='ltr'><strong>ta</strong></span> <span class='ocrx_word' id='word_1_793' title='bbox 1204 5494 1257 5548; x_wconf 88' lang='lat' dir='ltr'><strong>qao</strong></span> <span class='ocrx_word' id='word_1_794' title='bbox 1280 5475 1398 5532; x_wconf 80' lang='lat' dir='ltr'><strong>ascensio</strong></span> <span class='ocrx_word' id='word_1_795' title='bbox 1413 5479 1522 5533; x_wconf 83' lang='lat' dir='ltr'><strong>Domini</strong></span> <span class='ocrx_word' id='word_1_796' title='bbox 1549 5481 1649 5531; x_wconf 88' lang='lat' dir='ltr'><strong>constet</strong></span> <span class='ocrx_word' id='word_1_797' title='bbox 1674 5476 1809 5545; x_wconf 76' lang='lat' dir='ltr'><strong>apostolis</strong></span> <span class='ocrx_word' id='word_1_798' title='bbox 1835 5489 1895 5528; x_wconf 82' lang='lat' dir='ltr'><strong>esse</strong></span> 
     </span>
     <span class='ocr_line' id='line_1_118' title="bbox 1039 5548 1713 5615; baseline -0.007 -11"><span class='ocrx_word' id='word_1_799' title='bbox 1039 5549 1178 5604; x_wconf 76' lang='lat' dir='ltr'><strong>revelata?</strong></span> <span class='ocrx_word' id='word_1_800' title='bbox 1190 5548 1224 5603; x_wconf 84' lang='lat' dir='ltr'><strong>In</strong></span> <span class='ocrx_word' id='word_1_801' title='bbox 1240 5549 1387 5602; x_wconf 78' lang='lat' dir='ltr'><strong>bacaliam</strong></span> <span class='ocrx_word' id='word_1_802' title='bbox 1402 5548 1447 5602; x_wconf 87' lang='lat' dir='ltr'><strong>die</strong></span> <span class='ocrx_word' id='word_1_803' title='bbox 1461 5550 1637 5615; x_wconf 68' lang='lat' dir='ltr'><strong>coartatam,</strong></span> <span class='ocrx_word' id='word_1_804' title='bbox 1659 5554 1713 5600; x_wconf 89' lang='lat' dir='ltr'><strong>etc.</strong></span> 
     </span>
    </p>
   </div>
   <div class='ocr_carea' id='block_1_15' title="bbox 0 0 1970 6098">
    <p class='ocr_par' dir='ltr' id='par_1_19' title="bbox 0 0 1970 6098">
     <span class='ocr_line' id='line_1_119' title="bbox 0 0 1970 6098; baseline 0 0"><span class='ocrx_word' id='word_1_805' title='bbox 0 0 1970 6098; x_wconf 95' lang='lat' dir='ltr'><strong> </strong></span> 
     </span>
    </p>
   </div>
  </div>
 </body>
</html>
