3930 6098
653 261 841 321 tunicatus
860 262 1065 322 tusrluosus.
1679 277 1732 333 tto

85 403 203 471 rderiut;
223 402 258 457 ad
279 401 400 456 aliorum
417 398 559 470 supplicia
574 414 632 454 non
648 397 822 464 transibunt,
842 397 1004 464 trundum
1019 415 1094 454 more
1108 402 1191 470 quasi
1211 403 1292 457 attam
1312 406 1439 472 fervescit
1458 406 1482 474 't
1505 407 1573 463 dum
1590 410 1730 466 mundum

85 493 142 548 uod
158 493 188 546 iu
204 492 245 545 eis
261 495 325 544 urat
339 490 519 544 abundanter
532 488 687 543 habebunt.
707 489 757 544 Gor
771 488 828 557 ejus
884 488 967 543 bellis
981 489 1104 559 lacessit,
1120 492 1162 546 rel
1181 493 1249 547 dum
1266 495 1352 549 corda
1368 497 1548 552 secularium
1565 500 1730 571 cupiditate,

85 581 160 637 bitur
183 583 264 650 quasi
287 580 370 648 lapis,
393 594 427 632 eo
449 578 525 649 quod
551 577 658 642 uoltus,
682 583 732 630 aut
753 580 829 630 certe
884 577 1013 644 libidine,
1030 580 1074 633 vel
1091 580 1176 650 legali
1191 582 1338 647 instinctu,
1363 587 1466 639 etzelo
1483 587 1741 658 fleiutostendit,

91 671 126 724 ad
150 668 276 723 raritatis
292 667 378 721 tidem
394 682 428 720 ex
450 665 579 719 membro
591 666 651 733 ejus
672 669 827 718 revertent.
884 665 1021 722 incendit.
1053 669 1140 723 Ponet
1168 671 1250 738 quasi
1272 677 1410 738 ungereuta
1435 689 1493 728 cum
1522 677 1669 741 evulliuat;
1700 683 1733 731 ut

85 757 181 821 noctur
203 753 283 820 quast
300 750 467 805 malleatoris
482 750 568 802 fucus.
597 749 740 803 funiculis
764 764 830 819 pec·
885 755 945 807 tiaec
963 754 1097 810 universa
1120 773 1184 828 quae
1200 757 1334 828 nequiter
1348 759 1441 828 agiis
1465 763 1525 815 zelo
1551 765 1733 820 rectitudinis

85 857 113 897 rn
131 839 299 896 constrincti
321 838 404 909 qnasi
419 836 593 891 malleatoris
608 843 694 891 erunt
713 836 830 891 incudes
884 846 913 895 et
927 841 995 896 fidei
1009 843 1175 916 intorquere
1199 845 1230 899 iu
1251 847 1386 901 adversos
1407 854 1435 902 et
1455 852 1612 905 contrarios
1628 854 1731 924 glorie·

85 931 123 986 ri.
141 933 225 985 lucus
241 928 418 983 malleatoris
443 925 549 981 idcirco
565 925 779 995 constringitur,
799 927 829 978 ut
884 933 952 984 tur:
968 930 1038 984 illud
1056 932 1240 1003 Evangelium
1259 933 1450 1005 adimplentes
1462 951 1468 989 :
1481 937 1573 992 Omnis
1584 942 1632 1007 oui
1647 943 1732 994 iater-

85 1021 107 1076 is
120 1019 224 1075 ictibus
247 1018 376 1072 feriatur.
396 1017 428 1070 Et
451 1015 481 1068 hi
496 1014 561 1068 ideo
576 1014 726 1084 pertinaci,
749 1014 830 1083 juxta
883 1019 978 1083 fecerit
997 1035 1054 1086 uos,
1087 1021 1270 1077 arbitrabitur
1289 1038 1317 1078 se
1346 1024 1502 1093 obsequium
1529 1032 1659 1096 praestare
1682 1032 1734 1085 lico

85 1155 87 1162 .
116 1107 316 1180 precedentia,
345 1116 356 1143 ¹
381 1104 501 1176 perfidia
527 1102 774 1172 constringuntur.
800 1105 832 1155 ut
885 1104 976 1174 (ioan.
994 1123 1049 1175 xvi,
1075 1109 1113 1179 2).
1140 1110 1219 1175 Quod
1236 1118 1331 1165 nostro
1352 1115 1479 1183 tempore
1504 1114 1732 1171 occidissevide·

85 1214 122 1252 ua
144 1196 326 1268 percussione
348 1194 378 1248 in
403 1192 555 1248 infernalia
579 1192 640 1245 loca
664 1192 829 1246 tundantur.
887 1209 960 1257 nius,
977 1195 1045 1250 dum
1060 1213 1190 1252 cruorem
1202 1197 1331 1252 fidelium
1345 1199 1426 1270 quasi
1441 1199 1470 1253 iu
1484 1200 1649 1256 defensioue
1663 1204 1735 1275 legis

85 1287 203 1343 sublatus
240 1287 335 1353 suerit,
365 1283 496 1337 timebunt
523 1282 623 1348 anteit,
647 1284 673 1334 et
708 1281 832 1335 esterrttt
885 1282 1007 1338 libatum
1032 1286 1156 1340 Domino
1180 1287 1332 1353 volvimus,
1354 1293 1382 1341 et
1403 1304 1523 1359 corpora
1545 1296 1737 1361 martyruma

85 1381 186 1430 suatur.
206 1374 408 1429 Praedicatores
423 1370 585 1426 Ecclesiae
607 1369 717 1425 Christo
743 1367 830 1433 missi,
887 1371 1042 1440 gentilibus
1057 1389 1119 1427 arsa
1135 1373 1227 1428 oculis
1246 1375 1349 1429 nostris
1366 1376 1565 1446 conspeximus
1582 1394 1589 1431 ε
1609 1383 1638 1432 et
1657 1381 1736 1451 quod

85 1464 172 1519 rroris
193 1463 270 1517 illius
288 1462 394 1515 visione
410 1478 426 1513 n
441 1459 595 1514 levioribus
610 1457 733 1528 peccatis
748 1472 832 1510 mnu·
887 1457 1090 1513 abundantiori
1114 1466 1156 1514 est
1170 1461 1238 1515 fletu
1255 1462 1437 1533 plorandum,
1462 1465 1615 1536 plerosque
1639 1467 1737 1523 Patres

85 1553 142 1606 ’iu
165 1552 230 1606 fine.
253 1552 318 1606 Cum
337 1548 548 1619 apprehenderit
571 1546 718 1614 botodius,
744 1545 832 1600 subsi-
887 1547 1164 1603 anathematizantes
1191 1551 1259 1604 talia
1289 1551 1431 1621 patientes
1458 1553 1636 1609 miravimus.
1675 1559 1738 1612 Post

85 1657 128 1697 toa
152 1643 251 1710 poterit
273 1654 358 1709 aeque
375 1639 464 1705 hasta,
489 1652 574 1706 aeque
599 1637 708 1690 thorae.
733 1633 832 1689 Gladio
889 1649 948 1688 eum
970 1635 1188 1691 lucebitsemita.
1211 1638 1363 1708 Perspicua
1378 1642 1555 1710 expositione
1576 1660 1634 1698 uon
1658 1643 1737 1698 iudi-

85 1729 223 1795 tenditur,
260 1728 329 1800 quia
363 1726 414 1782 irae
452 1743 511 1780 suae
538 1742 594 1780 nou
625 1703 947 1793 dominabitur,¹3get‚
966 1728 995 1778 et
1009 1725 1062 1778 hoc
1077 1729 1136 1779 tam
1157 1732 1291 1795 apertum
1315 1733 1341 1783 et
1359 1727 1469 1783 clarum
1488 1733 1539 1792 est,
1561 1737 1604 1800 ut,
1625 1748 1655 1786 re
1675 1732 1738 1803 ipsa

101 1818 195 1886 hasta,
216 1833 310 1889 ueque
323 1817 425 1872 thorax
447 1816 472 1869 ei
490 1814 627 1880 subsistit,
643 1813 711 1885 quia
727 1811 834 1883 praedi-
890 1812 1028 1882 fulgente,
1046 1815 1161 1870 doctore
1177 1832 1235 1870 non
1255 1821 1330 1887 egat.
1351 1818 1420 1873 Nam
1438 1823 1501 1890 post
1514 1820 1605 1889 ipsius
1622 1820 1737 1876 nefandi

110 1906 166 1962 sibi
201 1920 268 1959 vera
303 1903 414 1958 necavit
441 1902 604 1968 crudeliter,
634 1907 663 1955 et
693 1901 836 1971 patientes
889 1901 1245 1972 probrosum1discessum,
1264 1906 1351 1961 tantis
1369 1906 1505 1962 doctrinis
1522 1914 1551 1962 et
1569 1910 1736 1980 suppetitio-

85 1995 191 2051 nnavit
211 1994 363 2048 instanter.
381 1992 445 2048 Sive
468 1992 548 2046 hasta
567 1997 596 2046 ct
609 1990 710 2044 thorax
736 2006 794 2043 nou
810 1987 836 2042 ei
889 1989 974 2045 nibus
989 1990 1090 2045 semita
1104 1991 1203 2063 fulget,
1221 1998 1253 2048 ut
1266 1993 1322 2048 uisi
1345 2011 1469 2065 superna
1483 1996 1639 2066 spiratione
1653 1999 1739 2053 corda

85 2101 162 2158 ipore
186 2083 255 2138 belli
271 2082 436 2146 subsistent,
455 2081 522 2135 dum
539 2085 566 2134 et
585 2079 721 2150 praesules
741 2076 835 2132 officio
890 2094 1081 2148 supernorum
1102 2079 1207 2134 civium
1229 2081 1469 2136 clementissimus
1488 2084 1594 2139 arisiter
1615 2090 1736 2157 regeret,

85 2174 200 2230 radonis
216 2173 367 2244 pollentes,
390 2176 484 2225 metus
502 2171 591 2224 terret
615 2166 788 2235 formidinis,
809 2170 837 2220 et
890 2166 985 2220 omnis
999 2163 1012 2201 ¹¹
1025 2167 1170 2222 secularis
1191 2168 1267 2223 illius
1283 2169 1379 2240 fulgor
1397 2169 1550 2242 deciperet.
1575 2173 1631 2227 Nec
1650 2189 1738 2245 expo·

85 2263 120 2318 ias
135 2268 241 2318 sauctae
265 2260 374 2316 robusti
389 2259 572 2315 consentiunt
597 2255 739 2312 labefacti.
754 2255 836 2321 Quod
890 2253 995 2309 sitione
1009 2255 1120 2326 prolixa
1133 2272 1204 2327 opus
1219 2261 1261 2311 est
1276 2256 1307 2311 iu
1322 2272 1352 2310 re
1368 2273 1432 2328 qum
1444 2258 1506 2313 luce
1521 2260 1625 2315 clarior
1633 2266 1709 2316 extat
1719 2263 1736 2330 ¹,

85 2351 169 2407 estius
189 2351 338 2422 sequentia
353 2349 503 2419 explicant.
527 2346 689 2416 Rmoutobit,
712 2344 761 2411 ait,
779 2347 835 2411 ser·
891 2341 1000 2412 quaein
1016 2343 1242 2399 munditiaetin
1259 2344 1364 2399 lavacri
1385 2346 1529 2417 superflua
1550 2355 1579 2402 et
1600 2351 1739 2422 exquisita

85 2440 258 2496 hrtitudinis
292 2438 433 2506 Ecclesia,
466 2441 491 2492 ct
522 2451 569 2505 aes,
599 2435 678 2506 jugis
707 2443 717 2468 ⁰
750 2432 837 2489 oflicii
891 2430 1739 2511 peromninmsupplicationumelutionedisseruit,atque

85 2530 165 2586 tundi
191 2529 320 2583 carmina
342 2526 356 2564 ¹¹
380 2526 544 2592 tinnientes,
567 2530 598 2580 ut
617 2525 723 2595 pateus,
746 2526 771 2577 et
788 2539 837 2593 pu·
891 2518 921 2572 iu
938 2518 1096 2574 multarum
1111 2520 1216 2575 artium
1232 2521 1449 2577 subtilissimam
1466 2524 1657 2596 disciplinam,
1675 2543 1739 2599 quae

85 2619 225 2688 itionum,
248 2619 317 2673 dum
338 2616 427 2671 fortes
441 2616 519 2679 terit,
538 2620 566 2668 et
580 2628 712 2684 proceres
728 2611 837 2666 inlusos
891 2606 1036 2677 corporeis
1057 2612 1170 2663 tautum
1191 2609 1320 2678 injuncta
1337 2616 1380 2664 est
1398 2613 1528 2681 artubus,
1555 2630 1611 2685 qua
1634 2616 1740 2686 poterit

85 2747 96 2763 .
125 2708 310 2775 Noasugobit
333 2708 451 2760 eumoir
468 2704 643 2771 scottico-tos,
666 2700 837 2755 ecclesiasti·
892 2703 1034 2753 oratorem
1057 2698 1193 2755 facundia
1212 2700 1340 2756 enodari.
1368 2702 1468 2756 Omnis
1492 2719 1617 2774 namque
1639 2720 1739 2759 eorum

84 2796 156 2868 ique
176 2795 360 2867 praedicat0r;
377 2793 452 2865 quod
469 2793 560 2846 mutto
576 2790 759 2845 luminositer
772 2788 838 2842 huic
892 2784 990 2839 lucens
1005 2786 1107 2840 semita
1122 2787 1152 2840 in
1168 2787 1209 2842 eis
1224 2803 1311 2858 qnam
1325 2789 1449 2844 maxime
1464 2790 1564 2862 fulget,
1581 2809 1646 2863 quae
1662 2794 1740 2848 carni

85 2910 88 2934 t
113 2883 241 2955 tempori
266 2885 408 2954 congruit,
433 2887 462 2935 et
484 2885 585 2934 contra
606 2878 839 2950 reprehensionis
892 2873 1053 2930 tomentum
1069 2875 1242 2944 luxuriandi,
1258 2882 1287 2932 et
1300 2878 1488 2949 delinquendi
1509 2881 1658 2936 materiam
1672 2883 1739 2937 snb-

85 2974 183 3029 ionem
208 2972 352 3037 stolidam,
381 2971 553 3025 adorearum
579 2965 726 3022 catholicis
756 2966 839 3021 ricto
858 2962 1055 3057 Cministrant
1071 2979 1077 3018 :
1096 2981 1154 3019 non
1172 2981 1237 3036 quae
1251 2966 1411 3021 auimarna
1431 2967 1494 3023 labe
1510 2972 1697 3040 deceptionis,
1713 2976 1741 3026 et

85 3062 239 3118 ribuit.la
258 3061 555 3133 stipatamoersisuat
575 3056 836 3126 eilupidesfuadae,
892 3067 908 3105 a
936 3051 1016 3107 fluxu
1040 3053 1160 3124 deliquii
1188 3056 1364 3110 correctione
1393 3072 1505 3111 morum
1533 3061 1738 3131 constringant.

85 3149 226 3205 tosoiticet
250 3149 413 3216 sanctuarii,
439 3148 490 3219 qni
505 3146 633 3218 lapidum
657 3161 736 3199 more
752 3147 838 3200 eorda
892 3140 1048 3195 AEstimabit
1075 3143 1200 3210 abyssum
1225 3146 1306 3212 quasi
1329 3150 1514 3199 senescentem.
1542 3146 1617 3201 Licet
1641 3147 1740 3202 beatus

85 3237 166 3304 hient,
192 3239 234 3292 vel
255 3244 331 3292 certe
355 3253 370 3291 a
393 3234 615 3308 quibusdomus
637 3233 763 3301 Domini,
784 3233 838 3288 hnc
892 3229 947 3281 hoc
974 3233 1073 3282 contra
1104 3228 1328 3301 Origcnianistas
1355 3247 1437 3285 more
1465 3248 1516 3286 suo
1544 3233 1594 3288 illo
1624 3249 1740 3289 corusco

85 3325 227 3381 erusalem
247 3321 738 3393 illaeoelestis,percnuimunimine
751 3320 837 3375 labri·
892 3315 1043 3385 Gregorius
1064 3315 1194 3385 disserat,
1216 3319 1313 3372 tauron
1332 3319 1399 3390 quia
1423 3321 1571 3376 catholiea
1599 3323 1738 3377 doctrinm

85 3414 265 3469 elcberrimus
280 3414 438 3468 decoratur.
455 3411 508 3467 Sed
526 3416 557 3465 ut
579 3410 685 3481 stipula
703 3415 836 3479 reputan·
891 3404 1048 3475 multiplex
1060 3421 1159 3460 sensus
1178 3423 1234 3461 non
1256 3407 1350 3462 obviat
1374 3435 1401 3478 t,
1423 3413 1451 3463 et
1467 3410 1637 3483 plerumque
1663 3410 1740 3466 Scri-

86 3501 136 3556 uia
150 3507 199 3556 aut
213 3518 265 3573 per
278 3502 407 3573 gladium
423 3501 451 3555 in
469 3499 559 3555 nihilo
572 3499 772 3565 dissolventur,
788 3501 839 3551 aut
891 3498 976 3563 ptura
990 3509 1069 3548 sacra
1083 3510 1142 3549 uno
1157 3511 1298 3564 sermone,
1312 3497 1359 3550 'vel
1371 3497 1476 3568 ligura,
1495 3501 1584 3554 multa
1599 3499 1739 3570 designat,

85 3592 231 3664 ejectionis
254 3591 384 3661 decipula
409 3599 420 3625 ⁰
442 3589 652 3645 consentientes
674 3585 776 3653 errori,
807 3586 838 3640 iu
892 3585 996 3635 nostre
1018 3581 1204 3652 expositionis
1224 3583 1355 3639 ordinem
1376 3601 1597 3657 prosequamur.
1618 3588 1742 3659 bbyssus

85 3679 280 3735 nolleudinem
307 3680 485 3750 redigentur.
514 3679 568 3734 Sed
590 3676 660 3748 qnid
686 3677 792 3731 mirum
814 3676 838 3729 si
893 3670 921 3724 in
945 3669 1043 3722 multis
1066 3668 1221 3740 Scriptura
1244 3672 1314 3725 locis
1332 3674 1378 3726 lex
1402 3674 1453 3728 Dei
1474 3675 1620 3745 accipitur.
1640 3677 1672 3730 Et
1694 3675 1741 3730 hic

85 3783 101 3820 s
113 3765 220 3836 dejicit,
235 3767 284 3838 qui
295 3768 429 3821 malleum
441 3783 470 3821 se
481 3766 650 3820 tundentem
662 3762 838 3818 coutemnit?
892 3762 1085 3811 senescentem
1101 3759 1244 3827 reputavit
1259 3759 1402 3830 abyssum,
1420 3761 1529 3833 domin
1543 3762 1742 3834 derogatione-

103 3856 234 3924 sttpotom
263 3856 410 3910 ,osttmoott
438 3855 575 3920 matteum,
600 3858 629 3906 ot
659 3851 837 3905 humanitate
894 3840 1037 3912 Evangelii
1057 3842 1139 3913 qnasi
1161 3843 1238 3899 aliud
1261 3861 1366 3900 novum
1393 3846 1435 3900 illi
1459 3849 1633 3903 contrarium
1659 3849 1740 3920 dispo

85 3947 123 3997 uo
140 3959 339 4013 percussorem
356 3961 440 3998 suum
457 3959 554 3998 rerum
572 3941 725 3996 Dominum
741 3941 837 3994 lesum
892 3928 949 3982 suli
976 3935 1189 3987 testamentum.
1225 3934 1286 3990 Nou
1306 3938 1346 3988 est
1375 3938 1495 4003 potestas
1522 3942 1739 4005 superterram,

86 4043 146 4082 om,
162 4032 204 4083 go
219 4047 277 4084 „011
291 4031 412 4085 matteos
427 4035 469 4084 ost
483 4029 526 4083 tttt
538 4028 620 4100 quast
635 4028 740 4098 ottpota
754 4043 839 4098 repo.
892 4031 953 4086 qaae
978 4024 1147 4086 comparetur
1170 4021 1208 4074 et:
1232 4035 1296 4091 quae
1316 4019 1357 4074 ita
1379 4027 1407 4075 et
1428 4021 1610 4078 simulatione
1629 4024 1743 4078 saeuiret

85 4117 177 4185 togam
193 4117 324 4170 omnium
343 4117 512 4171 oaeootoooot
538 4115 712 4186 protoplasto
728 4114 839 4169 homini
892 4106 973 4177 legis,
998 4112 1026 4161 et
1049 4111 1159 4162 terrore
1175 4114 1320 4178 premeret
1342 4108 1502 4179 potestatis.
1526 4109 1742 4180 superterram

85 4216 131 4255 om
146 4202 190 4255 vot
203 4203 326 4257 timitem
343 4201 506 4258 somniator
892 4193 919 4248 ei
935 4211 992 4248 non
1015 4195 1159 4267 reperitur
1178 4197 1291 4264 similis,
1306 4197 1447 4267 quianon
1464 4213 1497 4252 ex
1513 4199 1675 4270 terrigenis,
1691 4199 1742 4254 sed

93 4291 130 4346 fit
152 4289 287 4345 deridebit
311 4293 463 4347 otorootoot
486 4294 603 4358 tostam,
629 4290 714 4361 hujus
737 4297 840 4347 ooootae
860 4283 1052 4354 „inspirator
1071 4285 1132 4354 eJ'us
1155 4301 1228 4339 uuus
1252 4284 1307 4338 fuit
1333 4300 1366 4340 ex
1385 4287 1548 4356 apostaticis
1569 4288 1691 4359 angelis,
1713 4294 1742 4343 et

95 4375 349 4430 comminationem
380 4378 489 4447 jugiter
521 4376 564 4431 illi
591 4377 739 4431 interitum
771 4393 839 4432 con·
893 4372 1155 4443 prudentiolcoelo
1169 4389 1265 4428 secum
1278 4373 1429 4444 dilapsam,
1443 4375 1472 4429 in
1489 4377 1665 4431 contrarium
1681 4393 1742 4432 ver-

85 4465 168 4528 ahin,
195 4463 264 4517 dum
284 4465 402 4534 sagittas
423 4464 483 4529 Dei,
509 4465 536 4518 id
561 4470 603 4518 est
628 4464 838 4534 predicatores,
894 4462 977 4515 sutiae
999 4462 1159 4516 recedendo
1183 4463 1307 4517 retorsit.
1332 4464 1560 4533 patracensem,
1580 4472 1611 4520 ut
1635 4468 1741 4522 nullum

86 4555 109 4615 t,
121 4555 150 4605 et
162 4552 355 4605 verhaeorum
368 4551 497 4622 quaeitlis
507 4551 656 4606 interitum
669 4559 838 4624 praesagant,
895 4552 1010 4616 timeret,
1029 4553 1133 4619 praeter
1150 4549 1239 4604 Deum
1260 4550 1310 4621 qui
1326 4567 1392 4605 euru
1410 4557 1489 4606 tauto
1504 4555 1680 4609 excellentiae
1695 4555 1743 4610 de·

85 4638 193 4693 sanium
210 4639 397 4693 deliramenta
412 4640 579 4695 coutemnit.
602 4640 704 4696 Sternit
722 4642 776 4696 sibi
789 4657 839 4695 aa·
895 4653 960 4691 core
981 4638 1150 4708 repleverat.
1167 4636 1220 4692 Sed
1236 4637 1285 4692 itte
1306 4655 1363 4693 nou
1379 4647 1531 4696 contentus
1545 4650 1742 4698 creaturarum

85 4727 159 4796 tunsi
180 4727 277 4794 lutum,
306 4728 383 4780 velut
407 4742 524 4781 sensum
552 4726 731 4798 spiritualem
758 4725 841 4797 quasi
895 4725 1034 4791 omnium,
1060 4725 1165 4796 quibus
1188 4725 1323 4796 praelatus
1346 4728 1440 4783 fuerat
1453 4730 1564 4785 honore
1584 4733 1603 4798 ¹,
1621 4731 1743 4802 superbe

104 4819 301 4883 contemnens,
328 4815 372 4869 vel
396 4814 534 4885 populum
550 4813 744 4870 Christianum
769 4814 841 4885 pede
895 4813 1120 4868 additamentum
1141 4829 1255 4885 semper
1270 4814 1375 4870 habere
1390 4816 1565 4885 desiderans,
1583 4835 1635 4875 nec
1655 4819 1744 4873 facto·

84 4901 120 4957 ise
143 4902 267 4968 calcans,
293 4904 336 4956 vel
361 4908 459 4956 salicta
481 4902 531 4956 [lei
551 4901 715 4972 profanans,
739 4904 768 4954 et
791 4901 840 4955 Dei
895 4917 955 4956 rem
972 4901 1084 4956 timoris
1099 4905 1257 4957 reverentia
1272 4903 1371 4972 coluit,
1388 4921 1440 4960 uec
1455 4912 1604 4962 contentus
1618 4907 1742 4962 beatitu-

101 4990 241 5045 iurisione
259 4991 358 5046 sedula
377 4990 528 5046 detrahens
553 4997 582 5045 et
601 4990 756 5045 inculcans.
773 4991 841 5045 Pro·
895 4990 1742 5067 diuequapradituscaeteriseminebat,ordinempropriom

85 5148 119 5201 a,
132 5133 313 5202 procidentia.
789 5179 796 5189 ,
931 5133 946 5175 ¹¹
959 5132 988 5187 F.
1005 5135 1106 5201 omnia,
1122 5132 1150 5189 id
1165 5139 1210 5189 est
1222 5134 1308 5189 corda
1322 5135 1462 5191 omnium.

102 5203 313 5274 apprehenderit
328 5219 395 5258 eum
409 5203 534 5271 otadius3
550 5209 582 5259 ut
597 5202 627 5257 in
642 5206 720 5258 textu
735 5201 797 5258 lob.
933 5202 940 5236 ¹
954 5203 1006 5258 llic
1019 5203 1091 5284 forte
1112 5207 1249 5275 periodus
1264 5208 1449 5276 claudendus,
1465 5207 1511 5262 cui
1533 5223 1623 5263 novus
1645 5224 1741 5264 succe-

85 5289 118 5339 s.,
130 5277 237 5356 jungis.
898 5274 956 5342 dat,
972 5277 1038 5328 uota
1053 5280 1257 5347 interrogantis
1272 5277 1479 5332 terminandus.

85 5346 424 5485 maguntiensem.
932 5370 950 5450 ἱ,
963 5344 1246 5485 Ffflpejrtaffnvtibsnsswr'

85 5487 138 5609 pud
152 5487 204 5611 toilp
204 5490 383 5610 1prseroescere
394 5488 487 5553 fmiet.
931 5484 938 5520 ¹
955 5488 1014 5552 tls,
1030 5488 1165 5543 bonorem.

104 5595 123 5624 .,
143 5571 179 5624 ug
241 5598 247 5610 .
