3930 6098
491 243 808 302 uanrluotocltltl.
826 276 859 285 -
872 245 1043 303 suetonis
1061 248 1255 306 pheretro.
1701 257 1752 312 578

91 391 210 447 paucos,
223 375 342 446 perinde
353 376 629 448 atqueeretussimo
644 377 741 431 codice
758 377 847 445 regio,
865 380 889 433 A
903 377 1123 449 intelligendum
1144 396 1231 450 saepe,
1254 396 1462 452 nonnunquam
1482 383 1516 437 ad
1539 384 1752 440 emendandum

85 463 119 501 lm
137 447 263 518 priorem
278 448 434 502 editionem
448 450 610 502 contulerat
620 447 781 519 Stephanus
797 447 848 502 aa·
903 450 1148 503 wandalbertum.
1171 452 1258 504 Porro
1286 451 1361 506 inter
1372 453 1420 506 illa
1445 460 1607 509 sanctorum
1623 456 1751 525 nomina,

85 525 308 588 surico,ut1pse
325 523 432 584 monet,
449 520 526 572 1676.
904 519 1037 574 librarius
1052 520 1145 574 notari
1174 520 1298 575 maxime
1324 523 1414 577 voluit
1431 523 1458 579 S.
1482 525 1639 580 Martialem
1664 543 1697 579 ac
1722 526 1750 583 S.

85 590 226 643 hocintcr
247 604 345 643 versus
369 589 445 643 idem
472 589 603 644 Baluzins
618 590 725 660 reperit
740 589 849 643 descri-
906 591 1105 657 leonardum
1128 608 1193 646 nam
1220 591 1306 662 hujus
1324 609 1430 647 nomen
1454 597 1619 665 majusculis
1648 597 1752 652 litteris

85 660 159 714 ascio
180 660 262 713 cu'us
285 676 371 730 opera
394 660 470 714 hacid
491 677 581 730 pauca
605 667 770 715 sanctorum
792 677 844 716 uo·
904 662 1040 728 exaravit,
1055 662 1096 716 illi
1110 663 1197 716 etiam
1212 662 1370 717 beatissimi
1392 664 1507 719 titulum
1531 667 1649 732 addidit,
1672 668 1751 722 unde

85 745 171 801 ‚qum
190 677 238 784 eii
252 734 386 800 oportere
407 730 610 800 judicavimus,
628 732 705 803 quod
728 748 793 787 rum
814 732 849 787 ad
904 733 1024 803 conjicio
1044 732 1172 788 codicem
1190 750 1205 788 e
1222 734 1415 789 lemovicensi
1434 737 1579 806 provincia
1595 739 1624 793 in
1646 738 1751 793 Urbem

85 798 145 855 tilis
174 816 235 856 esse
258 808 355 872 posset
371 802 431 856 hac
446 801 597 873 diligentia
611 810 719 871 nostra,
736 808 797 857 tum
813 802 849 857 ad
904 819 965 857 esse
979 804 1141 859 advectum.
1463 803 1466 818 ¹

611 1079 865 1154 PRAEFATIO
892 1078 1144 1155 AUCTORIS.

85 1322 158 1378 nino
175 1324 274 1379 Ornrco
292 1322 647 1378 Wauoanaanrussalutem
663 1321 740 1376 dicit.
904 1319 995 1392 adjeci
1019 1325 1146 1393 apertam
1176 1322 1351 1395 brevemque
1375 1325 1532 1379 secundum
1555 1342 1623 1382 usus
1653 1327 1752 1382 Gallici

85 1412 130 1467 eri
144 1418 173 1467 et
188 1412 360 1484 perantiquo
376 1416 519 1482 praecepto
535 1427 688 1466 monemur
702 1415 735 1465 ut
748 1424 849 1480 parere
903 1409 1132 1481 dispositionem,
1159 1416 1188 1466 et
1215 1411 1352 1467 horarum
1373 1413 1542 1468 diurnarum
1559 1416 1705 1485 vulgarem
1721 1416 1751 1471 in

85 1501 168 1569 ribus,
185 1517 296 1556 nrorern
319 1517 418 1572 gerere
443 1501 612 1572 aequalibus,
629 1501 776 1554 consulere
797 1498 849 1553 mi·
903 1497 1008 1553 uostris
1024 1499 1190 1570 regionibus
1219 1499 1447 1555 dimensionem:
1465 1503 1540 1572 quod
1564 1508 1752 1576 utrumquea

85 1607 118 1644 us
133 1589 309 1644 studeamus.
326 1589 386 1660 Ego
403 1589 471 1660 quia
498 1589 549 1643 tihi
571 1597 594 1655 ⁸,
623 1588 800 1654 charissime,
815 1593 848 1641 ut
903 1587 1046 1657 superiori
1071 1603 1158 1657 opere
1185 1604 1369 1659 nequaquam
1399 1589 1560 1660 discrepare
1584 1593 1690 1661 putavi.
1719 1593 1751 1647 ln

85 1678 115 1744 ri,
132 1677 207 1749 quod
232 1677 356 1748 cogitatu
380 1677 443 1748 ipso
467 1677 547 1732 celas
564 1677 684 1749 jndicio,
700 1677 848 1731 consulere
868 1674 959 1746 gline
970 1680 1108 1747 preterea
1122 1676 1209 1730 totius
1228 1676 1334 1746 operis,
1350 1678 1384 1731 de
1398 1677 1543 1732 creatione
1557 1680 1659 1735 mundi
1676 1689 1752 1751 ‘’per

85 1780 112 1819 so
125 1784 134 1832 3
146 1764 178 1819 in
201 1769 228 1818 te
245 1766 321 1820 cuim
337 1765 400 1835 ipso
424 1767 487 1827 tibi,
510 1771 542 1820 ut
564 1782 663 1820 revera
687 1765 846 1836 sapientem
901 1763 1032 1818 ordinem
1049 1763 1161 1818 dierum
1177 1780 1225 1818 sex
1248 1765 1333 1818 breve
1348 1780 1464 1820 carmen
1487 1766 1594 1834 addidi,
1610 1772 1639 1821 et
1651 1771 1749 1839 expla-

85 1897 89 1918 ‚
105 1853 201 1908 omnis
216 1854 278 1924 opis
293 1856 446 1910 consilium
464 1856 607 1927 totiusque
624 1853 784 1925 prudentie
799 1869 847 1907 co·
901 1852 1049 1907 nationem
1064 1851 1175 1923 mystici
1190 1867 1291 1905 sensus
1306 1851 1335 1905 in
1346 1851 1464 1907 homine
1472 1853 1618 1925 accipendi
1629 1855 1749 1926 subjun-

89 1958 151 1996 essa
178 1942 345 2013 perpendo;
372 1944 542 2015 morigerari
565 1959 632 1997 vero
656 1944 729 1997 sicut
743 1940 847 2014 oequali
901 1940 939 2006 xi,
957 1945 989 1994 ut
1003 1956 1035 1995 ea
1050 1957 1114 2013 quae
1130 1941 1165 1996 de
1179 1939 1265 1994 totius
1280 1941 1348 1994 anni
1363 1957 1447 1995 cursu
1467 1941 1684 2013 descripseram,
1701 1960 1748 1998 re—

86 2034 144 2084 set
162 2029 273 2101 ingenii
291 2031 423 2085 tarditate
447 2047 506 2085 non
521 2031 610 2098 valeo,
627 2031 704 2102 quod
720 2029 846 2101 primum
900 2029 990 2101 petita
1004 2029 1040 2083 ab
1053 2029 1139 2084 initio
1156 2029 1312 2083 mundanae
1328 2029 1481 2084 creationis
1496 2031 1658 2101 explanatio
1673 2048 1749 2086 coru·

85 2123 117 2182 at,
149 2124 178 2170 ut
202 2118 303 2190 majori
330 2135 433 2189 parcre
463 2125 491 2174 et
519 2119 713 2174 obsecundare
737 2117 847 2173 viribus
901 2118 1062 2172 mandaret.

85 2205 109 2259 is
137 2210 163 2260 et
195 2207 274 2260 omni
295 2207 428 2261 facultate
447 2207 596 2262 desidero:
622 2206 746 2261 maxime
769 2206 847 2274 quod
936 2205 1167 2277 Hocopusquia
1190 2204 1301 2260 diverso
1317 2205 1426 2260 editum
1448 2210 1538 2260 metro
1559 2211 1679 2273 constat,
1696 2224 1750 2263 ne·

85 2295 150 2349 renti
168 2301 197 2349 et
217 2295 390 2367 infatigabili
406 2297 501 2351 studio
522 2295 764 2351 acheuerolentia
788 2311 846 2362 me,
900 2292 1055 2347 cessarium
1070 2291 1230 2347 existimari
1245 2292 1488 2364 generaipsorum
1504 2301 1664 2349 metrorum
1683 2294 1750 2350 hre-

85 2399 151 2437 uam
166 2385 284 2455 longea
308 2385 403 2456 patria
424 2386 566 2456 rebusque
586 2384 763 2451 domesticis,
787 2399 847 2439 non
901 2381 974 2435 riter
1000 2384 1165 2453 explanare,
1191 2387 1223 2436 ut
1244 2398 1303 2437 non
1325 2382 1411 2437 modo
1435 2382 1530 2453 ipsum
1552 2378 1635 2454 opus,
1653 2385 1701 2439 sed
1716 2400 1750 2438 ea

85 2475 212 2541 asutare,
229 2490 316 2545 quam
337 2474 441 2546 degere
465 2475 546 2544 coept,
563 2478 613 2526 tua
635 2489 697 2543 cpe,
714 2473 844 2537 consilio,
900 2471 1005 2542 quibus
1027 2472 1170 2541 digestum
1196 2476 1239 2526 est
1262 2478 1364 2538 metra,
1385 2471 1518 2526 omnihus
1533 2472 1582 2543 qui
1602 2472 1631 2527 id
1647 2472 1748 2544 legen·

85 2561 180 2616 dentis
203 2569 232 2617 et
256 2563 425 2618 liberalitate
445 2562 547 2617 fultum
571 2561 720 2631 intelligo:
743 2561 847 2615 necle·
901 2559 969 2615 dum
997 2559 1195 2631 digoahuntur
1217 2576 1340 2627 sumere,
1369 2559 1561 2616 manifestem.
1583 2562 1681 2633 ltaque
1705 2563 1748 2617 ln·

88 2664 188 2720 pecco,
209 2649 233 2702 si
255 2665 320 2704 cum
344 2665 453 2704 morem
478 2666 578 2720 gerere
599 2666 724 2721 nequeo,
745 2664 845 2720 parere
899 2648 1019 2717 vocatio,
1033 2664 1119 2721 quam
1136 2648 1166 2703 in
1182 2648 1325 2720 principio
1345 2649 1433 2703 totius
1449 2649 1578 2720 opusculi
1595 2655 1749 2720 propterea

85 2737 173 2808 rgenii
185 2742 354 2807 paupertate
365 2737 486 2808 relegio.
499 2738 598 2808 ltaque
609 2737 683 2808 quod
696 2737 845 2806 inopinato
899 2737 994 2807 posui,
1011 2736 1087 2807 quod
1102 2736 1198 2790 omnis
1218 2736 1337 2790 scientia
1352 2752 1385 2790 ex
1411 2737 1469 2790 Deo
1490 2752 1620 2804 manans,
1635 2735 1670 2790 ab
1686 2735 1748 2807 ipso

85 2841 135 2880 rex
153 2841 209 2893 me,
225 2831 253 2880 et
275 2826 431 2881 inevitabili
453 2827 650 2896 constantique
675 2825 845 2879 auctoritate
899 2824 937 2879 sit
951 2825 1053 2879 merito
1070 2824 1214 2895 poscenda
1229 2825 1404 2896 (quanquam
1421 2824 1471 2878 alii
1490 2825 1519 2878 in
1535 2840 1621 2894 opere
1636 2825 1748 2894 poetico

85 2911 116 2979 ti,
134 2916 167 2966 ut
181 2912 315 2983 paranni
330 2914 418 2967 totius
432 2912 558 2983 spatium
579 2916 760 2966 occurrentes
775 2915 846 2982 quot
900 2913 1130 2984 propositionem
1147 2913 1270 2985 primam
1287 2929 1347 2966 esse
1366 2912 1476 2978 velint),
1493 2918 1584 2967 metro
1599 2913 1746 2968 tlhoriam·¹

85 3006 277 3053 assuetorum
300 3000 469 3054 festivitates
493 3005 521 3054 et
545 3001 685 3054 solemnes
702 3001 846 3054 undecun·
865 2989 972 3071 Chico,
988 3001 1388 3069 Tetrametro,acatalectico,
1409 3001 1594 3072 asclepiadeo
1610 3002 1744 3056 decurrit.

85 3087 296 3143 lhrislianorum
308 3094 439 3143 votorum
456 3088 636 3144 celebritates
656 3097 747 3143 metro
765 3088 844 3160 dige-
898 3090 1116 3162 asclepiadeum
1141 3093 1237 3144 autem
1261 3089 1297 3143 ah
1325 3088 1498 3160 AEscolapio,
1516 3088 1566 3159 qui
1580 3089 1675 3144 Graece
1699 3107 1747 3144 vo·

85 3175 180 3242 i;leci
200 3178 480 3248 utpotui,nontam
502 3178 844 3248 artisusuatquesoler·
897 3182 979 3233 catur
999 3179 1141 3247 Asclepios
1168 3176 1319 3232 medicinas
1346 3183 1502 3248 repertore,
1534 3177 1615 3247 cujus
1644 3177 1745 3232 laudes

85 3279 149 3318 narn
164 3269 214 3319 tua
228 3265 389 3332 devotione,
405 3273 433 3319 et
444 3267 588 3320 immerito
599 3282 667 3336 erga
678 3281 723 3320 me
736 3269 831 3319 sancto
898 3267 953 3321 hoc
968 3266 1053 3322 metri
1081 3281 1187 3338 genere
1213 3266 1402 3337 frequentatae
1427 3269 1503 3332 snut,
1529 3268 1572 3320 rel
1587 3265 1623 3319 ab
1648 3265 1745 3336 aliquo

85 3352 107 3408 d
123 3353 154 3407 id
169 3354 364 3425 peragendum
380 3353 504 3427 adjutus,
521 3360 552 3410 ut
563 3354 687 3425 conlido,
702 3354 807 3408 lavore.
897 3355 1025 3424 ejusdem
1040 3355 1167 3409 nominis
1182 3359 1265 3425 poeta
1289 3358 1331 3408 est
1346 3353 1536 3424 appellatum.
1567 3355 1651 3409 tlctra
1667 3354 1744 3408 enim

85 3456 136 3513 {uo
155 3457 242 3512 opere
261 3442 329 3513 quia
354 3443 528 3498 solemnium
549 3443 662 3498 dierum
685 3442 845 3497 certissima
897 3444 1064 3516 frequenter
1079 3444 1114 3498 ab
1127 3442 1336 3508 inventoribus,
1354 3457 1573 3514 nonnumquam
1585 3460 1602 3496 a
1615 3443 1746 3514 trequen-

85 3529 214 3599 rehensio
239 3546 296 3584 non
319 3531 421 3586 leviter
443 3548 496 3586 nee
520 3532 603 3586 facile
628 3548 680 3603 pro
705 3531 844 3585 librorum
897 3534 1046 3600 tatoribus,
1069 3531 1214 3586 interdum
1229 3536 1257 3585 et
1272 3531 1363 3585 abeis
1381 3547 1505 3602 quornm
1523 3533 1676 3585 memorias
1698 3547 1744 3585 ce-

85 3619 129 3672 nte
149 3619 306 3687 constabat,
333 3635 388 3690 ope
411 3625 441 3674 et
462 3620 590 3675 subsidio
609 3620 754 3691 praecipue
774 3635 844 3673 usus
896 3622 1021 3691 lebrant,
1040 3620 1232 3692 appellantur.
1257 3619 1461 3673 acatalecticus
1488 3635 1554 3673 sero
1579 3635 1676 3674 versus
1692 3624 1743 3687 est,

85 3707 162 3761 ancti
180 3713 210 3762 et
224 3709 448 3763 nominatissimi
464 3709 517 3764 riri
534 3710 619 3777 Flori,
645 3708 844 3780 Lugdunensis
896 3711 942 3765 cui
958 3711 1038 3765 nulla
1052 3709 1088 3764 ad
1102 3707 1313 3780 planitudinem
1325 3707 1368 3761 sui
1384 3707 1492 3778 syllaba
1503 3708 1593 3774 deest,
1609 3709 1658 3763 sed
1675 3709 1745 3779 legi·

88 3794 122 3850 iae
147 3795 323 3865 subdiaconi,
346 3798 396 3868 qui
421 3801 452 3851 ut
474 3803 569 3852 nostro
590 3804 720 3869 tempore
745 3812 844 3851 revera
895 3796 967 3850 timo
990 3797 1103 3851 numeri
1129 3797 1187 3850 line
1211 3795 1403 3850 concluditur.
1433 3797 1640 3850 Tetrametrum
1658 3813 1746 3868 porro

87 3883 133 3938 ari
168 3885 262 3939 studio
303 3886 467 3941 assiduitate
494 3887 524 3940 iu
553 3887 658 3941 divioae
687 3884 842 3958 Scripturae
896 3900 1012 3938 carmen
1035 3888 1086 3951 est,
1112 3883 1190 3956 quod
1211 3888 1337 3955 quatuor
1363 3883 1486 3953 pedihus
1508 3885 1606 3950 currit,
1623 3884 1701 3956 quod
1715 3886 1745 3939 in

85 3970 114 4026 ia
142 3973 261 4043 pollere,
288 3973 327 4027 ita
354 3974 495 4029 librorum
524 3975 754 4029 authenticorum
785 3990 843 4028 non
896 3972 1108 4038 choriambicis,
1127 3972 1285 4043 dactylicis,
1312 3976 1342 4025 el
1354 3971 1534 4042 anapaesticis
1557 3973 1745 4027 metrisacci·

85 4059 131 4114 cri
145 4061 228 4130 copia
243 4067 272 4116 et
298 4062 433 4116 varietate
450 4064 472 4129 b,
490 4063 671 4132 cognoscitur
686 4062 840 4116 abundare.
896 4062 982 4133 pitur,
998 4063 1028 4116 in
1044 4061 1148 4133 quibus
1163 4061 1329 4126 dimetrum,
1343 4061 1516 4123 trimetrum,
1532 4066 1742 4128 tetrametrum,

85 4163 170 4218 cego
188 4150 310 4220 sumptis
334 4151 477 4205 veteribus
502 4151 718 4222 emendatisque
737 4150 842 4204 codici·
896 4154 1121 4219 pentametrum,
1139 4152 1168 4203 et
1192 4148 1391 4202 hexametrum
1412 4163 1465 4218 per
1490 4146 1635 4218 simplices
1656 4148 1744 4218 pedes

85 4237 324 4309 larlyrologicum
343 4240 447 4294 librum
464 4240 626 4293 alialendis
643 4239 787 4294 ianuariis
804 4238 839 4292 ad
896 4243 1115 4309 computamus:
1137 4252 1202 4291 nam
1220 4236 1250 4290 in
1266 4235 1395 4290 iambicis
1419 4237 1608 4308 trochaeisque
1631 4236 1742 4298 metris,

90 4327 161 4381 anni
174 4342 229 4397 per
239 4326 350 4383 dierum
362 4327 542 4398 singulorum
564 4334 745 4383 occurrentes
761 4327 839 4381 lesti—
896 4325 963 4396 quia
980 4325 1076 4379 brevia
1090 4329 1166 4391 sunt,
1188 4325 1368 4395 supradictos
1390 4340 1526 4379 numeros
1545 4340 1597 4395 per
1614 4324 1744 4396 duplices

85 4419 194 4469 rmetro
206 4415 294 4482 edidi,
310 4417 467 4487 praemissa,
483 4422 514 4470 ut
527 4432 652 4487 congrue
668 4415 840 4482 existimari,
894 4416 980 4484 pedes
1001 4413 1166 4484 accipimus.
1187 4413 1419 4468 choriambicum
1432 4419 1527 4468 autem
1541 4429 1558 4467 a
1572 4415 1741 4469 choriambo

85 4503 174 4557 itione
198 4504 233 4558 ad
265 4504 365 4569 Deum,
395 4505 574 4560 hlloculione
600 4505 635 4559 ad
661 4520 762 4559 omnes
791 4504 840 4575 qui
894 4500 1436 4572 pede,quopropriecurril,rocatur.
1454 4502 1661 4557 Constatenim
1682 4502 1747 4574 pri-'

85 4595 165 4647 :runt
187 4593 318 4661 lectores,
344 4593 595 4649 commendatione
620 4593 656 4648 ad
681 4598 719 4657 te,
745 4593 840 4662 operis
894 4607 941 4644 nur
972 4591 1043 4660 pede
1070 4588 1217 4659 spondaeo,
1244 4590 1369 4644 secundo
1396 4593 1424 4643 et
1452 4589 1536 4643 tertio
1564 4589 1740 4659 choriambo,

85 4685 237 4746 orem,et
258 4683 292 4735 ari
316 4682 456 4737 Caesarem
480 4682 718 4753 benignissimum
735 4680 839 4736 Lotha·
894 4684 997 4750 quarto
1027 4677 1253 4748 pyrrhichi03et
1276 4694 1342 4731 com
1365 4677 1549 4733 choriambus
1573 4679 1743 4749 primamet

85 4770 306 4841 argumentique
325 4771 383 4826 sire
394 4772 600 4843 propositionis
615 4771 728 4825 diverso
745 4777 839 4825 metro
894 4767 1026 4823 ultimam
1042 4767 1153 4836 longas,
1167 4765 1238 4820 duas
1254 4765 1362 4820 medias
1377 4765 1498 4836 syllabas
1512 4766 1611 4820 breves
1626 4766 1740 4831 haheat,

85 4857 202 4928 ptione:
221 4863 251 4911 et
271 4858 570 4929 additaposteditum
593 4858 839 4929 ldartyrologium‚
893 4872 958 4927 ques
978 4856 1063 4910 simul
1087 4870 1155 4908 sena
1184 4858 1316 4922 tempora
1343 4854 1511 4926 complent:
1532 4854 1556 4909 si
1571 4855 1739 4925 spondaeum

85 4942 183 4998 taionis
200 4945 359 5017 hymnique
381 4947 411 4999 in
436 4962 536 4999 omncs
556 4951 667 5000 sanctos
692 4946 837 5010 editione;
893 4944 1059 5016 pyrrhichio
1076 4942 1255 5013 copulemus,
1279 4942 1400 4997 totidem
1423 4942 1546 5013 syllabas
1561 4943 1740 5015 totidemque

85 5048 135 5087 iarn
158 5033 241 5105 operi
263 5032 477 5088 distinctionem
497 5034 640 5089 mensium
656 5033 838 5106 singulorum
893 5039 1023 5105 tempora
1042 5032 1183 5099 iacimus;
1198 5046 1231 5086 ac
1249 5047 1302 5102 per
1315 5031 1368 5086 hoc
1387 5047 1445 5085 non
1460 5036 1517 5086 tam
1537 5031 1701 5102 pyrrhichio
1712 5037 1740 5086 et

85 5190 107 5236 ro
121 5178 189 5244 quta
204 5175 266 5230 tibi.
290 5175 395 5230 Ultima
413 5176 512 5230 vocula
537 5175 632 5230 addita
651 5180 723 5229 esta
742 5176 838 5230 codice
893 5173 1024 5229 nonnihil
1039 5191 1073 5229 ex
1085 5172 1202 5244 ingenio
1219 5173 1395 5228 mutavimus
1409 5172 1440 5227 in
1458 5173 1514 5227 illis
1531 5172 1625 5228 verbis
1639 5173 1737 5228 distin-

96 5245 135 5300 Ex
162 5245 265 5301 eodem
280 5246 390 5300 editum
406 5261 459 5301 non
471 5248 558 5314 caleo,
574 5246 623 5301 ubi
636 5246 705 5300 olim
720 5246 837 5317 legeba-
892 5249 1037 5301 ctionem...
1053 5260 1118 5300 usus
1143 5246 1259 5300 Gallici:
1272 5250 1357 5300 antea
1372 5245 1448 5298 enirn
1471 5243 1620 5315 legebatur
1635 5245 1738 5298 distin-

85 5316 200 5371 nos'dec.
891 5321 1037 5371 ctionem...
1053 5330 1120 5371 usur
1136 5316 1263 5372 Gallicos.

85 5389 134 5456 pin
147 5393 175 5441 et
189 5388 331 5443 verietate.
353 5387 399 5443 Sic
414 5386 571 5443 maluimus
591 5404 678 5460 quam
697 5386 727 5442 iu
747 5387 837 5458 priori
927 5390 984 5442 elie
1002 5391 1136 5442 creatione
1153 5387 1260 5441 mundi.
1280 5387 1335 5440 lloc
1363 5399 1490 5452 carmen,
1511 5384 1586 5454 quod
1603 5383 1632 5439 in
1647 5385 1737 5457 priori

85 5473 113 5512 ra
129 5460 211 5526 copia
224 5463 250 5514 et
270 5461 395 5515 ueritate.
414 5459 494 5514 llaud
509 5460 594 5529 longe
610 5464 635 5514 et
653 5459 752 5514 addito
766 5465 836 5526 post,
892 5459 1017 5512 editione
1031 5458 1140 5524 deerat,
1156 5459 1211 5513 all
1240 5459 1271 5512 P.
1288 5458 1319 5512 l).
1338 5457 1418 5510 Edm.
1436 5455 1738 5513 haneuecommuni·

85 5528 131 5584 lex
150 5529 210 5599 hig.
238 5528 379 5598 laeditis,
403 5530 489 5597 male,
509 5531 583 5585 edito
598 5533 625 5584 el
641 5535 714 5601 post.
736 5529 836 5585 Statim
892 5536 987 5583 caturu
1001 5544 1053 5583 suo
1067 5530 1130 5584 leco
1144 5529 1272 5584 edemus.
