3930 6098
512 267 560 327 DE
579 264 664 328 vira
682 269 728 328 El
741 265 935 328 uluauuuls
954 271 982 328 S.
998 270 1136 329 soluts.
1643 268 1696 324 tto

85 417 140 474 quo
165 401 246 456 nulla
271 399 307 456 sit
335 399 504 455 excellentia
527 401 695 468 sanctitatis,
717 402 792 457 leras
811 402 911 458 Aritis
925 403 987 474 ejus
1002 400 1121 468 actibus,
1139 415 1231 472 neque
1247 398 1271 454 ei
1289 415 1353 471 quas
1368 398 1402 454 dc
1421 414 1451 453 se
1466 398 1539 454 ferat
1552 397 1694 455 innocen-

85 490 796 560 ‚etsolisradioprolignoutatur.llaecdumex
852 492 899 547 tiae
927 491 1105 563 puritatique
1132 490 1284 554 credatur;
1315 492 1422 560 etquee
1446 488 1551 559 egisset
1578 494 1695 544 eatenus

85 585 122 636 :to
147 587 328 652 quaeruntur,
353 585 381 634 et
403 580 435 633 in
450 580 611 650 simplicem
635 596 796 651 puramque
851 587 947 635 essent
974 579 1121 635 maleficiis
1144 578 1259 649 penitus
1292 576 1473 632 ascribenda:
1497 593 1586 648 quare
1611 584 1640 633 et
1664 580 1696 634 in

88 669 139 724 Dei
156 668 359 724 conscientiam
374 668 525 722 calumnias
542 669 737 737 instruuntur,
753 669 797 723 vir
851 685 917 724 eum
932 669 1061 741 capitalis
1076 665 1297 733 animadversio,
1312 671 1345 720 ut
1364 666 1394 720 iu
1409 682 1524 737 magum
1541 666 1568 720 ei
1583 667 1696 723 malefi·
1741 665 1744 670 ’

85 757 131 830 qui
143 757 197 813 sibi
213 758 286 812 benc
301 762 374 812 esset
389 757 526 826 conscius,
540 757 611 812 nihi!
626 774 754 829 unquam
767 774 797 814 sa
851 774 928 826 cum,
942 759 1033 813 lieret.
1056 759 1128 812 'lum
1150 755 1193 810 vir
1216 753 1399 809 beatissimus
1426 755 1589 810 contristari
1614 757 1696 812 vabe-

85 846 228 900 rartium
257 845 390 900 didicisse
431 845 600 916 simpliciter
626 845 795 916 respondit:
852 844 1220 917 menteretallligicoepit,
1238 843 1314 915 quod
1331 842 1398 896 talia
1416 843 1539 897 eiasuo
1560 845 1696 914 pontifice

85 933 136 990 dex
157 933 262 1004 justus,
284 933 366 987 fortis
390 938 419 988 et
443 933 628 1005 longanimis,
657 941 799 989 scrutator
851 935 1067 1001 mandarentur,
1084 933 1113 987 in
1128 932 1233 1004 quibus
1247 936 1275 986 et
1289 929 1463 985 attentandis
1476 931 1619 988 videretur
1636 950 1696 988 esse

106 1028 136 1077 et
163 1029 339 1076 secretorum
368 1023 521 1092 inspector,
546 1023 627 1076 norit
653 1039 699 1076 me
725 1022 798 1078 nibil
852 1019 1411 1096 nonnullaproesumptio,ctrecusandis
1426 1020 1697 1078 difficillimaneoes·

103 1111 174 1166 artis
203 1110 320 1181 magicae
348 1115 397 1165 aut
437 1110 521 1165 scisse
563 1111 719 1183 aliquando
750 1117 799 1166 aut
853 1114 970 1169 situdo:
994 1113 1048 1168 sibi
1071 1127 1185 1183 semper
1209 1111 1412 1166 conscientiam
1437 1109 1583 1181 propriam
1597 1116 1626 1166 et
1649 1128 1698 1166 su-

85 1216 153 1272 eque
182 1199 257 1270 parti
288 1199 415 1254 adversae
451 1200 480 1253 in
507 1199 604 1272 aliquo
628 1201 699 1255 veile
723 1217 798 1271 prae·
852 1203 934 1274 perni
959 1202 1060 1272 judicii
1083 1201 1280 1256 testimonium
1304 1198 1459 1266 suffecisse,
1483 1215 1540 1254 non
1566 1206 1698 1270 oportere

85 1304 223 1344 aseneum.
265 1289 349 1343 Feras
387 1294 485 1343 autem
521 1289 606 1343 mulsi
645 1306 704 1344 non
733 1289 799 1344 ullis
852 1292 921 1346 talia
935 1291 1083 1362 imperari,
1098 1307 1156 1345 non
1172 1290 1233 1345 baec
1248 1307 1299 1345 sua
1313 1289 1362 1362 qui
1376 1305 1405 1344 se
1420 1289 1505 1344 sciret
1520 1289 1550 1345 in
1565 1291 1700 1346 omnibus

85 1378 203 1443 ionibus,
231 1391 353 1448 quarum
380 1378 437 1430 scio
463 1377 581 1432 omuino
606 1378 727 1444 nullam,
751 1378 799 1433 sed
853 1385 1042 1450 peccatorem,
1059 1379 1107 1435 scd
1124 1385 1288 1434 sanctorum
1309 1396 1370 1434 esse
1393 1379 1541 1433 miracula.
1559 1379 1700 1445 Quoniam

95 1467 215 1520 salutem
233 1482 332 1518 eorum
349 1466 399 1536 qui
421 1482 467 1519 me
484 1467 695 1520 comitabantur
710 1467 800 1538 pietas
854 1473 949 1524 tamen
966 1469 1093 1540 episcopi
1106 1469 1258 1540 praeceptis
1273 1468 1405 1522 resistere
1430 1483 1488 1522 non
1510 1467 1635 1536 latebat,
1662 1469 1701 1523 si·

87 1554 136 1610 ina
160 1554 300 1608 concessit
323 1558 351 1608 et
375 1553 518 1607 ordinavit
542 1555 681 1624 impleri3
705 1571 800 1626 neque
855 1560 913 1614 mul
937 1563 965 1612 et
980 1575 1016 1613 ne
1041 1574 1142 1613 eorum
1166 1559 1216 1629 qui
1239 1575 1267 1612 se
1292 1556 1391 1611 audire
1418 1556 1494 1610 soliti
1518 1563 1611 1611 essent
1629 1573 1702 1613 con-

85 1659 170 1698 ueam
185 1643 220 1698 da
231 1643 309 1711 solis,
326 1648 358 1697 ut
369 1642 483 1707 dicitur,
497 1643 713 1713 radiopendere
729 1644 797 1711 scio,
855 1646 974 1701 scientia
990 1647 1105 1701 inlirma
1130 1646 1161 1700 in
1183 1644 1228 1700 sui
1255 1645 1446 1700 aestimatione
1469 1645 1618 1700 falleretur
1641 1663 1701 1701 me·

85 1736 149 1787 inste
165 1733 295 1787 roboreo,
321 1732 401 1796 Quod
426 1737 522 1786 autcm
540 1748 624 1786 mane
646 1733 798 1787 comedere
819 1710 838 1764 Β
853 1742 934 1790 tuere
950 1739 1073 1805 poterat,
1090 1734 1124 1789 ad
1135 1750 1234 1805 preces
1248 1749 1401 1787 conversus
1417 1737 1445 1786 et
1457 1734 1514 1787 Deo
1532 1734 1702 1804 suppliciter

86 1820 197 1887 bibere,
214 1820 309 1874 rideat
323 1821 373 1890 qui
389 1820 506 1891 inspicit
530 1821 627 1875 omnia
642 1826 670 1876 et
680 1820 799 1890 judicet,
854 1840 956 1878 manus
974 1823 1138 1887 extendens,
1153 1823 1210 1877 ait:
1229 1822 1348 1889 Christe,
1374 1821 1424 1893 qui
1449 1823 1633 1893 temetipsum
1649 1839 1701 1894 pro

85 1908 112 1964 io
128 1909 284 1980 aliquando
299 1925 336 1962 an
349 1910 495 1963 charitatis
512 1910 605 1964 allicio
620 1912 739 1981 egerim.
855 1912 1051 1983 redemptione
1086 1911 1235 1966 bominum
1269 1910 1421 1965 exinanisti
1450 1915 1477 1964 et
1504 1911 1626 1966 sormam
1659 1918 1703 1969 est

85 2027 233 2082 mirorum
243 2039 299 2079 mos
308 2040 374 2094 379,
384 2027 692 2096 infameseoepospmios·
854 2000 927 2055 servi
944 2001 1079 2072 dignatus
1092 2000 1229 2072 accipere,
1246 2000 1289 2054 lac
1304 2014 1417 2054 mecum
1433 2001 1564 2071 quamvis
1580 2001 1700 2074 indigno

854 2093 952 2142 tamen
966 2087 1102 2142 clientulo
1126 2092 1176 2141 tuo
1201 2086 1438 2150 misericordiam,
1460 2093 1489 2142 et
1510 2088 1624 2144 virtutis
1645 2096 1702 2146 tuae

855 2177 885 2232 in
900 2177 953 2232 bac
967 2177 1135 2231 necessitate
1160 2177 1320 2247 potentiam
1346 2176 1473 2242 ostende,
1499 2181 1531 2232 ut
1553 2185 1703 2250 cognoscat

855 2281 981 2336 praesens
995 2265 1146 2336 episcopus
1168 2270 1196 2320 et
1210 2265 1290 2336 plebs
1311 2265 1382 2336 ejus,
1410 2265 1477 2336 quia
1500 2271 1528 2319 te
1551 2265 1651 2337 diligo,
1674 2270 1702 2319 te

855 2354 953 2416 adoro,
967 2353 1020 2407 tihi
1043 2369 1102 2408 non
1121 2353 1185 2408 ficte
1201 2354 1306 2409 servire
1331 2353 1475 2422 desidero,
1500 2354 1617 2410 Creator
1640 2371 1703 2409 om·

855 2443 936 2497 nium
952 2446 979 2496 et
994 2442 1178 2513 Redemptor.
1197 2442 1243 2496 llis
1258 2443 1349 2509 dictis,
1375 2443 1408 2496 ad
1433 2443 1561 2512 bajulum
1585 2443 1703 2498 infantis

856 2531 985 2601 accessit,
1011 2531 1200 2603 quaesivitque
1231 2536 1300 2603 quot
1328 2536 1425 2586 noctes
1453 2532 1547 2586 iulans
1575 2532 1651 2588 idern
1667 2533 1703 2588 ab

856 2624 921 2674 ortu
935 2621 1090 2690 implesset.
1108 2621 1177 2675 Cum
1193 2624 1250 2673 tres
1265 2619 1347 2674 illum
1359 2620 1418 2691 jam
1433 2637 1448 2674 a
1473 2621 1621 2676 nativitate
1635 2637 1703 2676 noc-

858 2713 898 2762 tes
912 2708 1019 2763 babere
1035 2708 1162 2775 dixisset,
1178 2709 1221 2763 vir
1248 2708 1362 2763 Domini
1385 2708 1533 2778 subjunxit
1549 2737 1555 2764 :
1580 2711 1704 2765 Trinitas

857 2802 963 2866 sancta,
978 2802 1005 2851 te
1020 2797 1132 2866 invoco,
1156 2802 1242 2868 atque
1263 2801 1300 2864 te,
1324 2797 1428 2864 iulans,
1455 2797 1485 2850 in
1511 2797 1628 2853 nomine
1642 2799 1703 2854 'lri-

856 2884 953 2940 nitatis
969 2885 1082 2956 adjuro,
1100 2891 1132 2941 ut
1147 2885 1292 2956 genitores
1306 2889 1372 2939 tuos
1395 2885 1568 2940 nominatim
1584 2891 1612 2940 et
1628 2889 1703 2943 clare

821 2972 999 3062 edesignes.
1015 2975 1087 3028 Tum
1108 2974 1202 3027 iulans
1217 2978 1352 3045 protenta
1367 2975 1403 3028 ad
1422 2974 1587 3046 episcopum
1604 2991 1703 3045 manu,

858 3061 1070 3116 absolutissimo
1101 3078 1230 3115 sermone
1255 3061 1425 3133 respondit:
1454 3063 1509 3118 Iste
1538 3068 1581 3118 est
1621 3069 1704 3134 pater

857 3166 939 3205 meus
954 3149 1085 3205 Rusticus
1101 3149 1252 3220 episeopus
1268 3155 1296 3204 et
1313 3156 1403 3204 mater
1424 3166 1489 3204 mea
1513 3151 1608 3205 Flavia
1628 3167 1703 3206 nun-

858 3241 988 3308 cupatur.
1005 3236 1060 3304 Sic,
1073 3236 1233 3307 justissimo
1251 3235 1301 3290 Dei
1313 3235 1434 3307 judicio,
1451 3236 1520 3291 dum
1544 3237 1575 3291 in
1589 3253 1705 3293 servum

859 3325 973 3381 Domini
987 3326 1078 3380 isdem
1094 3325 1245 3396 episcopus
1262 3324 1421 3380 calumnias
1433 3325 1560 3394 molitur,
1576 3331 1605 3381 et
1617 3342 1705 3398 opera

858 3431 923 3487 quae
937 3414 1075 3469 debuerat
1098 3413 1234 3468 admirari
1257 3413 1385 3484 maligno
1408 3414 1518 3469 fraudis
1541 3420 1705 3471 commento

858 3503 961 3558 nititur
975 3502 1125 3568 offuscare,
1139 3518 1203 3574 quae
1218 3508 1313 3557 essent
1325 3502 1386 3573 ejus
1401 3502 1483 3572 facta,
1511 3504 1660 3576 qualisque
1675 3506 1705 3559 in

858 3592 974 3647 secretis
994 3592 1053 3646 suis
1076 3591 1212 3646 existerat
1232 3590 1282 3662 qui
1301 3591 1397 3663 palam
1414 3591 1449 3647 de
1469 3591 1531 3647 aliis
1549 3593 1704 3665 judicaret,

858 3680 1009 3735 manifeste
1023 3681 1132 3734 cunctis
1146 3679 1281 3734 innotuit.

85 2146 118 2187 ec
135 2131 185 2185 illo
208 2130 331 2197 dicente,
357 2132 522 2201 supervenit
545 2148 618 2201 puer
634 2131 751 2203 quidam
768 2148 801 2186 ex

85 2220 203 2276 acclesiae¹
218 2221 335 2274 nomine
356 2221 513 2291 Leobgisus
529 2222 558 2274 in
581 2222 657 2275 arinis
673 2222 801 2276 infantu-

85 2315 155 2375 tans,
183 2309 233 2380 qui
261 2310 295 2362 ab
325 2309 397 2363 hora
422 2309 577 2363 nativitatis
605 2314 662 2363 tres
690 2313 800 2364 tantum

85 2399 201 2470 nplesse
214 2399 379 2468 putabatur,
392 2403 420 2452 et
430 2398 510 2468 cujus
523 2398 572 2469 qui
588 2403 683 2452 essent
697 2415 802 2470 paren·

85 2487 208 2541 rebatur.
226 2486 312 2539 lioris
327 2486 435 2558 qnippe
448 2492 515 2540 tunc
531 2487 713 2542 Trevirorum
729 2492 800 2556 erat,

87 2591 157 2631 casu
183 2576 320 2646 qualibet
347 2575 454 2629 lamina
477 2575 619 2629 infantem
644 2575 803 2646 peperisset

88 2665 137 2719 llet
149 2664 216 2718 sciri
232 2667 374 2734 parentes,
397 2669 447 2717 aut
461 2669 535 2717 carta
560 2679 646 2735 quem
671 2680 724 2733 pro
742 2663 803 2718 ino·

85 2751 221 2808 amiliaris
238 2768 422 2823 nequaquam
447 2752 558 2806 nutrire
583 2752 736 2819 sufficeret,
753 2769 802 2807 or-

85 2841 185 2896 rulum
200 2843 230 2894 in
242 2841 367 2912 quadam
384 2855 546 2895 marmorea
567 2840 676 2894 concha
688 2856 753 2910 quae
768 2840 802 2894 ad

85 2945 120 2986 im
136 2934 241 2984 statuta
267 2933 328 2983 erat
350 2935 507 3000 exponeret
522 2949 530 2997 ;
545 2945 609 2999 quae
629 2928 717 2983 etiam
734 2944 802 2983 con·

85 3035 101 3074 e
115 3019 146 3074 in
165 3018 338 3073 monasterio
348 3018 473 3085 Prumia,
486 3017 562 3072 dono
574 3016 688 3088 Pippini
704 3017 801 3071 claris-

85 3107 111 3162 is
136 3106 319 3179 aquaeductui
345 3107 515 3178 mancipata,
540 3105 674 3160 fratribus
697 3121 803 3177 aquam

85 3195 215 3252 aleatorio
229 3196 361 3268 praebet3
390 3200 422 3250 ut
447 3211 512 3249 cum
536 3195 682 3265 expositus
709 3194 804 3248 inians

85 3289 141 3350 tur,
172 3283 306 3338 existeret
332 3282 436 3353 aliquis
470 3282 520 3354 qui
542 3298 609 3337 eum
634 3287 804 3352 provocatus

86 3387 141 3426 one
156 3372 313 3442 susciperet
329 3377 358 3425 et
368 3371 517 3425 enutriret.
534 3371 564 3426 si
586 3371 701 3436 quando
716 3371 805 3442 igitur

85 3458 174 3530 risset,
190 3458 320 3512 custodes
330 3458 375 3512 vel
391 3458 578 3512 matricularii
591 3459 716 3513 ecclesiae
731 3474 804 3530 pue-

85 3544 222 3616 ipientes,
239 3544 408 3616 quaerebant
431 3545 461 3599 in
477 3546 594 3616 populo,
609 3547 632 3600 si
653 3546 718 3618 quis
732 3546 804 3601 forte

85 3633 184 3705 ‚cipere
198 3632 386 3687 nutriendum
403 3637 430 3687 et
440 3649 493 3703 pro
504 3649 555 3687 suo
571 3632 705 3706 deinceps
720 3634 806 3689 babe-

85 3738 105 3790 .;
121 3722 171 3776 ubi
186 3721 222 3776 ad
238 3737 301 3776 eam
318 3738 379 3776 rem
394 3721 511 3776 offerret
526 3737 555 3775 se
578 3721 694 3792 aliquis,
711 3722 805 3777 infans

85 3814 93 3864 i
108 3810 254 3880 expositos
269 3810 402 3881 episcopo
417 3810 609 3877 deferebatur,
625 3815 653 3864 et
668 3811 730 3882 ejus
743 3811 804 3880 pri·
858 3816 1022 3884 Episcopum
1037 3812 1075 3867 ed
1090 3815 1276 3882 penitentiam
1290 3814 1432 3884 bortatur3
1454 3821 1591 3885 septenam
1608 3833 1659 3887 pro
1675 3834 1704 3874 eo

85 3898 393 3954 auctoritasnutriendi
404 3899 586 3970 habendique
597 3900 709 3970 parvuli
720 3899 746 3953 ei
755 3899 805 3969 qui
1104 3901 1291 3970 panitariam
1303 3904 1449 3971 promittit.

85 3988 191 4042 ²¹¹¹mi³
206 3992 368 4058 ”memmi
383 3986 559 4042 firmabatur·
894 4035 938 4088 22.
955 4033 1055 4105 ltaque
1071 4032 1121 4088 ubi
1135 4032 1281 4104 proditum
1297 4048 1326 4087 se
1338 4032 1410 4087 vidit
1423 4031 1588 4103 episcopus,
1603 4039 1631 4088 et
1642 4051 1705 4107 quse

85 4105 135 4159 ΝΒ
149 4104 255 4172 l⁰tl¹⁴0²⁰
268 4105 344 4157 ‘3⁰⁰⁷'
357 4105 628 4157 ‘'nmmil'ssmsuam
650 4106 750 4157 ‘'leim-
860 4120 946 4176 celari
963 4137 1044 4192 posse
1065 4121 1225 4176 crediderat
1246 4121 1380 4176 omnibus
1405 4121 1527 4175 revelata
1550 4123 1704 4194 conspexit,

95 4222 166 4278 ergo
191 4212 258 4261 tunc
280 4207 399 4262 accidit:
424 4212 452 4261 et
474 4206 569 4261 inians
584 4207 614 4260 in
637 4207 746 4261 concha
761 4222 806 4260 re·
861 4210 997 4265 confusus
1023 4209 1058 4264 od
1079 4208 1155 4263 beati
1176 4208 1238 4263 viri.
1251 4209 1340 4280 pedes
1359 4207 1492 4279 procidit,
1509 4208 1707 4266 indubitanter

85 4311 97 4350 s
122 4295 227 4350 clerico
258 4296 463 4367 suprascripto,
493 4296 523 4349 in
554 4295 735 4367 praesentiam
762 4299 804 4349 est
824 4287 922 4352 Dtum
939 4313 968 4352 sc
983 4313 1137 4369 agnoscere
1160 4297 1256 4351 dicens
1271 4302 1400 4350 sanctum
1424 4301 1451 4350 et
1475 4298 1532 4350 Deo
1558 4303 1706 4370 acceptum

85 4384 289 4457 ,ecclesiaeque
323 4385 444 4440 delatus.
471 4384 531 4448 Quo
555 4384 626 4451 viso,
656 4384 806 4455 episcopus
860 4402 922 4441 esse
938 4386 1069 4454 Goarem,
1086 4385 1167 4455 cujus
1182 4384 1298 4447 virtute,
1314 4384 1372 4438 imo
1386 4383 1486 4438 divina
1506 4400 1560 4454 pro
1575 4401 1608 4438 eo
1623 4386 1708 4442 ultio-
1738 4395 1740 4398 ’

85 4488 257 4528 conversus:
274 4474 364 4540 Nune,
393 4473 496 4544 inquit,
519 4472 642 4543 probare
657 4472 739 4527 facila
753 4488 806 4543 po·
861 4474 1022 4530 nocrimen
1037 4473 1114 4544 quod
1130 4473 1241 4526 nultum
1257 4477 1363 4543 praeter
1380 4488 1409 4526 se
1424 4478 1453 4527 et
1467 4488 1531 4526 eam
1549 4473 1595 4528 cui
1610 4475 1707 4531 illicite

85 4601 90 4627 ‚
105 4562 130 4615 si
143 4561 241 4617 Goaris
251 4577 340 4631 opera
354 4577 389 4616 ex
415 4564 472 4616 lieo
487 4562 554 4627 sint,
570 4577 607 4614 an
630 4577 664 4614 ex
679 4560 808 4615 adversa·
859 4561 961 4617 luisset
971 4561 1119 4628 admistus,
1133 4576 1281 4632 unumque
1292 4562 1445 4631 puerulum
1460 4578 1545 4617 suum
1559 4563 1640 4632 seire,
1659 4570 1709 4620 aut

85 4649 192 4704 tilestet
208 4665 285 4703 nnnc
301 4649 382 4704 nobis
395 4649 445 4720 qui
467 4651 525 4704 sint
539 4650 624 4719 hujus
649 4649 698 4720 qui
713 4649 808 4703 illatus
862 4651 999 4704 sciturum
1016 4649 1171 4720 aliquando
1187 4653 1346 4720 putaverat,
1371 4665 1423 4719 per
1443 4649 1625 4706 innocentem
1641 4659 1709 4707 tunc

85 4738 110 4792 ri
132 4743 285 4809 parentes;
304 4743 331 4792 et
352 4738 374 4791 si
396 4738 491 4792 divina
513 4737 618 4791 virtute
646 4736 756 4803 nititur,
779 4741 808 4790 ut
863 4743 890 4792 et
900 4738 1022 4791 necdum
1039 4753 1072 4790 er
1084 4752 1137 4790 usu
1152 4737 1318 4807 loquentem
1331 4736 1504 4791 infantulum
1519 4747 1647 4794 cerneret
1658 4758 1709 4812 pa·

85 4833 187 4882 laturae
202 4843 296 4895 risum,
311 4827 406 4881 inians
422 4826 510 4881 trium
525 4827 638 4880 dierum
664 4826 808 4896 loquatur,
862 4826 1009 4881 telactum.
1025 4826 1073 4879 Vir
1088 4830 1184 4879 autem
1199 4829 1313 4878 sanctus
1325 4842 1385 4880 rem
1396 4831 1506 4896 gestam
1517 4830 1708 4899 perpendens,

85 4931 140 4988 que
163 4922 314 4987 parentem
333 4915 451 4970 nomina
465 4915 572 4970 indicet
592 4915 684 4969 faeiat.
710 4917 807 4968 Arcta-
864 4914 956 4969 stabat
978 4913 1152 4984 stupefactus
1175 4918 1203 4967 et
1228 4913 1350 4980 haerens,
1376 4921 1462 4985 atque
1486 4931 1520 4969 ex
1538 4915 1597 4971 imo
1619 4917 1710 4972 cordis

85 5021 92 5058 ι
118 5003 162 5057 vir
192 5004 306 5059 Domini
331 5004 516 5069 conditionc;
547 5004 707 5073 imperatur
732 5001 808 5057 eiab
864 5001 987 5072 suspiria
1000 5001 1169 5072 gravissima
1185 5001 1303 5071 ducens,
1327 5007 1355 5056 ct
1375 5019 1473 5057 versus
1496 5004 1530 5057 ad
1546 5006 1710 5077 episcopum

85 5092 197 5146 autad
215 5091 469 5146 demonstrandam
488 5107 607 5145 suorum
634 5095 749 5144 actuum
767 5090 810 5142 in·
865 5091 1001 5161 plangere
1016 5089 1110 5158 coepit,
1128 5089 1204 5159 qrrod
1230 5106 1282 5160 per
1296 5105 1326 5145 sc
1348 5090 1490 5145 videretur
1511 5093 1639 5161 pontifex
1657 5110 1711 5165 pu-

85 5195 127 5234 am
138 5184 167 5232 et
181 5180 321 5250 simplicis
337 5180 427 5234 aninri
449 5179 626 5234 sanctitatem
653 5179 706 5234 boc
720 5179 811 5232 mira·
865 5178 1006 5242 blicatus;
1027 5177 1114 5231 luisse
1130 5177 1227 5232 dicens
1248 5179 1398 5232 meliorem
1411 5185 1597 5250 spontaneam
1617 5199 1713 5236 secrc-

84 5284 110 5322 ιε
123 5267 265 5322 exhibeat.
283 5267 392 5322 Debere
407 5268 489 5323 illum
509 5268 564 5322 tale
590 5267 699 5337 aliquid
716 5281 811 5336 agere,
866 5271 982 5336 tamque
998 5265 1223 5333 confessionem
1241 5268 1474 5338 oportuissccum
1490 5273 1643 5340 antequam
1657 5288 1714 5342 pu·

88 5355 600 5426 audiendumillnmimitandumque
620 5354 812 5409 dubitantium
867 5354 940 5409 blice
971 5358 1129 5415 notaretur,
1155 5355 1337 5409 conscientiae
1377 5363 1487 5410 reatum
1513 5359 1713 5415 emendatione

93 5444 334 5516 roboretur3qui
362 5445 386 5499 si
409 5445 463 5499 hoc
486 5460 571 5515 agere
595 5443 639 5497 vel
661 5443 744 5509 nolit,
769 5441 814 5496 vel
870 5441 1075 5496 voluntariaet
1097 5443 1289 5497 satisfactione
1317 5459 1443 5513 congrua
1470 5449 1590 5516 tergere,
1607 5448 1715 5523 quippe

85 5574 86 5578 ,
102 5533 202 5604 possit,
226 5533 357 5589 futurum
381 5533 575 5598 continuant,
600 5534 814 5602 nequeprmte-
869 5546 976 5597 reram,
1003 5529 1147 5602 fixamque
1176 5547 1236 5585 esse
1263 5531 1454 5585 sententiam:
1484 5535 1562 5590 Nitrit
1593 5547 1715 5607 opertum

145 5631 285 5696 Peritos.
311 5631 416 5696 cxxi.
1518 5639 1556 5697 tl
