3930 6098
116 245 166 302 sss
902 249 1089 307 erismae
1469 208 1472 212 ’
1647 263 1648 266 ¹
1739 260 1745 268 ·
1822 258 1876 313 aaa

116 382 201 446 esset,
219 377 316 432 minus
339 393 374 451 ea
388 377 465 433 tribu
488 378 559 434 luda
575 377 687 434 inisset.
705 380 777 444 Quia
791 380 883 435 tribus
899 381 970 436 luda
989 382 1059 440 aad
1080 381 1168 436 linem
1183 382 1280 436 saeculi
1298 381 1407 450 indicit,
1428 384 1501 438 sicut
1515 385 1635 454 angelus
1651 384 1764 441 Danieli
1788 386 1874 443 dixit.

117 467 542 532 nonestaScnnaeherib,vei
565 467 967 541 abArtaxersequietDcus
1025 471 1057 524 Et
1068 469 1116 524 ubi
1142 470 1196 525 erit
1210 475 1279 524 tuuc
1304 470 1492 541 relinquenda
1516 471 1577 526 filia
1602 473 1680 541 Sion,
1703 490 1768 544 qnae
1793 476 1872 531 nulla
1935 532 1945 544 ,

118 552 213 607 dictus
233 553 297 623 init,
315 555 453 623 deducta;
470 557 518 611 sed
544 571 561 609 a
585 557 757 627 Vespasiano
783 562 812 612 et
837 558 899 612 Tito
915 563 966 625 est,
1024 560 1088 612 est?
1102 558 1155 614 Ubi
1170 559 1373 628 sanctuarium,
1395 561 1469 631 quod
1485 562 1609 632 populus
1625 563 1783 618 devastavit
1807 580 1873 618 curn

118 657 171 713 per
198 649 291 698 terras
316 643 452 715 dispersa.
480 646 551 700 Nam
577 646 650 701 sicut
672 647 785 702 nullom
816 648 967 718 templum,
1024 647 1095 702 dirce
1111 653 1240 715 venturo,
1257 647 1353 719 quiin
1376 648 1472 702 cinere
1488 650 1618 704 redactus
1644 651 1706 706 esti
1740 652 1876 707 Reddant

119 730 355 800 nullnmaltare3
375 734 487 788 nullum
511 734 671 805 principem
690 735 861 789 remansisse
879 735 968 801 robis,
1022 736 1114 791 Judaei
1141 740 1248 791 statum
1275 752 1362 808 quesn
1391 736 1519 791 Christus
1546 737 1682 791 inveniet.
1723 739 1876 795 AEdiiieent

119 819 264 891 propheta
288 822 364 876 clara
384 821 754 890 intonsttubaffledetunt,
778 823 883 894 inquit,
911 824 969 879 dies
1023 823 1176 894 templum,
1191 824 1239 879 ubi
1259 824 1353 879 subito
1375 824 1539 879 testamenti
1552 826 1670 895 angelus
1686 825 1791 881 veniat.
1822 829 1872 895 En,

120 910 217 964 uultu
228 917 242 942 ⁸
255 908 312 981 filii
321 911 406 965 israel
419 913 559 980 sinerepe,
574 913 631 965 sine
650 913 785 980 principe,
808 914 867 966 sine
880 913 967 965 sacri·
1023 928 1087 967 ecce
1100 917 1130 967 et
1142 918 1236 967 vestra
1250 913 1369 969 cessavit
1385 912 1486 980 hostia,
1508 918 1541 968 ut
1555 913 1663 967 nullius
1676 915 1719 968 rei
1747 915 1875 971 admini-

119 999 189 1066 ieio,
215 1000 277 1053 sine
296 999 391 1066 altori,
416 999 474 1053 sine
486 997 681 1066 recedetibus,
700 1001 757 1053 sine
771 1001 969 1065 manifestatio·
1023 1001 1087 1054 culo
1101 1000 1487 1071 vestradeleanturpeccata,
1504 1001 1574 1055 dum
1589 1017 1647 1055 non
1661 1002 1780 1057 adoletis
1809 1020 1873 1074 qnae

120 1085 200 1141 nibus
221 1086 293 1157 (Osa.
320 1103 361 1155 111,
385 1087 422 1155 4).
447 1086 587 1157 Intelligis
614 1085 683 1141 istos
709 1087 768 1142 dies
796 1104 867 1155 esse,
895 1103 968 1159 quos
1022 1087 1157 1143 solebatis
1171 1089 1297 1144 incensa.
1323 1090 1380 1145 Lex
1398 1090 1541 1161 praecipit,
1570 1089 1600 1145 in
1624 1090 1789 1160 captivitate
1815 1108 1875 1147 non

120 1174 171 1230 Osa
195 1176 340 1247 propheta
358 1175 492 1245 predixit
506 1191 514 1229 ι
530 1180 579 1229 aut
593 1173 713 1230 forsitan
737 1175 829 1230 adhuc
855 1176 920 1230 illos
939 1192 969 1230 se
1022 1177 1109 1232 licere
1125 1177 1257 1233 unctione
1273 1179 1362 1249 regali
1377 1179 1502 1233 chrisma
1523 1178 1672 1234 conticere.
1696 1179 1776 1235 Unde
1805 1196 1874 1250 ergo

119 1268 285 1335 exspectare
298 1263 411 1335 pej0res
434 1279 508 1318 caeea
530 1264 696 1319 lndaeorum
722 1265 865 1336 oppositio
885 1265 964 1320 dicit.
1023 1265 1140 1320 messias
1152 1271 1245 1320 vester
1256 1272 1390 1337 ungetur,
1412 1271 1445 1321 ut
1459 1271 1563 1322 unctus
1584 1282 1651 1322 vere
1667 1267 1749 1336 juxta
1770 1267 1873 1323 Danie-

115 1350 298 1406 Recensendi
312 1358 381 1407 sunt
392 1352 518 1406 hocloco
529 1368 621 1421 reges,
635 1368 693 1407 nou
707 1358 863 1425 atempore
877 1353 967 1422 ludes,
1022 1352 1080 1407 lem
1092 1353 1152 1424 ipse
1167 1353 1321 1409 credatur?

114 1440 165 1512 qui
181 1440 294 1513 cogniti
313 1445 389 1510 sunt,
406 1444 435 1496 et
456 1440 610 1512 perDavid
633 1457 665 1496 ac
681 1441 875 1501 ,Salomonem
904 1458 968 1498 cur·
1058 1444 1085 1495 6.
1102 1441 1226 1512 Sedjam
1243 1446 1427 1514 atemporeb
1447 1458 1591 1497 annorum
1611 1442 1782 1499 veniendum
1805 1447 1872 1498 est:
1931 1466 1936 1476 ·

109 1534 214 1584 rentes
228 1546 323 1602 usqne
337 1530 373 1586 ad
389 1529 536 1585 Sedeciam
551 1534 629 1584 recto
642 1531 757 1586 tramite
766 1536 902 1603 pergunt,
918 1531 968 1586 sed
1023 1535 1052 1584 et
1067 1546 1124 1585 uon
1140 1545 1218 1584 more
1234 1535 1343 1596 nostro,
1356 1530 1405 1584 sad
1420 1532 1504 1601 legali
1521 1532 1704 1600 documento,
1729 1532 1873 1587 calculan-

108 1624 284 1689 atempore
301 1618 436 1684 Danielis,
459 1627 488 1675 et
512 1624 575 1689 post
598 1619 819 1690 Babyloniorum
844 1621 967 1675 laxatam
1027 1619 1095 1672 dnm
1119 1625 1171 1686 est,
1197 1618 1309 1673 dicente
1338 1619 1460 1674 Domino
1487 1620 1521 1674 ad
1545 1620 1682 1692 Moysen:
1711 1621 1874 1678 Numerabis

106 1706 327 1778 captivitatem,
343 1707 395 1779 qni
415 1723 468 1779 per
493 1708 579 1763 duces
603 1708 769 1763 decurrunt.
796 1710 828 1763 Et
844 1709 919 1776 ideo,
940 1715 973 1764 ot
990 1682 1012 1739 Β
1031 1708 1082 1761 tibi
1105 1714 1205 1776 septem
1219 1707 1401 1762 hebdomades
1425 1708 1740 1779 acaemitensium,
1764 1709 1819 1779 15),
1845 1710 1874 1764 id

104 1794 185 1860 disi,
209 1811 227 1850 a
247 1799 378 1867 tempore
394 1795 519 1850 Danielis
545 1812 628 1866 reges
654 1802 761 1850 uestros
786 1798 971 1862 enumerabo,
1030 1802 1073 1850 est
1097 1797 1202 1866 septies
1217 1801 1336 1866 septem,
1363 1797 1413 1867 qui
1438 1798 1588 1851 sunt'anni
1603 1796 1792 1868 quadraginta
1820 1814 1873 1853 no·

103 1888 138 1938 et
153 1884 190 1938 in
208 1899 298 1955 quem
314 1884 448 1939 deiecerit
465 1884 544 1939 brevi
561 1883 697 1954 indagine
720 1884 883 1956 assignabo.
908 1887 974 1941 Post
1029 1900 1102 1938 vem.
1118 1885 1193 1956 Ergo
1219 1884 1399 1955 septuaginta
1424 1885 1614 1939 hebdomada
1648 1885 1874 1956 quadringentos

105 1988 210 2043 quem
226 1973 254 2026 si
266 1973 393 2043 aliquem
408 1972 510 2028 habuit
524 1989 594 2043 gens
609 1972 669 2033 illa,
694 1973 746 2028 sub
762 1990 819 2045 quo
836 1974 975 2030 exstiterit
1027 1972 1185 2044 nonaginta
1203 1989 1293 2027 annos
1308 1973 1446 2028 efficiunt.
1469 1973 1638 2044 Septuagies
1653 1973 1730 2028 enim
1762 1974 1874 2044 septeni

103 2061 205 2127 duee,
222 2076 389 2132 nomenque
404 2060 467 2131 ejus
481 2077 577 2132 quesso
594 2062 705 2116 edicite.
1028 2062 1233 2133 quadringenti
1242 2063 1399 2133 nonaginta
1410 2067 1485 2117 sunt.
1499 2063 1733 2134 igiturpercurre
1751 2062 1875 2119 breviter

151 2152 181 2203 5.
202 2150 319 2204 Primus
334 2155 397 2222 post
416 2150 542 2204 Danielis
565 2151 748 2221 prophetiam
764 2156 916 2223 postquem
938 2153 973 2207 de
1028 2150 1150 2219 Graecas,
1177 2151 1299 2219 Latinas,
1330 2150 1523 2220 barbarasque
1549 2150 1712 2205 historiasa
1738 2150 1874 2206 vicesimo

104 2236 270 2308 Babylone
294 2254 425 2293 reversus
447 2243 489 2293 est
512 2239 647 2310 populus,
672 2239 882 2310 praefuitlesus
897 2240 973 2295 filins
1028 2253 1104 2292 anno
1124 2238 1283 2294 Artanersis
1305 2238 1381 2309 regis
1396 2240 1547 2294 Persarum
1567 2255 1658 2310 usqne
1674 2241 1708 2294 ad
1729 2239 1874 2294 Christum

101 2325 254 2394 sorenes,
283 2331 312 2380 et
339 2326 496 2382 Zorobabel
522 2326 600 2381 filins
629 2327 776 2383 Salathiel.
807 2330 873 2384 Post
900 2344 973 2400 quos
1026 2327 1139 2394 ducem,
1157 2331 1186 2381 et
1199 2327 1328 2381 invenias
1343 2327 1595 2382 totiusnumerum
1626 2327 1873 2383 hebdomadarum

101 2414 241 2472 Joachin
254 2413 327 2468 iilius
346 2415 413 2470 lesu
432 2414 462 2469 in
480 2415 649 2485 pontificatu
665 2417 811 2470 successit.
829 2417 880 2472 Cui
909 2433 973 2471 suc·
1026 2415 1114 2470 fnisse
1127 2414 1313 2487 completum,
1326 2416 1406 2486 juxta
1424 2416 1558 2470 lunarum
1574 2423 1743 2486 computum
1758 2416 1872 2471 ludaeo-

106 2501 206 2557 cessit
221 2500 319 2555 Eliuth
335 2517 343 2554 ι
367 2501 433 2556 hnic
448 2517 563 2573 quoque
577 2502 712 2556 successit
731 2503 829 2558 loiade
845 2520 851 2558 :
869 2502 972 2558 deinde
1027 2520 1102 2570 rum,
1118 2504 1168 2575 qui
1183 2504 1338 2575 uniruique
1354 2505 1445 2559 mensi
1461 2504 1522 2559 dies
1542 2503 1646 2575 viginti
1660 2520 1763 2559 novem
1778 2520 1875 2559 annn-

109 2591 269 2647 Joannes:
291 2592 391 2659 postea
413 2589 509 2645 ledus.
530 2592 597 2645 Post
618 2607 705 2661 quem
730 2590 839 2646 Onias:
867 2590 972 2646 deinde
1026 2596 1148 2647 merant.
1173 2592 1243 2646 Nam
1263 2592 1427 2647 evicesimo
1450 2608 1526 2646 anno
1542 2591 1603 2662 jam
1625 2591 1693 2647 dicti
1715 2591 1875 2647 Artaxersis

111 2677 240 2751 prasiuit
264 2678 392 2747 pontifex
416 2679 540 2733 Eleazar.
557 2680 625 2733 Post
648 2695 734 2750 quem
752 2680 886 2734 successit
901 2681 973 2735 alter
1026 2695 1118 2751 nsque
1138 2680 1172 2734 ad
1189 2680 1323 2751 quintum
1342 2680 1486 2734 decimum
1501 2695 1609 2734 annum
1626 2679 1733 2734 Tiberii
1755 2679 1875 2734 Caesaris

120 2766 217 2822 Orias.
242 2766 350 2821 Deinde
369 2766 456 2821 ludas
472 2782 479 2821 :
495 2766 541 2820 eui
564 2768 697 2821 successit
716 2766 969 2821 iraterlonathau.
1026 2768 1209 2840 reperiuntur
1223 2769 1292 2822 suni
1310 2768 1514 2838 quadringenti
1528 2768 1710 2839 septuaginta
1732 2768 1873 2840 quinque,

125 2855 291 2926 Postquam
306 2853 406 2909 Simon
425 2852 513 2908 frater
528 2854 687 2925 utriusque.
715 2855 822 2909 Deinde
836 2856 969 2922 loannes,
1026 2857 1076 2928 qni
1106 2857 1214 2912 iaciunt
1243 2857 1501 2912 ennosllebraicos
1532 2857 1757 2928 quadringentos
1782 2873 1874 2912 nona·

130 2947 189 3011 post
225 2958 313 3015 quem
350 2941 539 2998 Aristobolus.
584 2943 656 2998 Huic
688 2960 805 3015 quoque
837 2935 1121 3016 successithinta;
1140 2945 1324 3017 qniaGraeci,
1344 2950 1372 2999 et
1392 2944 1494 3011 ludaei,
1519 2950 1648 3015 peracto
1670 2962 1760 3000 annos
1785 2946 1874 3000 trium

137 3031 294 3100 Alexander,
319 3031 369 3102 qni
403 3046 450 3084 rex
474 3029 583 3101 pariter
607 3047 639 3084 ac
661 3032 789 3102 pontifex
815 3033 878 3088 luit.
906 3033 972 3087 Post
1026 3036 1169 3088 mensium
1185 3035 1370 3088 embolismos
1384 3033 1503 3088 iaciunt.
1521 3035 1555 3087 Et
1568 3033 1634 3088 ideo
1657 3036 1693 3089 ab
1715 3034 1802 3104 hujus
1821 3038 1874 3089 Ar·

138 3116 202 3174 hune
212 3118 381 3187 Alexandra,
397 3135 470 3173 uxor
483 3119 554 3191 ejus,
573 3135 638 3173 erim
654 3119 721 3175 filiis
741 3123 840 3176 Ircano
856 3126 884 3176 et
908 3122 970 3176 Ari·
1025 3123 1144 3177 tarersis
1163 3123 1297 3177 vicesimo
1323 3138 1399 3176 auno
1422 3122 1646 3191 computandum
1671 3124 1723 3191 est,
1749 3128 1778 3176 ut
1803 3137 1872 3192 prae·

141 3207 236 3262 stoholo
252 3209 360 3279 populo
382 3207 506 3279 praefuit.
522 3208 583 3272 Quo
602 3214 733 3280 tempore
753 3210 880 3265 Herodes
895 3209 971 3263 iilius
1025 3211 1094 3275 dixi,
1111 3211 1178 3282 quia
1193 3211 1222 3265 in
1238 3210 1301 3280 ipso
1316 3226 1391 3264 enno
1406 3225 1527 3278 opressus
1547 3215 1586 3264 est
1608 3224 1705 3277 semo,
1722 3214 1753 3264 ut
1775 3213 1875 3264 iterum

141 3295 970 3368 intipatrisinteriectoIrcanoregnumludaeornmsenatu
1025 3299 1208 3366 aedificaretur
1234 3300 1393 3364 Jerusalem,
1431 3298 1547 3352 Neemia
1575 3299 1713 3368 pincerna
1743 3301 1873 3369 rogante,

141 3385 255 3441 consulto
271 3386 387 3457 accepit.
404 3385 436 3440 ln
452 3387 513 3457 ejus
528 3392 657 3458 tempore
672 3385 816 3441 Christum
840 3390 971 3440 nostrum
1026 3385 1100 3439 sicut
1114 3384 1153 3439 ait
1173 3386 1292 3456 angelus
1309 3385 1430 3439 Danieli.
1453 3383 1535 3450 erod
1561 3385 1586 3439 si
1607 3385 1711 3439 iterum
1738 3401 1754 3439 a
1780 3385 1874 3456 primo

141 3481 221 3530 uatum
238 3474 501 3530 essetuacharitas
520 3475 728 3545 nonignorat:
745 3473 862 3545 quodsi
882 3474 970 3529 alium
1026 3488 1102 3527 anno
1130 3473 1218 3540 Darii,
1246 3473 1295 3544 qui
1321 3477 1349 3528 et
1377 3474 1461 3528 ldelas
1484 3477 1599 3527 vocatus
1623 3478 1675 3539 est,
1705 3473 1874 3528 successoris

139 3568 286 3634 exspectare
299 3562 435 3630 nitimini,
456 3563 588 3617 ducesex
601 3563 759 3618 tribuluda
778 3563 916 3617 hactenus
940 3562 971 3617 in
1027 3560 1101 3633 Cyri,
1130 3561 1282 3632 quoivisio
1312 3561 1422 3616 Danieli
1451 3562 1545 3616 extitit
1570 3563 1707 3631 revelata,
1749 3561 1873 3616 uolneris

139 3656 217 3706 vestm
229 3654 315 3724 gente
341 3652 504 3706 ostendite:
525 3655 554 3706 et
576 3656 644 3705 tunc
666 3657 830 3724 exspectare
851 3668 901 3706 vos
923 3668 972 3706 re·
1026 3653 1202 3719 computare,
1220 3648 1349 3702 invenies
1368 3649 1398 3702 in
1413 3649 1591 3719 sexagesima
1615 3648 1738 3703 secunda
1760 3648 1875 3717 ,hebdo-

138 3738 323 3812 demptionem
346 3738 509 3808 firmabitis,
526 3756 591 3794 cum
611 3739 754 3795 defectum
777 3739 870 3795 tribus
892 3740 970 3795 ludae
1026 3737 1111 3791 mada
1124 3741 1225 3790 natum
1238 3737 1358 3791 existere
1372 3736 1526 3791 Christum.
1627 3734 1631 3739 ’

135 3841 160 3882 er
179 3828 301 3884 ducibus
316 3827 526 3899 suppleveritis.
552 3827 632 3894 Quod
662 3828 686 3882 si
699 3828 824 3899 inultum
852 3828 972 3900 potestis
1062 3830 1087 3879 7.
1116 3827 1183 3880 Post
1210 3825 1291 3896 cujus
1311 3825 1502 3888 nativitatem,
1526 3824 1551 3878 si
1571 3824 1712 3879 calculare
1735 3823 1875 3879 malueris

135 3914 252 3972 iuvenire
280 3932 316 3972 ex
343 3917 470 3988 regibus,
501 3917 551 3988 qni
581 3916 657 3971 uocis
686 3916 821 3972 ducatum
845 3918 973 3989 praebeat
1026 3913 1170 3985 reliquum
1192 3913 1438 3968 hebdomadarum
1454 3912 1773 3983 nnmerum,inprim0
1797 3928 1873 3967 anno

136 4002 271 4070 haetenus,
288 4005 368 4060 illam
391 4005 571 4077 prophetiam
594 4005 719 4061 Danielis
734 4005 854 4076 probate
879 4011 971 4061 atten—
1026 4001 1203 4073 Vespasiani,
1230 4001 1281 4074 qui
1302 4001 1452 4073 captivitas
1470 4000 1714 4068 vestrafactaest,
1739 3999 1875 4055 invenie-

136 4092 191 4164 tius,
213 4100 242 4149 et
265 4093 544 4148 tnncconiusionem
572 4094 737 4149 ludaeorum
752 4094 813 4165 jam
844 4070 972 4150 debitam
1025 4094 1073 4146 tur
1096 4091 1259 4161 impletum.
1279 4091 1314 4144 Et
1332 4091 1386 4144 ista
1408 4090 1449 4144 ita
1471 4093 1601 4160 poteram
1626 4087 1795 4159 singillatim
1823 4104 1875 4160 per

138 4182 235 4237 uenisse
263 4181 424 4253 probabitis
446 4181 552 4251 varius,
583 4182 619 4237 ab
641 4197 675 4236 eo
698 4183 761 4237 loeo
779 4182 828 4237 ubi
852 4185 972 4254 angelus
1026 4179 1147 4233 nomina
1169 4195 1269 4250 regum
1295 4194 1443 4250 annosque
1466 4178 1672 4249 imperantium
1693 4176 1875 4248 singulorum

139 4265 235 4323 Danieli
249 4267 379 4340 loquitur
402 4267 500 4322 dicans
523 4267 743 4340 (Dan.1x‚2n):
775 4269 875 4323 Daniel
901 4285 971 4324 nune
991 4267 1186 4343 postendere
1206 4267 1302 4322 sicut⁰
1322 4267 1429 4338 legales
1452 4266 1647 4322 successiones
1667 4280 1720 4337 per
1746 4265 1874 4336 prophe·

114 4429 116 4431 ι
141 4367 245 4421 onasus
258 4371 329 4422 ercii,
345 4360 377 4410 ut
402 4356 531 4423 desuem,
552 4362 578 4412 et
599 4357 773 4425 inteiliperes.
797 4358 843 4411 Ab
862 4357 975 4414 cendio
1028 4362 1123 4412 tarum
1138 4355 1226 4410 libros
1245 4356 1403 4427 potuissem
1417 4355 1551 4426 probare.
1579 4355 1633 4411 Sed
1656 4353 1724 4425 qnia
1744 4352 1797 4409 etsi
1824 4368 1876 4407 ve·

142 4448 354 4509 penninarum
378 4459 502 4513 egressus
523 4449 563 4501 est
591 4460 686 4512 sermo,
704 4461 794 4516 nsque
820 4445 856 4499 ad
879 4445 973 4500 locum
1028 4445 1087 4500 raci
1108 4443 1241 4515 virilique
1265 4444 1422 4498 assertione
1442 4444 1610 4514 probentur,
1635 4447 1733 4497 tamen
1761 4441 1876 4496 tidalem

144 4529 179 4583 uli
191 4532 236 4587 tali
260 4533 462 4603 prosecutione
480 4533 569 4587 tinem
588 4533 751 4588 conclusit:
768 4536 879 4604 Etpost
908 4535 974 4588 beb-
1028 4533 1189 4588 auditorem
1206 4533 1372 4603 requirunt;
1392 4532 1457 4588 ideo
1475 4547 1533 4586 non
1549 4547 1653 4603 magua
1668 4546 1754 4600 opere
1775 4529 1806 4583 in
1819 4545 1876 4584 nu-

146 4614 253 4675 duuudos
275 4623 422 4687 seaoqiirto
445 4620 664 4676 duasoeeidetur
688 4622 823 4689 Christus,
848 4626 874 4678 et
902 4624 973 4677 ciui<-
1027 4637 1173 4676 merorum
1190 4621 1232 4674 vel
1246 4620 1455 4690 imperatorum
1474 4624 1615 4690 tempora,
1639 4618 1806 4673 laciniosam
1830 4617 1875 4671 in·

149 4707 210 4760 luten
230 4714 256 4764 et
280 4711 470 4764 sanctuarium
500 4708 648 4779 dissipabit
672 4711 790 4780 popalus
818 4725 878 4764 cum
909 4710 975 4765 duee
1028 4715 1136 4764 struem
1152 4709 1287 4774 tabulam,
1310 4709 1359 4762 sed
1374 4708 1500 4763 breviter
1514 4707 1641 4778 tetigisse
1656 4706 1790 4772 sufficiat,
1804 4703 1875 4776 qnid

150 4798 244 4861 sorno,
260 4802 286 4852 et
300 4797 367 4858 linis
381 4799 438 4868 ejas
462 4801 630 4865 restitisset
651 4804 713 4868 post
732 4799 814 4862 finem
829 4800 892 4853 lilii
915 4803 974 4853 sta·
1027 4798 1118 4853 nostri
1138 4797 1204 4852 inde
1228 4812 1342 4851 sensere
1364 4796 1502 4866 majores;
1526 4800 1555 4850 et
1574 4800 1633 4850 ate
1648 4795 1773 4849 fraterno
1795 4807 1876 4847 more

151 4877 194 4932 luto
210 4884 345 4941 mactatio.
367 4886 450 4941 Vides
473 4887 552 4959 quod
579 4892 643 4959 post
669 4886 843 4941 occisionem
869 4887 974 4942 Christi
1027 4884 1184 4956 inquirere,
1201 4885 1271 4956 quid
1285 4885 1354 4940 iude
1368 4888 1525 4940 tractavere
1551 4882 1874 4954 proceresSynagogoe:

152 4972 312 5029 'nunonem
323 4975 457 5029 omnibns
469 4974 692 5046 ludaeispollicit
705 4974 852 5046 Scriptura
866 4976 972 5031 divina.
1028 4978 1060 5028 ut
1073 4977 1101 5027 et
1120 4972 1189 5027 mihi
1210 4973 1292 5027 liceat
1305 4989 1388 5027 nosse
1400 4973 1477 5044 qnod
1496 4987 1597 5026 verum
1613 4975 1666 5039 est,
1681 4974 1709 5023 ct
1720 4968 1774 5022 tihi
1788 4967 1878 5022 libeat

152 5045 203 5107 [isi
223 5059 313 5114 adhuc
337 5059 493 5128 Christum,
518 5061 604 5116 idest
627 5058 767 5127 hiesdem,
797 5061 973 5131 exspectetis,
1027 5062 1180 5132 reprobare
1194 5061 1272 5132 quod
1298 5061 1401 5116 falsum
1418 5065 1467 5117 est.
1482 5060 1555 5114 illud
1582 5074 1669 5133 quam
1685 5056 1876 5127 maximepo·

153 5141 254 5204 protecto
272 5147 367 5202 adhuc
380 5147 586 5204 desolationem
609 5148 749 5219 majorem
764 5148 865 5204 timere
884 5148 975 5205 debe·
1027 5166 1118 5218 scens,
1134 5159 1167 5205 ut
1185 5150 1246 5205 sine
1269 5150 1345 5205 fellis
1364 5149 1559 5204 amaritudine
1580 5147 1651 5202 mihi
1666 5146 1788 5201 disseras
1807 5144 1877 5216 quid

155 5223 195 5282 tis:
211 5236 271 5304 quia
295 5251 356 5291 non
370 5236 450 5292 robis
476 5237 715 5309 redemptionem,
737 5241 770 5293 ut
794 5253 897 5293 vanam
912 5237 974 5310 opi·
1027 5239 1142 5310 prodest
1157 5254 1250 5294 nosse.
1268 5239 1373 5294 littam
1387 5236 1547 5309 illudquod
1563 5233 1677 5290 alacob
1690 5233 1772 5288 ludae
1786 5231 1800 5270 ¹¹
1814 5248 1879 5303 pro·

154 5316 210 5371 uatis
217 5324 334 5394 pollicit,
347 5325 396 5379 sed
409 5326 598 5382 vastationem
613 5327 648 5382 ab
661 5326 723 5397 ejus
741 5325 862 5381 adventu
882 5342 974 5397 nsque
1027 5327 1081 5382 tuli
1091 5326 1286 5395 benedictum,
1300 5342 1388 5399 quam
1403 5326 1489 5380 etiam
1505 5322 1583 5396 quod
1599 5339 1615 5377 a
1629 5321 1747 5377 Daniele
1763 5321 1877 5393 profes-

177 5464 253 5520 ‘lter
268 5469 366 5523 multos
382 5467 487 5524 desunt
505 5469 535 5524 in
552 5471 600 5525 lis.
1063 5475 1074 5502 ⁰
1092 5468 1154 5536 lis,
1170 5470 1206 5522 si.

177 5529 188 5569 ¹²
204 5532 227 5588 i.
239 5538 274 5591 od
290 5545 406 5608 tempus.
1062 5539 1076 5581 i
1095 5540 1158 5606 lis,
1171 5554 1253 5608 quem
1267 5554 1285 5592 o
1298 5538 1379 5593 Jacob
1388 5535 1465 5607 jube.
