3930 6098
494 246 498 251 ’
563 274 700 334 corrm
718 274 922 335 aeaconuu
940 275 1245 335 ormana-ua.
1265 276 1309 335 rr.
1766 283 1818 340 ιιι

64 410 196 466 lecerunt
220 411 270 484 qui
294 416 398 467 cuncta
427 411 655 466 succendentes
686 413 860 484 pauperibus
882 429 916 467 ea
935 411 1128 469 asideratum
1152 431 1239 486 quam
1269 417 1462 474 necessarium
1500 418 1616 492 corpori
1647 418 1819 494 indulgeant

65 500 288 567 distribuebant,
304 507 333 556 el
356 517 513 573 pauperem
538 501 681 556 Christum
698 501 752 573 ipsi
777 518 917 573 pauperes
970 502 1105 558 cibum.»

63 277 118 330 ³05

66 589 160 644 allecti
186 595 253 644 suut
277 591 386 645 secuti:
415 590 494 645 aliud
519 596 615 644 autem
638 591 687 659 qui
711 591 753 644 ιιι
776 597 917 661 praecepta
1005 593 1068 646 hee
1089 593 1215 648 scribens
1239 594 1273 648 da
1299 593 1513 649 conversatione
1537 597 1726 665 credentium,
1758 615 1815 654 non

64 692 156 746 pauca
170 678 394 748 complectentes
410 678 485 730 inter
510 677 590 731 initia
615 679 763 748 religionis
786 677 916 731 contine·
969 681 1148 735 Alexandriae
1171 686 1295 748 tautum,
1331 697 1428 735 rerum
1463 698 1513 753 per
1535 686 1686 755 AEgyptum
1710 687 1816 758 passim

64 764 182 828 bantur,
197 782 249 820 nec
262 771 358 819 tamen
375 767 411 820 ob
426 766 481 820 hoc
496 765 581 819 alieni
596 765 662 819 laeti
677 765 794 819 suntab
810 765 851 819 eis
866 763 917 836 qui
971 768 1205 837 inhabitantium,
1227 770 1310 824 docet
1334 775 1474 841 quantum
1499 771 1617 827 istorum
1638 775 1816 829 conversatio

62 869 178 907 summa
204 855 351 921 tenebant,
382 854 429 908 isli
453 854 503 925 qui
538 854 669 922 minima,
695 855 781 908 reluti
812 854 915 919 dicam,
970 856 1243 912 distabatacereris
1259 874 1309 928 per
1324 858 1411 911 totius
1427 857 1505 912 orbis
1521 860 1739 929 amplitudinem
1755 880 1815 917 cre-

64 946 211 1012 prrecepta
225 942 415 997 sectabantur.
440 943 551 996 Etenim
568 943 633 995 licet
647 942 835 996 observantius
851 942 916 996 lue·
969 945 1113 999 dentibus.
1129 945 1276 1016 Siquidem
1293 947 1321 1001 bi
1339 946 1481 1001 desiderio
1495 947 1595 1017 patrita
1610 950 1730 1004 coelestis
1745 952 1816 1006 adeo

65 1030 123 1083 rint
148 1031 287 1100 qualitate
310 1031 449 1101 dispares,
475 1031 542 1084 lidei
566 1035 663 1085 tarrren
690 1030 800 1084 unitate
825 1030 915 1084 socia·
969 1033 1158 1099 incaluerant,
1178 1040 1208 1087 ut
1225 1035 1268 1088 his
1291 1035 1394 1089 merito
1423 1035 1584 1090 diceretur:
1608 1039 1702 1092 Vestro
1727 1045 1817 1094 autem

63 1119 179 1172 bantur.
969 1125 1134 1177 corruersotio
1161 1126 1189 1176 ιἰι
1213 1125 1283 1178 coelis
1310 1129 1350 1178 eat
1374 1125 1504 1194 (Philipp.
1532 1142 1573 1192 ιιι,
1598 1126 1656 1195 20).
1686 1126 1816 1183 incarne

98 1207 239 1261 Eusebius
260 1206 444 1262 Caesariensis
458 1207 609 1277 episcopus
633 1208 663 1261 in
681 1207 802 1262 Historia
825 1208 914 1262 eccle·
968 1210 1110 1283 siquidem
1134 1218 1354 1278 commorantes,
1381 1213 1552 1283 angelicam,
1577 1219 1609 1268 ut
1631 1217 1671 1268 ita
1686 1215 1817 1284 dixerim,

63 1295 254 1363 siasticallr'b.
271 1313 301 1360 rr,
323 1311 383 1365 cop.
411 1299 455 1364 rc)
480 1296 578 1350 scribit
603 1297 637 1351 de
662 1296 843 1352 credentibus
864 1295 915 1368 qui
968 1300 998 1354 in
1021 1301 1106 1355 terris
1128 1300 1214 1355 vitam
1239 1302 1372 1371 agebant.
1400 1302 1499 1355 Fertur
1523 1302 1598 1356 euim
1624 1319 1676 1374 per
1698 1304 1816 1359 beatum

64 1382 254 1436 morabantur
287 1383 476 1450 Alexandria,
498 1385 586 1456 ¹quod
618 1384 765 1456 religionis
803 1386 914 1440 fervore
969 1389 1091 1442 llareum
1108 1389 1324 1459 evangelistam,
1341 1404 1427 1459 quem
1456 1389 1573 1444 miserat
1597 1393 1743 1460 apostolus
1760 1392 1816 1445 Pa-

61 1471 277 1538 detinebantur,
302 1488 388 1543 quam
405 1473 553 1538 excellenti
569 1473 795 1527 conversationis
821 1474 914 1544 philo·
968 1482 1058 1530 trusa
1074 1478 1164 1531 ltoma
1184 1477 1387 1532 Alexandriam
1405 1481 1435 1531 ut
1454 1478 1640 1548 euangelium
1657 1480 1762 1534 Christi
1774 1479 1815 1533 illi

62 1559 164 1631 sophia
192 1576 254 1614 sese
282 1560 429 1632 gerebant.
450 1561 497 1616 att
510 1578 598 1633 ergo:
617 1584 631 1611 a
644 1561 739 1616 Primo
755 1563 915 1616 omnium·
968 1564 1080 1635 regioni
1099 1565 1278 1635 praedicaret,
1303 1565 1448 1621 fuissesic
1472 1566 1629 1621 institutos.
1653 1568 1726 1623 Num
1751 1585 1816 1620 raro

62 1647 232 1702 renuntiant
242 1648 351 1702 cunctis
365 1648 548 1704 facultatibus
564 1648 632 1716 suis,
652 1649 702 1718 qui
716 1666 746 1703 se
760 1650 795 1705 ad
812 1651 913 1722 hujus·
968 1661 1121 1726 propterea
1146 1662 1263 1709 cataras
1303 1654 1333 1707 in
1358 1654 1427 1708 orbe
1450 1659 1511 1709 tolo
1540 1654 1643 1710 Christi
1680 1656 1816 1711 Ecclesias

61 1736 143 1791 modi
162 1736 378 1808 philosophiam
401 1737 543 1804 dederint,
568 1744 596 1793 et
622 1737 704 1792 bonis
729 1738 788 1792 suis
810 1739 914 1811 quibus
933 1712 1055 1814 Blonge
1077 1742 1161 1798 aliter
1184 1743 1331 1812 degentes,
1357 1760 1407 1796 sua
1431 1743 1635 1797 communione
1658 1743 1814 1812 privarant,

60 1827 218 1890 intersunt,
243 1827 359 1880 cedunt.
382 1827 453 1881 Tum
479 1826 584 1881 deinde
605 1827 682 1898 quod
707 1844 807 1882 omnes
826 1828 913 1883 etiam
969 1833 1011 1886 vel
1027 1831 1058 1886 in
1073 1847 1138 1885 suos
1153 1831 1225 1885 ritus
1248 1846 1389 1901 suamque
1411 1830 1649 1884 consuetudinem
1674 1835 1816 1885 trausnru-

61 1918 127 1971 ritae
142 1917 353 1972 sollicitudines
374 1920 474 1988 procul
496 1919 642 1991 abjiciant,
672 1926 700 1975 at
718 1922 914 1977 extraurbem
967 1925 1028 1976 tare
1043 1919 1227 1991 gestiebant?
1252 1921 1395 1973 Norerant
1421 1918 1497 1973 euim
1521 1919 1749 1990 uuicuiquenon
1769 1936 1814 1974 so·

61 2006 172 2077 egressi
188 2006 219 2060 ιιι
235 2006 369 2072 hortulis,
395 2008 437 2062 rel
464 2007 576 2080 exiguis
599 2009 762 2081 quibusque
783 2011 914 2081 agellulis
968 2009 1028 2063 lum
1051 2009 1214 2073 hominurn,
1240 2024 1337 2062 rerum
1364 2008 1451 2061 etiam
1476 2006 1605 2062 Ecclesiae
1634 2007 1728 2060 datam
1754 2022 1816 2060 esse

60 2096 179 2166 degant,
204 2094 380 2164 refugientes
403 2097 521 2168 imparis
543 2098 682 2169 propositi
706 2099 859 2160 consortia,
886 2103 915 2154 et
968 2097 1088 2168 gratiam
1109 2098 1266 2152 secundum
1277 2111 1441 2149 mensuram
1454 2095 1616 2149 donationis
1627 2094 1817 2162 Christi3nec

61 2184 125 2237 vitre
150 2184 301 2239 dissimilis
324 2185 537 2239 contubernia:
562 2188 681 2241 scientes
705 2188 913 2258 impedimento
968 2193 1066 2242 tamen
1089 2186 1146 2253 isti,
1171 2185 1239 2256 quia
1262 2185 1469 2239 continentiam
1493 2184 1572 2238 velut
1595 2183 1816 2238 fundamentum

61 2289 123 2326 esse
136 2272 198 2327 haec
213 2273 338 2328 arduum
353 2273 514 2329 volentibus
529 2274 585 2330 iter
609 2275 722 2330 virtutis
737 2276 912 2331 incedere.»
969 2276 1113 2346 quoddam
1143 2274 1237 2346 primo
1264 2274 1485 2328 consecrandam
1518 2272 1734 2340 constituerant,
1764 2287 1820 2329 ιιιι·.

61 2363 92 2416 lit
105 2367 172 2431 post
187 2361 263 2416 alia:
280 2382 294 2413 r
311 2363 359 2415 Est
383 2367 490 2429 autem,
507 2363 611 2434 iuquit,
638 2364 667 2417 in
697 2363 817 2434 singulis
845 2365 914 2420 locis
969 2363 1299 2436 ptiascondemnabant:
1325 2362 1380 2417 nisi
1402 2361 1473 2418 lorte
1491 2361 1650 2433 putandum
1672 2362 1746 2433 apud
1768 2378 1817 2414 eos

61 2455 229 2504 consecrata
241 2451 380 2504 orationis
392 2451 505 2519 domus,
522 2468 586 2523 quae
599 2452 760 2523 appellatur
769 2453 912 2520 semnion,
968 2453 1117 2525 episcopos
1141 2458 1227 2523 atque
1252 2451 1434 2522 presbyteros
1465 2466 1567 2505 uxores
1590 2450 1714 2518 duxisse,
1739 2451 1815 2520 apud

60 2539 104 2591 rel
120 2538 494 2594 monasterium.Semnion
510 2545 607 2594 autem
631 2539 793 2611 siguificare
819 2547 914 2612 potest
968 2547 1167 2613 quosconstat
1184 2541 1261 2611 ipsos
1283 2539 1369 2594 ctiam
1396 2539 1483 2593 laicos
1503 2537 1610 2609 nuptiis
1632 2538 1813 2592 abstinuisse.

61 2628 249 2681 honestorum
275 2627 517 2696 conventiculum,
531 2629 562 2682 in
578 2629 655 2701 quod
678 2630 844 2684 secedentes
859 2631 913 2684 ho·
967 2632 1020 2687 Sed
1035 2647 1129 2703 ueque
1155 2630 1336 2700 prandebant
1356 2628 1434 2683 omui
1459 2627 1591 2689 Sabbalo,
1612 2644 1684 2699 quos
1706 2632 1816 2681 constat

61 2720 141 2769 nesta
162 2721 192 2769 et
216 2720 295 2769 casta
318 2715 382 2771 vitre
409 2717 544 2787 mysteria
567 2717 720 2771 celebrant.
747 2719 822 2772 Nihil
845 2718 913 2773 illuc
969 2735 1058 2791 usque
1083 2718 1115 2772 ad
1133 2733 1280 2787 vesperam
1306 2715 1471 2770 continuata
1497 2715 1661 2785 perduxisse
1683 2714 1814 2784 jeiunia3

61 2820 180 2873 prorsus
196 2805 318 2874 quodad
331 2804 594 2876 cibumpoturnque
609 2806 734 2875 pertinet
747 2805 912 2873 inserentes,
967 2808 1165 2879 plurimosque
1186 2807 1301 2860 illorum
1326 2805 1355 2859 iu
1380 2802 1464 2859 tertia
1486 2803 1529 2858 rel
1554 2808 1632 2857 sexta
1657 2802 1703 2857 die
1719 2802 1815 2857 cibum

63 2891 103 2944 rel
118 2891 233 2962 reliqua
248 2891 369 2945 humani
379 2892 508 2962 corporis
520 2893 691 2961 ministeria,
707 2893 755 2947 sed
771 2894 842 2965 legis
853 2898 913 2948 tan·
966 2895 1081 2968 corpori
1095 2896 1138 2949 rix
1151 2894 1317 2964 praebuisse.

62 2983 122 3032 tum
138 2979 239 3046 libros,
254 2984 283 3033 et
298 2980 445 3034 volumina
459 2981 678 3051 prophetarum,
697 2982 818 3053 hymnos
838 2999 910 3053 quo·
931 3007 952 3062 c
1003 2985 1123 3038 Videant
1136 2983 1224 3053 igilur
1239 2983 1401 3037 Graecorum
1412 2979 1565 3049 sapientes,
1580 2979 1621 3033 rel
1634 2985 1724 3033 certes
1734 2979 1814 3049 prin·

63 3084 117 3138 qne
141 3068 172 3120 in
201 3068 301 3133 licum,
329 3074 490 3140 caeteraque
513 3069 558 3123 his
589 3069 702 3125 similia.
732 3071 762 3124 ln
787 3087 910 3141 quorum
966 3072 1053 3144 cipes,
1071 3067 1813 3142 quamjuslereprehendantllomauosinSabbato

64 3155 223 3226 disciplinis
238 3163 266 3210 et
286 3156 426 3210 exercitiis
449 3157 584 3224 instituti,
609 3158 645 3212 ad
662 3158 817 3229 perlectam
843 3159 910 3213 bea·
962 3160 1137 3231 jejunantes.
1155 3159 1227 3227 Ergo
1247 3154 1459 3226 reprehendant
1481 3161 1509 3208 et
1531 3155 1600 3209 istos
1615 3153 1694 3208 omni
1709 3153 1754 3207 die
1767 3153 1813 3222 je-

64 3248 180 3316 tamqnc
202 3244 291 3299 vitam
318 3245 417 3299 studiis
442 3245 561 3316 jugibus
589 3247 756 3302 coalescant.
782 3247 823 3302 Ab
847 3253 911 3302 ortrr
962 3251 1122 3322 junantes;
1146 3245 1358 3316 reprehendant
1382 3243 1467 3297 etiam
1492 3247 1582 3297 totam
1605 3241 1813 3296 hebdomadam

64 3338 158 3388 autem
181 3334 240 3388 diei
264 3350 354 3406 usque
378 3335 413 3389 ad
434 3351 582 3405 vesperam
610 3351 695 3390 omne
719 3336 760 3390 eis
788 3338 910 3407 spatium
962 3337 1075 3411 jejunio
1091 3334 1303 3390 continuantes.
1320 3332 1400 3396 Quod
1418 3332 1485 3402 quia
1501 3332 1620 3384 stultum
1644 3328 1812 3384 essecerui-

64 3420 224 3475 studiorum
250 3419 390 3475 exercitiis
420 3421 555 3476 ducitur:
582 3423 686 3494 quibus
719 3423 753 3478 ad
786 3424 910 3477 divinam
966 3432 1022 3492 tur,
1039 3443 1071 3480 ex
1088 3426 1144 3480 hoc
1158 3422 1259 3477 saltem
1275 3422 1359 3475 selim
1382 3421 1424 3474 rel
1444 3419 1657 3491 imprudentior,
1683 3417 1813 3471 relleri-

64 3509 276 3580 philosopbiam
292 3526 450 3579 persacras
464 3511 574 3565 litteras
591 3511 778 3578 imbuuntur;
797 3514 911 3567 l'atrum
966 3513 1031 3568 tatia
1055 3530 1113 3567 suaa
1142 3511 1317 3584 perspiciant
1341 3525 1479 3576 errorem,
1506 3516 1534 3562 et
1560 3508 1693 3562 studeant
1718 3506 1814 3577 potius

64 3599 138 3669 leges
150 3597 182 3652 in
197 3598 381 3669 allegoricam
396 3597 618 3670 intelligentiam
632 3599 804 3654 deducentes
817 3619 825 3666 ;
838 3616 912 3670 quo·
965 3601 1078 3655 virtutis
1092 3601 1249 3655 imitatores
1265 3600 1396 3663 existere,
1414 3613 1499 3668 quam
1518 3595 1717 3668 jejunantibus
1730 3593 1813 3649 dero-

63 3688 138 3742 niam
153 3686 264 3742 formas
275 3703 336 3741 asse
352 3693 380 3741 et
395 3686 535 3757 imagines
555 3702 589 3741 ea
604 3702 670 3758 quae
686 3686 716 3740 in
731 3687 802 3756 legis
818 3687 913 3741 littera
966 3705 1043 3760 gare.
1061 3691 1119 3746 ιιοιι
1142 3691 1223 3754 erim,
1239 3689 1279 3741 ait
1297 3687 1461 3757 Apostolus,
1484 3701 1607 3754 reprcunt,
1631 3685 1683 3738 Dei
1702 3688 1741 3738 est
1754 3698 1814 3737 esca

64 3775 168 3847 scripta
182 3779 262 3841 snut,
277 3775 443 3844 opinantur,
460 3775 576 3830 latentis
589 3774 761 3829 intrinsecus
775 3774 912 3845 profundi
966 3784 991 3833 et
1014 3783 1103 3847 potus,
1126 3777 1174 3831 sed
1192 3777 1303 3844 justitio
1316 3779 1340 3828 ct
1355 3777 1444 3842 pietus
1458 3776 1545 3841 (Rom.
1562 3788 1618 3839 ιιι,
1638 3774 1689 3837 ll).
1705 3771 1737 3825 Et
1753 3769 1813 3825 Sal·

63 3864 211 3933 cujusdam
226 3863 375 3936 divinique
386 3863 524 3934 mysterii.
540 3885 551 3912 ι
565 3864 598 3918 Et
609 3863 639 3917 in
650 3862 909 3935 consequentibus:
967 3870 1046 3920 rator
1058 3864 1204 3919 diabolum
1227 3878 1284 3917 uon
1302 3861 1483 3932 prandendo,
1499 3860 1546 3914 sed
1568 3858 1728 3929 jejunando
1747 3857 1815 3910 vicit

65 3951 305 4006 ‹Continentiam
328 3968 396 4006 raro
421 3953 498 4006 velut
523 3953 669 4023 quoddam
691 3951 912 4006 fundamentum
967 3955 1074 4025 (Μιιιιιι.
1089 3953 1137 4023 rr).
1155 3952 1210 4006 Nec
1224 3968 1282 4007 suae
1296 3949 1534 4006 cousuetudinem
1550 3946 1697 4017 religionis
1712 3961 1814 4000 omncs

64 4040 157 4109 primo
173 4039 204 4093 in
226 4039 324 4095 anima
345 4040 504 4105 collocout;
522 4046 552 4095 et
577 4040 617 4093 ita
640 4040 758 4095 demum
787 4040 913 4112 reliquas
966 4043 1072 4099 Christi
1099 4042 1187 4096 velint
1211 4041 1345 4095 Ecclesias
1367 4049 1492 4104 teuerc;
1518 4053 1582 4091 cum
1613 4035 1730 4090 rideant
1753 4040 1811 4086 tam

61 4143 149 4199 super·
163 4129 238 4182 hanc
252 4128 528 4199 perguntaedilicare
540 4129 668 4183 virtutes.
682 4128 781 4183 Cibum
796 4133 910 4200 potum·
966 4133 1159 4201 apostolorum
1175 4129 1361 4199 temporibus,
1376 4143 1462 4198 quam
1477 4125 1683 4197 discipulorum
1700 4136 1812 4186 eorum,

64 4233 118 4287 que
134 4218 232 4270 nullus
246 4232 347 4271 eorum
364 4217 439 4288 capit
455 4223 521 4272 ante
535 4217 602 4272 solis
617 4204 748 4271 occasum
761 4234 768 4284 ;
782 4217 913 4271 videlicet
950 4221 1092 4276 -dirersas
1106 4218 1339 4272 obsecrationum
1357 4215 1551 4271 institutiones
1566 4206 1677 4278 ¹luisse;
1697 4227 1751 4265 nec
1774 4215 1814 4264 ta·

64 4311 176 4376 tempus
197 4304 346 4359 luciacum
371 4305 561 4378 philosophiae
585 4306 696 4372 studiis,
722 4321 819 4359 curam
847 4322 913 4359 vero
932 4302 1034 4361 Dinen
1054 4307 1109 4361 lide
1124 4306 1261 4370 diuersos,
1284 4304 1349 4359 licet
1371 4302 1552 4358 observantia
1578 4300 1706 4371 dispares
1728 4298 1815 4351 exsti·

65 4394 192 4464 corporis
207 4409 271 4448 cum
288 4399 371 4447 nocte
384 4394 533 4448 sociantes.
561 4394 695 4448 Nonnulli
709 4398 806 4448 autem
827 4394 913 4447 etiam
967 4396 1063 4450 tarint.

64 4487 130 4551 post
150 4480 280 4536 triduum
299 4481 329 4535 in
352 4482 587 4537 communionem
611 4482 730 4537 veniunt
752 4481 819 4548 cibi,
842 4498 915 4553 quos

65 4569 174 4623 scilicet
188 4569 305 4623 edacior
324 4568 486 4623 studiorum
503 4569 593 4624 fames
607 4575 750 4642 perurget.
770 4571 833 4626 lam
848 4585 914 4622 vero

65 4656 94 4710 hi
109 4656 209 4727 quiin
233 4657 444 4712 eruditionibus
459 4657 618 4728 sapientiae,
639 4665 668 4713 ct
683 4659 712 4713 in
728 4658 915 4731 profundiore

65 4744 258 4815 intelligentia
273 4762 419 4801 sacrorum
430 4747 839 4817 voluminum-conversantur,
856 4752 917 4801 tan-

65 4848 155 4904 quam
170 4833 292 4904 copiosis
308 4834 430 4906 dapibus
454 4835 611 4902 inhiantes,
636 4835 742 4905 expleri
758 4841 915 4906 nequeunt,

66 4926 95 4974 et
105 4921 272 4976 contuendo
287 4922 380 4976 acrius
397 4923 627 4989 inflammantur,
642 4923 681 4978 ita
694 4929 725 4978 ut
744 4940 798 4979 nec
813 4930 916 4994 quarto

63 5010 136 5080 jam,
154 5025 206 5064 nec
221 5011 333 5082 quinto,
351 5011 402 5067 sed
416 5018 495 5066 sexto
511 5012 557 5066 die
574 5012 700 5080 demum,
718 5029 775 5066 non
790 5019 849 5068 tam
864 5013 916 5067 de-

103 5210 116 5235 ·
140 5201 235 5257 Primo
256 5205 386 5259 οιιιιιιιιιιι.
411 5205 460 5258 ιιιι
480 5204 674 5258 necessarium
699 5203 835 5260 duximus
857 5221 918 5260 mo·

71 5287 150 5337 nere,
174 5272 364 5328 llatnrmnum
385 5274 498 5329 Eusebii
525 5273 614 5329 fidem
639 5279 777 5342 seculum,
800 5276 841 5330 ita
855 5292 920 5346 quar

68 5342 118 5396 ille
142 5343 363 5412 exscripserate
386 5345 505 5399 Philone
530 5346 683 5415 accepisse,
709 5361 741 5399 ac
764 5345 788 5398 si
811 5347 918 5400 nemini

69 5413 192 5467 dubium
208 5429 271 5468 esse
284 5420 379 5485 posset
391 5415 460 5487 quin
479 5415 532 5470 riri
543 5416 585 5470 illi
596 5432 719 5487 quornm
731 5431 825 5471 mores
839 5418 919 5472 Philo

68 5483 213 5554 depinxit,
229 5485 304 5539 inter
325 5487 503 5541 Christianos
528 5493 724 5541 censerentur.
749 5486 829 5551 Quod
856 5504 920 5556 pro·

10 5558 13 5615 ἑ
67 5554 143 5610 lecto
160 5556 277 5611 nonita
300 5572 362 5612 esse
382 5562 489 5612 norunt
504 5573 615 5624 ornnes,
636 5557 686 5629 qui
710 5557 751 5612 rei
773 5557 920 5616 litterariae

1305 4480 1418 4536 CAPUT
1443 4480 1476 4534 ll.

969 4592 1034 4644 ltem
1057 4589 1090 4642 de
1112 4589 1227 4643 divesis
1252 4588 1381 4642 Ecclesia
1405 4585 1653 4641 consuetudinibus.
1677 4583 1816 4653 Jejuuium

1004 4658 1242 4730 quadragesimale
1271 4657 1451 4712 diversimode
1476 4657 1540 4711 olim
1565 4655 1737 4719 celebratum,
1767 4669 1814 4705 ru-

1004 4732 1108 4784 riorum
1131 4729 1250 4783 ciborum
1284 4742 1359 4782 usus.
1396 4729 1472 4781 ltitus
1507 4726 1618 4782 diuersi.
1648 4726 1716 4793 Quot
1748 4725 1816 4778 oltra

1005 4801 1081 4870 opud
1094 4799 1200 4855 Judaos
1214 4804 1299 4853 secta.

1007 4923 1110 4979 Scribit
1132 4921 1284 4993 Apostolus
1310 4919 1632 4976 Thessalonicensibus:
1660 4921 1712 4974 Vos
1733 4918 1814 4980 enlm,

971 5013 1076 5085 inquit,
1094 5014 1242 5066 imitatores
1256 5013 1327 5078 secti
1340 5013 1414 5078 estis,
1430 5012 1543 5077 fratres,
1559 5010 1740 5064 Ecclesiorum
1766 5005 1816 5057 Dei

972 5222 1089 5274 operam
1106 5205 1184 5259 daut.
1201 5205 1371 5275 Quanquam
1387 5205 1465 5259 enim
1488 5201 1607 5257 Eusebio
1627 5198 1731 5254 deinde
1752 5196 1817 5251 asti·

974 5278 1061 5346 pulati
1083 5276 1142 5330 sint
1162 5277 1215 5330 riri
1235 5281 1263 5330 et
1285 5274 1442 5356 superioris
1466 5280 1495 5328 et
1520 5277 1624 5326 nostrae
1648 5268 1741 5350 teletis
1769 5269 1818 5322 do·

973 5347 1101 5411 ctissimi,
1116 5363 1175 5400 non
1189 5363 1294 5419 paucos
1305 5347 1388 5399 rideo
1404 5343 1493 5415 quiin
1507 5341 1589 5397 lcetis
1599 5340 1655 5394 illis
1666 5339 1737 5393 ιιιιιιι
1748 5339 1818 5416 dum

974 5417 1081 5478 rident,
1098 5418 1173 5488 quod
1194 5418 1370 5473 Christianos
1386 5415 1480 5486 potius
1504 5426 1591 5484 quam
1614 5410 1727 5492 ludaeos
1741 5410 1818 5490 indr-

974 5493 1027 5552 cet,
1053 5494 1081 5541 et
1110 5489 1186 5542 litem
1203 5489 1295 5543 adhuc
1314 5503 1375 5542 esse
1402 5484 1454 5541 sub
1477 5483 1574 5555 judice
1594 5496 1654 5538 non
1673 5488 1819 5537 immerito

974 5559 1088 5616 dixeris.
