3930 6098
60 276 107 330 ιιι
841 277 1027 334 EPlS‘l'OLAE.
1761 283 1814 337 498

59 413 185 468 utentem
197 418 379 484 respuerunt,
395 429 448 468 nec
463 418 558 468 mmun
581 429 647 468 eum
667 428 783 485 sperare
810 429 903 468 cessa·
922 412 1030 485 aquid
1046 413 1122 468 dicat
1137 428 1232 468 sermo
1251 413 1383 468 divinus:
1408 417 1539 470 Dameam
1559 433 1600 472 me
1612 434 1646 473 eu
1658 424 1734 474 utero
1755 435 1813 475 ser·

57 507 142 557 runt:
159 502 329 573 exspectatis
343 501 417 557 enim
445 503 606 574 hucusque,
631 518 718 574 quam
738 507 848 558 certum
865 508 907 559 est
961 518 1025 557 uum
1049 503 1114 570 sibi,
1129 501 1157 557 id
1173 506 1215 556 est
1227 518 1259 556 er
1277 518 1310 556 eo
1335 503 1398 572 ejus
1422 519 1484 558 sum
1502 521 1609 573 servus,
1637 522 1672 562 ex
1697 522 1755 579 quo
1774 508 1811 563 de

54 591 112 662 jam
125 606 178 645 vos
193 589 342 662 repulisse.
359 591 462 647 Gentes
484 606 552 645 vera
569 591 619 661 qui
641 590 677 646 ud
692 591 780 646 tidem
795 592 907 646 Israelis
960 595 1060 645 ventre
1075 595 1154 644 exsto
1175 590 1307 660 jactatus,
1334 596 1366 642 ut
1388 589 1504 644 auditor
1528 607 1584 646 non
1600 593 1810 650 scandalizetur

56 682 238 734 revertuntur
254 678 392 750 quotidie,
413 677 581 733 inseruntur
606 679 716 750 populo
736 679 797 746 Dei,
823 680 907 736 sicuti
961 694 1075 733 servum
1090 677 1246 733 Dominum
1262 677 1400 732 audiens:
1416 678 1572 749 quiasicut
1598 696 1631 735 ex
1657 682 1741 737 Patre
1769 687 1814 737 est

54 772 85 822 tu
107 767 186 822 visus
209 772 253 822 ast
272 767 437 823 ludaeorum
464 767 617 822 adhmsisss
644 767 747 822 errori.
773 768 854 834 Quod
882 770 906 824 si
960 767 1045 834 Deus,
1069 766 1110 820 itu
1132 782 1166 820 ex
1183 771 1273 820 matre
1295 770 1338 819 est
1362 781 1473 832 servus,
1490 783 1565 822 uuus
1579 768 1608 823 in
1627 774 1747 842 utraque
1762 787 1810 826 na·

54 859 251 928 conquereris,
273 871 324 911 eur
338 854 524 911 ceremonias
540 855 612 928 legis
628 872 686 910 nun
709 857 904 925 observamus,
960 860 1025 910 tura
1041 855 1182 910 Dominus
1196 855 1277 909 lesus
1301 854 1440 910 Christus.
1464 855 1518 909 Sed
1536 855 1591 910 ista
1606 873 1665 911 nou
1688 858 1735 913 hic
1749 864 1810 913 tra-

53 945 120 1000 audi
135 945 240 1000 isaiam
254 944 363 1000 cunctis
386 943 457 998 tuba
480 943 681 1016 clangentem:
696 948 734 1002 Ne
751 950 904 1001 meniner-
960 943 1064 999 clauda
1083 943 1270 1014 suscepimus.
1295 943 1454 997 Audiamus
1480 943 1618 1015 quidiste
1640 961 1739 1000 servus
1753 948 1809 1002 Do-

53 1038 202 1104 tisprioru,
218 1038 244 1088 et
254 1037 413 1100 antiquiora
424 1049 458 1088 nc
478 1037 650 1089 intueamini.
673 1037 740 1089 Dcce
765 1051 812 1102 eqo
832 1037 904 1102 facio
960 1032 1057 1087 minici
1067 1031 1146 1100 dicit,
1162 1032 1212 1103 qui
1228 1032 1364 1086 Dominus
1378 1036 1438 1085 est:
1455 1035 1586 1087 Dominus
1607 1037 1709 1088 creauit
1722 1051 1764 1091 me
1775 1052 1809 1091 ee

51 1136 120 1174 noun
131 1121 200 1190 (iso.
217 1135 291 1187 narrt,
309 1123 351 1186 ts,
370 1123 420 1190 te).
445 1123 480 1177 Ut
496 1121 576 1176 vobis
597 1123 705 1176 avitiam
725 1123 903 1179 occasionem
960 1125 1036 1175 utero
1050 1121 1230 1183 seruumsibi,
1251 1125 1282 1174 ut
1298 1120 1425 1174 reducam
1444 1121 1525 1174 Jacob
1541 1121 1579 1175 ud
1590 1137 1668 1176 eum:
1685 1139 1807 1194 moxque

49 1207 203 1264 cavillandi
227 1210 372 1264 omitteret
387 1210 517 1264 futurum
545 1216 670 1280 tempus,
695 1227 754 1267 nun
785 1220 904 1283 praeter·
959 1209 1360 1265 deliberativamsententiam
1385 1209 1506 1278 protulit
1524 1208 1693 1264 dicens:b‘t
1713 1212 1810 1268 Sralvel

47 1297 122 1351 itum
138 1297 247 1367 posuit.
269 1298 302 1352 lit
315 1303 348 1352 ut
362 1297 503 1353 indicaret
514 1314 574 1353 non
584 1299 677 1353 solum
693 1299 836 1371 gentibus,
854 1301 903 1356 sed
958 1315 1012 1354 non
1034 1300 1259 1366 conmeantum:
1287 1297 1376 1352 libere
1402 1302 1487 1369 atque
1509 1298 1638 1353 absolute
1662 1299 1808 1369 protessus

46 1385 138 1441 etiam
155 1391 185 1440 et
198 1385 318 1454 ludaeis,
340 1387 391 1459 qui
416 1403 469 1442 nos
483 1403 592 1455 sumus,
611 1387 678 1442 data
701 1389 830 1460 sequitur
845 1406 851 1444 :
869 1392 904 1444 Et
958 1394 1001 1443 est
1025 1388 1102 1459 quod
1130 1387 1231 1442 Srahel
1246 1403 1304 1442 nou
1319 1386 1553 1457 congregabitur.
1573 1386 1667 1442 Sentis
1692 1403 1740 1454 ne,
1760 1387 1808 1444 ob·

46 1492 122 1530 nunc
137 1477 385 1543 orientuv:utique
398 1481 560 1545 coqnoscctis
583 1494 615 1532 ea
632 1477 734 1548 (latui.
758 1479 902 1534 Delibera·
958 1492 1049 1542 secra,
1066 1492 1152 1546 quam
1175 1475 1270 1546 parvis
1285 1475 1380 1531 verbis
1401 1492 1509 1547 prunas
1533 1475 1731 1546 liquefecerim
1744 1477 1807 1548 gia·

44 1565 106 1620 tiae
124 1566 302 1620 coulirmans
315 1565 392 1637 quod
407 1565 500 1620 laudaui
516 1571 722 1637 cognoscerent
737 1583 770 1622 ea
785 1568 834 1638 qui
850 1585 903 1623 rios
957 1565 1054 1632 ciates,
1071 1569 1098 1618 et
1109 1564 1280 1636 parvissimo
1290 1564 1411 1632 digitulo
1425 1580 1511 1635 quam
1527 1565 1623 1635 plures
1643 1569 1706 1618 tuas
1724 1564 1807 1619 dissi·

41 1669 160 1708 sumus.
175 1656 268 1726 Atque
282 1658 315 1707 ut
326 1653 454 1722 apertius
464 1653 593 1724 gentium
605 1654 792 1709 salvationem
807 1661 903 1710 osten·
958 1653 1021 1725 pavi
1029 1653 1206 1724 phalangas?

39 1743 139 1809 deret,
151 1741 303 1812 subjunxit
314 1743 432 1796 :Ponam
443 1744 471 1796 in
484 1742 903 1812 deserto,quoeuuniueratdu-
922 1716 942 1770 B
992 1744 1019 1797 8.
1036 1743 1140 1796 Verum
1159 1742 1278 1796 tractam
1294 1740 1433 1796 cervicem
1452 1739 1567 1794 interim
1585 1740 1689 1811 erigis3
1709 1746 1738 1796 et
1752 1741 1807 1796 hoc

38 1830 151 1888 minici
165 1830 291 1885 vomeris
305 1832 418 1885 cultura
438 1831 554 1885 donrutu
567 1839 580 1865 ⁸
601 1836 684 1896 aiam,
710 1832 738 1886 id
761 1837 805 1887 eat
819 1834 904 1890 Chri·
957 1828 988 1884 in
1005 1830 1124 1885 llebraeo
1141 1846 1197 1884 nun
1215 1828 1314 1885 haberi
1333 1828 1405 1883 torte
1419 1828 1554 1883 causaris.
1572 1829 1628 1883 Sed
1649 1827 1712 1884 vide
1728 1829 1806 1901 quud

36 1925 119 1986 stus,
144 1920 195 1990 qui
215 1919 303 1975 dixit:
329 1920 385 1988 Epo
410 1935 471 1974 sum
491 1923 547 1986 via,
569 1925 680 1988 veritos,
703 1925 730 1976 et
751 1926 809 1976 uita
837 1920 902 1994 [Ira.
956 1918 1075 1973 verbum
1103 1918 1273 1972 Hebraicum
1301 1916 1368 1973 LO¹
1392 1920 1457 1985 {non
1485 1915 1619 1971 scribitur
1644 1932 1697 1987 per
1725 1919 1806 1973 lumel

32 2025 101 2077 xiv,
132 2008 175 2080 6])
204 2013 231 2063 et
251 2012 281 2062 in
307 2011 378 2063 inuio
392 2012 517 2078 fiumina.
535 2010 605 2063 Vere
630 2014 660 2063 in
682 2012 756 2064 inuio
782 2010 904 2065 tlumiuu
956 2006 1297 2079 etoouzquodsiesset,
1314 2004 1806 2077 signiticaretquudAquilaposuit

30 2096 155 2169 posuit,
175 2095 290 2166 quaudo
316 2101 416 2167 gentes
438 2097 604 2166 ignorantes
627 2097 700 2164 legis
721 2098 809 2164 vium,
827 2105 858 2153 ut
873 2116 903 2154 se
955 2100 989 2162 ei,
1017 2096 1061 2150 vel
1087 2097 1130 2151 iiii
1159 2096 1378 2164 congregabitur.
1413 2095 1466 2150 Sed
1489 2111 1542 2165 per
1564 2096 1646 2150 lamet
1670 2099 1699 2149 et
1725 2096 1805 2162 aleb,

27 2189 257 2256 cognoscerent
276 2184 352 2250 iecit,
382 2189 409 2237 et
429 2187 532 2240 siccato
556 2185 671 2253 vellere,
699 2187 803 2258 quodb
823 2189 903 2259 prius
956 2184 1033 2255 quod
1050 2183 1166 2255 proprie
1185 2200 1239 2240 non
1255 2188 1347 2238 sonat.
1370 2181 1442 2247 Quia
1464 2182 1555 2254 igitur
1576 2182 1662 2238 iacob
1681 2199 1740 2237 non
1764 2188 1808 2238 est

28 2275 902 2344 mundoaranteplenumiueratrore,tutiusmundilines
956 2272 1091 2328 reductus
1127 2273 1164 2327 ad
1196 2272 1362 2339 Dominum,
1396 2288 1448 2327 nec
1472 2271 1572 2327 Sruhel
1596 2276 1805 2343 congregatus3

24 2365 154 2420 humor
180 2363 307 2418 veritatis
331 2363 472 2434 implevit,
500 2363 619 2436 soloque
652 2365 756 2419 vellere
791 2366 902 2420 siccitas
953 2360 1250 2432 proptereacbristus
1268 2361 1412 2432 loquitur:
1439 2360 1521 2415 Vobis
1538 2377 1597 2415 non
1622 2360 1805 2416 credentibus

22 2452 145 2509 haesit:
164 2452 333 2522 Gloritioabit
354 2469 396 2507 me
418 2453 504 2508 bestia
524 2456 597 2522 apri.
613 2454 754 2522 dracones,
779 2460 805 2509 et
826 2461 899 2510 stru·
953 2451 1121 2521 glorificatus
1133 2465 1193 2505 sum
1215 2455 1244 2504 in
1258 2451 1344 2506 ocutis
1362 2451 1479 2516 Domini,
1499 2449 1530 2504 in
1547 2465 1592 2503 me
1608 2448 1686 2503 enim
1710 2449 1805 2503 omnis

20 2540 166 2597 curiones
186 2549 197 2574 ⁰
220 2540 285 2606 (Iso.
321 2554 397 2604 ratri,
429 2540 484 2609 20).
513 2540 582 2605 Qua
615 2541 714 2596 omniu
737 2541 899 2611 parabolice
954 2540 1077 2594 muudus
1097 2539 1226 2604 credidit,
1256 2544 1282 2593 et
1307 2541 1376 2593 Deus
1399 2553 1471 2593 meus
1495 2540 1586 2605 sactus
1612 2543 1651 2593 cst
1669 2538 1805 2605 fortitudo

23 2627 185 2701 gentibus
211 2632 374 2699 congruunt
396 2624 420 2694 ἃ,
447 2643 512 2699 quae
534 2627 728 2683 varioturrure
742 2628 899 2684 bestiarum
952 2643 1011 2682 meu
1026 2629 1091 2694 (lau,
1115 2643 1188 2682 χιιι.
1202 2629 1237 2695 5).
1260 2628 1351 2681 Deum
1370 2640 1466 2680 meum
1482 2625 1640 2681 secundum
1655 2625 1804 2680 hominem

25 2715 309 2773 eruntidulolatriae
320 2722 501 2770 consecrate..
513 2716 711 2786 llepctitenim
722 2717 899 2771 vocatiouem
953 2715 1038 2782 dicit,
1054 2715 1121 2786 quia
1137 2716 1210 2770 sicut
1234 2721 1333 2769 contra
1355 2719 1382 2768 te
1399 2731 1512 2769 necesse
1536 2720 1580 2768 est
1604 2730 1649 2768 me
1665 2730 1732 2770 eum
1757 2714 1805 2768 tir·

28 2805 191 2879 gcntinm,
217 2809 250 2859 ut
272 2804 432 2859 firmiorem
456 2805 601 2859 ostendat:
619 2804 690 2870 Quia
712 2805 775 2859 dedi
798 2809 827 2860 in
851 2806 898 2860 de·
953 2820 1032 2858 mare
1056 2804 1147 2858 Deum
1163 2804 1312 2858 sententiis
1331 2803 1553 2874 scripturarum,
1580 2803 1620 2857 ita
1639 2802 1802 2874 contraqui

33 2899 119 2951 serto
139 2895 505 2963 aquanduminaininuio.
536 2894 568 2947 Et
580 2898 611 2946 ut
631 2894 717 2948 lsrael
733 2910 789 2948 nuvr
804 2896 898 2949 eretu-
952 2893 1177 2948 eumhominem
1192 2891 1341 2963 negaverit
1353 2892 1486 2962 congruit
1504 2891 1575 2945 mihi
1589 2891 1801 2962 scripturarum

40 2981 139 3048 deret,
153 2980 214 3035 imo
227 2985 259 3036 ut
272 2989 372 3051 gentes
385 2981 522 3052 pupulum
539 2996 623 3035 suum
639 2981 700 3051 jam
720 2997 781 3050 esse
804 2987 897 3035 osten·
917 2981 1079 3055 carripere
1098 2981 1241 3051 praelium,
1267 2985 1295 3036 et
1309 2980 1407 3035 omnia
1430 2980 1479 3034 illa
1502 2979 1691 3034 humanitatis
1707 2995 1801 3035 exem·
1869 3029 1872 3037 ,

41 3065 140 3133 deret,
168 3066 230 3122 ait:
254 3067 357 3136 Populo
381 3081 449 3128 meo,
478 3066 559 3119 electo
589 3081 646 3120 meo
680 3066 785 3135 (liridi.
814 3066 896 3120 Vides
951 3071 997 3141 pta
1017 3069 1183 3139 producere,
1203 3084 1255 3138 per
1277 3083 1342 3140 quae
1362 3084 1428 3122 eum
1445 3067 1592 3122 huminem
1613 3083 1799 3125 verumoon·

50 3152 119 3222 qnia
132 3169 222 3225 aquus
242 3153 399 3225 Evangelii,
416 3158 444 3207 et
459 3152 581 3207 flumina
595 3153 791 3223 apostolorum
815 3153 896 3208 nubis
949 3158 1064 3212 firmem
1075 3173 1156 3224 esse;
1173 3156 1196 3210 si
1224 3155 1301 3210 enim
1327 3172 1416 3209 unum
1432 3171 1465 3210 ex
1481 3155 1524 3209 his
1546 3171 1699 3224 negavero,
1716 3157 1798 3213 Chri·

53 3239 87 3293 ed
100 3239 255 3296 bibendum
269 3252 336 3296 sum
350 3240 435 3308 datm,
450 3241 479 3295 id
494 3246 537 3295 est
548 3240 663 3307 ludaeis,
679 3242 728 3312 qui
750 3241 895 3297 Christum
949 3246 1060 3301 stianus
1076 3261 1133 3300 uun
1155 3259 1215 3298 ero.
1241 3245 1347 3298 Verum
1369 3245 1405 3298 ad
1424 3242 1555 3298 ordinem
1585 3244 1745 3311 redeamus,
1771 3248 1800 3299 et

58 3333 242 3399 exspectantes
256 3330 419 3384 venientem
436 3334 615 3399 receperunt,
639 3330 680 3383 vet
699 3330 895 3400 omnibusqui
949 3333 1147 3403 prophetatam
1172 3332 1266 3387 adhuc
1295 3331 1467 3386 seutentiam
1489 3332 1651 3387 videamus:
1670 3336 1705 3389 Et
1727 3337 1799 3390 Deua

64 3427 137 3488 usque
152 3417 239 3473 bodie
260 3417 490 3488 resipiscentesa
509 3417 616 3472 diaboli
643 3419 747 3488 laquei,
766 3420 895 3474 Ecclesia
948 3435 1021 3475 meus
1035 3422 1127 3486 suetus
1141 3424 1181 3475 est
1200 3420 1337 3486 fortitudo
1353 3435 1421 3484 mea,
1446 3420 1496 3491 qui
1510 3421 1672 3475 consolatus
1696 3426 1739 3476 est
1753 3437 1799 3474 me

65 3516 86 3556 se
104 3505 231 3561 inserunt
253 3507 399 3561 membris.
426 3507 464 3560 De
485 3522 543 3578 quo
559 3507 665 3578 populo
690 3506 892 3579 subjungitur:
947 3508 1059 3563 tristem
1087 3525 1173 3579 super
1196 3508 1384 3579 abJectiouem
1408 3509 1508 3580 pupuli
1533 3509 1600 3575 mei,
1624 3509 1697 3565 sicut
1719 3514 1748 3564 et
1768 3510 1798 3563 tn

68 3591 180 3662 Populrsn
207 3600 291 3650 istum
313 3599 422 3665 prmuui
443 3595 521 3660 anibi,
550 3595 659 3650 laudem
683 3612 770 3650 meam
795 3612 893 3651 narra·
948 3598 1141 3652 Pentateucho
1171 3596 1287 3667 legitur:
1326 3598 1439 3651 Punitet
1472 3613 1513 3652 me
1547 3599 1680 3652 bominem
1704 3599 1800 3664 secuse

67 3677 242 3752 tit·(lbid.,
269 3683 324 3754 21).
359 3685 468 3740 Cretera
494 3699 560 3754 quas
587 3687 758 3757 sequuntur,
789 3686 893 3754 partim
947 3691 1203 3755 superterromzct
1219 3690 1306 3740 tractus
1321 3685 1413 3740 dolore
1434 3686 1524 3740 cordis
1542 3687 1716 3752 intrinsecus,
1737 3688 1797 3740 ott:

66 3764 129 3838 tucn,
154 3773 261 3842 partim
288 3771 381 3826 adbuc
403 3772 499 3826 lutura
533 3771 616 3827 nobis
651 3774 740 3827 murita
773 3774 894 3844 promit·
947 3775 1042 3830 Βιιιιο
1059 3776 1191 3847 bominem
1213 3775 1389 3842 quamsesio
1412 3775 1485 3840 suste
1501 3778 1580 3827 terra
1600 3773 1680 3843 (Gen.
1704 3791 1741 3835 vs.
1758 3774 1796 3842 6).

66 3857 121 3913 tuat
947 3862 1028 3927 Quod
1041 3861 1064 3915 si
1075 3860 1288 3916 contradicendi
1300 3862 1464 3915 calcaneum
1476 3861 1572 3932 erigis,
1585 3876 1695 3930 expone
1706 3864 1796 3933 quati-

89 3948 110 4000 ι.
124 3947 206 4013 Quod
224 3952 323 4002 autem
337 3948 439 4003 usseris
454 3965 499 4003 me
515 3948 556 4003 ire
571 3948 601 4003 in
624 3951 766 4017 tenebras,
791 3955 820 4004 ct
846 3951 893 4005 ni·
947 3955 992 4004 ter
1002 3949 1072 4003 iliud
1084 3948 1796 4021 intelligisquudexpersuuaDeiinEzechielepro·

65 4034 115 4089 teris
135 4036 190 4092 hoc
214 4037 337 4106 probare
361 4037 526 4092 testimonio
549 4037 630 4092 isaim
656 4038 796 4093 dicentis:
822 4039 893 4105 Quia
946 4038 1032 4109 pheta
1045 4038 1114 4109 legis
1127 4053 1135 4091 ε
1147 4040 1182 4093 Dt
1200 4041 1230 4091 in
1248 4038 1371 4092 omnibus
1395 4038 1456 4093 istis
1477 4038 1657 4092 contristabas
1677 4052 1729 4092 me.
1745 4038 1792 4094 Sa·

66 4134 106 4177 tere
128 4125 241 4180 unebrae
261 4131 383 4196 operient
407 4131 518 4189 terram,
542 4131 568 4181 et
582 4128 669 4194 culiae
693 4129 810 4196 populos
824 4129 890 4198 (isa.
947 4126 1058 4196 quitur:
1075 4129 1192 4181 Paruum
1203 4129 1274 4181 estsi
1287 4129 1391 4181 servias
1400 4126 1515 4180 mitond
1524 4125 1699 4182 suscitandus
1709 4126 1797 4182 tritus

65 4211 148 4282 mii:
168 4212 259 4268 miror
280 4218 309 4268 te
323 4218 451 4268 astutum
474 4214 621 4269 hominem
640 4221 698 4268 tam
718 4215 818 4270 leviter
832 4216 892 4284 opi·
945 4215 1038 4280 Jacob,
1060 4213 1110 4283 qui
1129 4229 1181 4267 stro
1199 4213 1269 4266 vitio
1284 4219 1466 4279 corruerunt,
1480 4219 1506 4267 ct
1520 4213 1558 4266 ad
1570 4216 1659 4281 laces,
1680 4213 1737 4268 sive
1751 4229 1795 4269 re-

66 4304 155 4368 natum,
176 4306 209 4356 ut
221 4317 268 4357 me
293 4302 368 4358 iuter
389 4303 512 4373 pupulos
527 4319 693 4365 numerans,
716 4309 742 4358 te
756 4321 772 4358 a
784 4305 891 4374 populo
912 4299 1050 4373 Dliquas,
1069 4303 1369 4359 Srutetoonuertendas
1393 4304 1463 4369 (lsa.
1489 4318 1564 4370 xcix,
1587 4303 1626 4370 u).
1644 4304 1705 4358 lloc
1719 4303 1795 4358 enim

67 4384 205 4446 saluatus.
234 4391 298 4446 ium
323 4390 400 4445 enim
429 4390 561 4461 superius
593 4391 685 4445 fassus
711 4408 785 4456 sum,
813 4392 890 4463 quod

67 4486 130 4545 super
143 4493 193 4533 nos
207 4482 287 4534 ortus
303 4483 347 4534 est
359 4478 509 4546 Dominus,
526 4483 552 4532 et
573 4483 672 4549 gentes
688 4479 717 4532 ia
739 4485 834 4533 nostro
851 4480 892 4533 lu-

68 4561 125 4618 uine
137 4570 272 4637 pergunt.

91 4653 110 4705 l.
122 4653 152 4708 lit
166 4660 200 4708 ut
223 4654 296 4710 scias
312 4655 381 4726 quia
402 4670 554 4727 uunquam
572 4660 612 4720 tu,
629 4656 728 4728 tuique
744 4672 891 4727 sequaces,

68 4741 151 4808 pupula
165 4742 217 4798 Dei
232 4742 381 4812 aduneris,
406 4744 456 4800 sed
483 4760 598 4814 semper
610 4744 767 4815 dispersus,
784 4762 836 4800 nec
857 4746 891 4799 ad

69 4823 124 4882 tum
146 4846 313 4886 revemurus
336 4832 373 4887 sis
395 4833 484 4903 pacis,
499 4833 568 4888 audi
589 4834 694 4889 isaiam
720 4849 755 4889 cx
771 4850 893 4906 persona

70 4908 149 4972 Christi
162 4919 251 4974 verba
273 4919 409 4975 humanae
427 4926 538 4976 naturae
564 4921 752 4993 congruentia
777 4924 893 4994 procla-

69 5007 183 5060 nuum:
210 5008 246 5061 Et
281 5023 353 5062 nunc
380 5008 447 5062 dicit
473 5011 615 5073 Dominus,
644 5011 767 5075 somnone
790 5027 832 5064 me
860 5028 894 5065 en

70 5092 237 5150 uteroseruum
254 5096 317 5161 ribi,
336 5101 368 5150 ut
385 5096 513 5151 reducam
532 5098 613 5152 Jacob
633 5098 670 5152 od
689 5114 760 5163 eum,
781 5104 808 5153 et
826 5101 891 5155 Sra·

69 5171 100 5231 tsi
118 5197 165 5238 non
187 5184 399 5252 oonqrepobitur
428 5183 494 5255 (isa.
518 5201 593 5253 xmx,
623 5187 662 5257 5).
691 5187 892 5242 Animadverte

93 5323 170 5394 ‘lls.,
190 5327 342 5383 domatum.

93 5391 170 5464 tus,
187 5401 247 5464 oui·
283 5459 286 5462 ,

91 5469 100 5493 ⁶
115 5464 166 5536 its,
181 5472 384 5523 instructiones.

91 5533 101 5572 ι
117 5535 171 5608 He,
186 5543 323 5608 congruit,
337 5544 394 5606 qui.

948 4391 1065 4446 verbum
1082 4391 1253 4446 Hebraicum
1267 4406 1363 4446 nesam
1383 4396 1484 4455 souut;
1500 4407 1551 4461 pro
1567 4390 1623 4444 illis
1639 4391 1717 4446 enim
1732 4391 1798 4446 dedi

948 4484 972 4534 te
984 4482 1012 4533 in
1024 4481 1108 4535 lucem
1123 4478 1252 4534 omnium
1265 4482 1386 4546 gentium
1398 4479 1512 4550 (leid),
1528 4483 1560 4533 ut
1570 4479 1716 4533 illumines
1727 4480 1790 4533 univ

946 4583 1060 4622 versum
1077 4568 1229 4631 mundum,
1245 4571 1274 4622 et
1284 4567 1403 4620 satutem
1416 4582 1521 4633 meam,
1536 4582 1587 4637 per
1598 4582 1685 4638 quam
1696 4583 1796 4622 omues

947 4656 1063 4710 credant
1080 4661 1108 4709 et
1131 4655 1202 4710 salvi
1227 4655 1307 4722 liunt,
1325 4671 1414 4726 usque
1443 4654 1477 4709 ad
1500 4661 1626 4710 extrema
1652 4661 1736 4711 terrea
1760 4656 1797 4711 ia·

947 4744 1005 4799 cias
1032 4743 1191 4815 peruenire.
1214 4743 1352 4814 Quodque
1368 4743 1514 4814 sequitur:
1531 4745 1661 4811 Magnum
1682 4745 1794 4808 tibiest,

947 4835 1087 4887 utuoceris
1102 4849 1170 4902 puer
1181 4846 1264 4887 meus.
1281 4832 1416 4903 llaguum
1442 4831 1566 4887 retertur
1585 4833 1619 4887 ad
1635 4833 1795 4899 honriuem,

948 4921 1025 4976 etad
1042 4938 1173 4991 puerum,
1188 4921 1238 4992 qui
1254 4921 1469 4991 comparatione
1488 4921 1539 4975 Dei
1555 4933 1659 4991 parvus
1683 4923 1733 4974 est.
1745 4920 1796 4974 lita

947 5026 1014 5064 vero
1028 5010 1193 5064 testimonia
1210 5026 1285 5081 quse,
1302 5015 1332 5064 ut
1347 5010 1492 5064 unitatem
1508 5010 1647 5075 tii-mares,
1663 5008 1742 5063 inani
1754 5008 1795 5062 la·

948 5100 1017 5154 bore
1034 5099 1163 5168 posuisti,
1181 5099 1302 5169 legendo
1316 5097 1502 5165 advertimus,
1519 5103 1547 5152 et
1561 5097 1643 5153 nobis
1657 5112 1794 5167 congrua,

948 5203 1007 5241 non
1021 5186 1139 5241 adversa
1164 5186 1359 5257 previdimus.
1383 5186 1455 5251 Quia
1476 5201 1535 5240 non
1563 5191 1620 5240 tres
1643 5185 1712 5240 deos
1725 5185 1793 5239 coli-

982 5330 1349 5465 {ffigssffi'ffigbffldflm
1367 5405 1463 5455 autem
1483 5402 1529 5455 LO
1552 5414 1603 5470 per
1625 5401 1657 5466 L,
1672 5414 1731 5454 non
1745 5417 1796 5472 per

949 5474 981 5538 Ε,
998 5470 1121 5553 ipsemet
1142 5487 1277 5553 namque·
1292 5475 1391 5526 auctor
1411 5470 1536 5525 affirmat
1557 5471 1649 5525 lomet
1671 5471 1795 5541 primam

949 5559 1009 5596 essa
1021 5543 1147 5597 litteram
1162 5543 1302 5598 dictionis.
