3930 6098
81 242 137 301 113
585 241 723 304 CONTRA
742 244 946 304 GRAECORUM
960 246 1137 307 OPPOSll'h.
1154 276 1186 288 -
1204 245 1268 306 llll.
1289 248 1334 305 lt.
1781 253 1833 310 311

82 379 158 451 quod
169 379 292 436 Romani
305 379 428 436 Sabbato
445 380 586 453 jejunent,
610 395 662 436 uec
678 381 739 436 lere
761 380 837 453 quod
857 398 931 452 apo·
949 386 970 439 h
985 382 1166 436 cunctatione
1182 397 1245 435 eam
1258 381 1408 437 liberarem
1421 380 1597 456 interrogavi
1613 383 1667 439 hoc
1680 398 1732 453 per
1746 400 1834 455 supra

83 469 186 523 stolica
194 469 328 524 firmetur
339 469 518 537 auctoritate,
534 475 564 525 et
585 485 712 540 congrua
728 470 795 524 satis
820 471 932 525 ratione
984 469 1093 525 dictum
1109 469 1257 525 homiuem
1273 471 1331 525 [tei.
1346 475 1382 526 itt
1396 472 1444 526 ille
1459 488 1465 526 :
1482 472 1556 539 Qirid
1576 489 1704 544 possum,
1724 472 1829 544 inquit,

83 559 524 614 roboratur.lindemirandom
552 576 617 632 quae
646 558 760 614 sitista
783 560 863 613 novis
887 574 932 612 sa·
985 559 1052 614 hinc
1065 560 1167 615 docere
1181 560 1304 631 amplius
1327 576 1413 632 quam
1429 561 1490 631 ipse
1511 561 1606 616 laciol
1630 562 1682 617 Ubi
1698 577 1752 632 ego
1775 578 1830 634 pu·
1940 561 1945 569 '

81 645 230 714 pientihus
244 646 406 716 prudentia,
425 663 482 701 nou
500 648 690 718 acquiescere,
711 648 786 718 quod
805 647 849 702 sui
869 664 932 718 pro·
985 655 1111 703 uvarum
1126 647 1198 702 nihil
1213 665 1280 703 curu
1293 649 1346 703 isla
1361 650 1547 719 responsione
1572 650 1751 721 praecepisse,
1777 650 1833 707 uisi

82 736 188 789 bantur
211 736 336 805 majores
354 734 539 805 acquievisse.
560 736 597 789 Ex
621 751 679 806 quo
704 751 829 807 namque
850 735 931 806 priu-
985 736 1152 792 utSahbeto
1172 737 1392 806 pranderemus;
1412 737 1465 790 boc
1492 737 1598 808 quippe
1620 738 1716 809 ipsum
1740 738 1832 793 lacera

81 838 149 892 ceps
164 826 359 895 apostulorum
377 826 476 879 Petrus
491 828 521 879 et
535 825 638 880 Paulus
654 825 929 892 uomedoeuerunt,
985 824 1107 880 sciebam
1126 841 1133 878 :
1149 825 1197 879 sed
1214 825 1261 880 ille
1284 830 1397 879 secutus
1415 825 1520 895 adjecit
1539 840 1546 876 t
1562 826 1681 891 Quando
1695 826 1741 881 hic
1756 842 1832 894 sum,

81 918 110 965 et
138 901 350 968 doctrinaesuaa
378 914 528 968 veritatem
551 914 662 985 proprii
683 913 832 985 sanguinis
859 914 931 969 etlu-
986 931 1043 967 uon
1067 913 1167 984 jejuno
1197 913 1330 980 Sabbata,
1364 916 1480 984 quando
1507 915 1606 969 Rome
1638 931 1712 981 sum,
1734 915 1833 986 jejuno

80 1001 163 1055 sione
187 1003 472 1068 commendaverunt,
499 1002 676 1058 consuetudo
699 1002 754 1056 fuit
784 1002 930 1070 Romanis,
985 1002 1106 1058 Sabbulo
1133 1010 1191 1057 :et
1222 1002 1256 1056 ed
1284 1018 1486 1073 quamcunque
1509 999 1661 1056 Ecclesiam
1686 1003 1832 1070 veneritis,

81 1089 293 1161 etquibusdam
305 1090 533 1146 occidentalibus
545 1090 624 1146 omni
646 1091 768 1148 Sabbata
785 1091 928 1161 ¹jejunare3
985 1089 1089 1161 iuquit,
1106 1091 1168 1161 ejus
1184 1106 1293 1145 morem
1321 1096 1441 1158 servate,
1459 1090 1482 1144 si
1502 1089 1562 1161 pati
1586 1089 1751 1144 scandalum
1775 1107 1833 1146 uon

82 1195 134 1232 nec
153 1183 250 1232 tuanen
271 1185 407 1250 proptera
421 1185 529 1234 cunctae
544 1195 597 1250 por
619 1180 764 1234 Orientem
791 1181 930 1245 Ecclesiae,
985 1179 1071 1234 vultis
1088 1185 1138 1233 aut
1151 1180 1252 1233 facere.
1272 1181 1330 1234 lluc
1354 1195 1523 1250 responsum
1545 1178 1630 1234 retuli
1646 1179 1679 1232 ad
1700 1184 1831 1243 matrem,

80 1283 148 1338 qua*
163 1282 221 1321 non
236 1267 290 1321 ista
304 1268 512 1323 consuetudine
526 1268 702 1335 detinentur,
723 1269 866 1323 Romanos
880 1285 932 1322 sua
985 1268 1068 1339 eique
1083 1267 1204 1332 sutfecit,
1226 1284 1278 1321 nec
1301 1267 1442 1322 dubitavit
1465 1285 1525 1322 esse
1549 1268 1759 1332 obediendum
1782 1269 1835 1323 hou

80 1355 287 1410 commuuione
297 1356 463 1426 judicarunt
489 1357 608 1424 alienos,
635 1358 765 1428 quamvis
789 1357 842 1427 ipsi
867 1373 933 1411 ‹on-
986 1356 1073 1411 etiam
1101 1373 1153 1411 nos
1181 1355 1270 1410 saculi
1299 1372 1407 1410 sumus.
1436 1357 1490 1412 Sed
1521 1357 1657 1429 quoniam
1682 1356 1836 1428 {contingit

80 1445 266 1500 suetudinem
288 1444 411 1500 habeant
431 1446 511 1500 omisi
533 1446 656 1502 Sabbato
680 1445 763 1501 sicuti
783 1446 931 1501 [lominica
987 1445 1108 1499 maxime
1126 1444 1155 1498 in
1171 1445 1274 1510 Africa,
1291 1449 1319 1499 et
1342 1461 1399 1499 una
1423 1445 1556 1512 Ecclesia,
1572 1446 1617 1500 vel
1643 1462 1719 1500 unus
1743 1445 1834 1516 regio·

80 1549 141 1587 nou
155 1534 297 1605 ieiunare.
986 1533 1029 1587 nis
1057 1534 1197 1600 Ecclesia,
1227 1534 1298 1589 alios
1327 1534 1452 1589 habeant
1482 1535 1604 1590 Sabbato
1647 1535 1832 1606 prandentes,

114 1621 220 1677 Scribit
233 1638 269 1676 ex
298 1621 352 1676 hoc
374 1622 476 1678 doctor
498 1622 676 1693 Augustinus
699 1623 734 1677 ad
757 1623 928 1678 casulanum
984 1622 1056 1676 aliua
1065 1623 1237 1693 jejunantes,
1255 1639 1315 1676 mos
1329 1639 1430 1678 eorum
1446 1623 1516 1678 mihi
1531 1623 1695 1695 sequendus
1710 1622 1832 1688 videtur,

77 1710 282 1782 presbyterum
298 1714 389 1782 (epist.
405 1714 449 1775 86,
468 1717 493 1766 ct
513 1712 551 1766 od
572 1714 736 1767 ducenariam
758 1716 838 1781 epist.
857 1714 927 1780 118),
950 1684 1090 1781 Bquihus
1113 1711 1278 1765 eorumdem
1303 1712 1476 1783 populorum
1499 1710 1684 1782 congregatio
1708 1710 1834 1781 regenda

76 1798 275 1869 inquirentem
286 1815 374 1870 super
384 1801 484 1855 eadem
495 1803 662 1872 quaestione,
679 1801 855 1871 respondens
871 1800 928 1854 ite:
984 1799 1137 1854 commissa
1147 1805 1199 1854 est.
1216 1821 1230 1850 a

78 1911 92 1935 «ι
108 1887 247 1959 Sequitur
260 1887 426 1955 Sabbatum,
441 1889 556 1961 quodie
571 1906 637 1944 caro
653 1888 758 1944 Christi
773 1888 802 1943 iu
826 1905 930 1942 moun·
1019 1888 1083 1942 Haec
1097 1888 1251 1959 dejejuniu
1273 1888 1389 1943 Sabbati
1411 1888 1510 1942 heatus
1532 1887 1710 1958 seguntinus
1734 1885 1832 1941 catho-

77 1980 178 2029 mento
193 1975 346 2047 requievit,
362 1977 436 2031 sicut
451 1977 480 2032 iu
496 1977 597 2047 primis
616 1976 749 2048 operibus
769 1977 869 2032 muudi
885 1994 929 2031 re·
984 1977 1054 2031 licus
1068 1976 1168 2031 doctor
1186 1977 1274 2032 sensit
1286 1981 1315 2032 et
1335 1976 1457 2047 scripsit,
1472 1976 1615 2031 aestimans
1634 1976 1744 2030 nullam
1767 1991 1833 2047 gra·

78 2062 187 2133 quierit
204 2065 278 2118 Deus
293 2065 343 2119 illu
356 2064 403 2119 die
418 2066 453 2120 ah
472 2066 606 2121 omnibus
623 2065 759 2136 operibus
774 2065 841 2120 suis.
861 2066 930 2120 Hinc
983 2067 1092 2119 viorem
1114 2064 1180 2120 hinc
1204 2066 1438 2136 disceptationem
1452 2066 1522 2141 ‚lore
1545 2063 1710 2130 tenendam,
1734 2079 1836 2119 rerum

77 2157 178 2207 exorta
193 2158 237 2208 est
249 2153 305 2208 ista
320 2155 351 2209 in
366 2155 491 2209 Ecclesia
517 2155 648 2210 vescendi
662 2155 792 2223 varietas,
815 2160 846 2210 ut
872 2155 929 2219 atii,
983 2155 1158 2226 sequendam
1186 2153 1410 2226 uniuscujusque
1433 2152 1564 2209 Ecclesiae
1597 2152 1834 2207 consuetudinem

77 2240 151 2294 sicut
164 2241 290 2296 maxime
298 2243 397 2314 pupuli
406 2243 529 2299 Orientis
545 2249 663 2316 propter
676 2246 806 2317 requiem
821 2244 929 2316 signiti-
983 2245 1018 2300 de
1029 2243 1141 2314 jejunio
1157 2243 1284 2307 Sabbati,
1300 2245 1343 2298 vel
1366 2243 1528 2314 pransione,
1552 2241 1787 2313 quandoquidem
1806 2246 1836 2296 et

78 2329 204 2384 candum
221 2331 653 2405 mallentrelaxarejeJ'unium3
670 2334 853 2405 aliipropter
875 2335 928 2388 hu·
985 2331 1239 2404 quipraudeutiu
1268 2332 1402 2397 Sabbata,
1433 2329 1548 2402 pietatis
1571 2329 1677 2385 habere
1702 2328 1835 2385 videntur

78 2417 232 2472 militatem
249 2420 347 2473 mortis
364 2421 477 2475 Domini
496 2421 638 2492 jejunare,
656 2423 729 2479 sicut
748 2424 886 2490 Romana,
902 2427 931 2477 et
983 2437 1110 2487 causam,
1132 2438 1189 2491 qua
1216 2421 1288 2476 illud
1316 2419 1441 2475 iaciant:
1466 2419 1629 2490 significant
1656 2417 1734 2474 enim
1762 2434 1833 2490 quo·

78 2507 228 2562 nonnullae
243 2507 402 2564 Occidentis
417 2511 557 2566 Ecclesiae.
574 2511 655 2575 Quod
666 2512 783 2584 quidem
799 2529 856 2567 uno
872 2512 929 2578 die,
983 2511 1060 2565 niam
1078 2510 1125 2565 illo
1142 2509 1188 2564 die
1208 2511 1282 2565 Deus
1305 2509 1445 2581 requievit
1472 2509 1508 2563 ab
1536 2508 1671 2565 omnihus
1698 2507 1834 2577 operibns

78 2611 136 2667 quo
158 2595 268 2650 Pascha
296 2598 466 2660 celebratur,
507 2605 623 2670 propter
660 2601 853 2656 renovandam
888 2600 929 2655 rei
982 2598 1056 2664 suis;
1073 2598 1115 2651 vel
1131 2597 1310 2652 credentium
1334 2596 1477 2668 requiem,
1499 2612 1556 2667 qua
1586 2595 1744 2668 requieturi
1768 2600 1835 2650 stant

77 2689 167 2752 gestae
182 2686 364 2752 memoriam,
388 2686 589 2758 quediscipuii
615 2688 781 2743 humanitus
807 2693 928 2743 mortam
982 2686 1073 2741 sancti
1095 2686 1125 2740 in
1150 2685 1368 2749 resurrectione,
1392 2685 1511 2755 receptis
1539 2684 1709 2756 corporibus
1726 2689 1835 2739 aeterua

79 2772 195 2826 bomini
212 2773 375 2837 doluerunt,
390 2776 430 2829 sic
445 2775 480 2829 ab
491 2777 624 2831 omnibus
634 2777 782 2848 jejunatur
798 2783 827 2831 ut
841 2779 928 2832 etiem
983 2791 1047 2829 crim
1065 2775 1185 2830 Domino
1200 2774 1297 2846 quiete
1311 2773 1433 2828 iruituri.
1454 2772 1594 2828 Similiter
1608 2778 1638 2827 et
1661 2772 1703 2827 illi
1722 2772 1772 2844 qui
1790 2772 1833 2843 je·

78 2861 262 2916 illiSabhato
276 2861 787 2933 jejuniumdevotissimecelebreut,
808 2866 929 2936 quicae-
978 2865 1093 2935 jununt,
1115 2863 1229 2933 pietatis
1257 2862 1364 2917 habant
1391 2878 1517 2928 censam,
1549 2878 1636 2934 quam
1660 2867 1832 2933 sequantur;

78 2950 148 3003 teris
162 2965 215 3019 per
234 2954 328 3004 totum
344 2967 453 3005 annum
478 2952 608 3008 Sabbatis
632 2955 789 3024 prandent;
813 2959 928 3008 utrum-
948 2953 1120 3038 anouiam
1141 2952 1190 3006 illa
1212 2951 1259 3007 die
1278 2956 1396 3022 propter
1424 2958 1546 3005 mortem
1572 2950 1678 3006 Christi
1701 2949 1833 3021 discipuli

78 3039 283 3109 queridelicet
299 3038 506 3109 significantes,
531 3045 560 3095 et
582 3057 641 3095 uno
666 3043 862 3097 anniversario
882 3043 929 3098 die
982 3040 1171 3113 corporaliter
1199 3038 1357 3094 contristati
1388 3043 1463 3106 sunt,
1492 3054 1651 3110 eorumque
1685 3038 1832 3093 tristitiam

79 3127 188 3179 luctum
221 3126 441 3198 discipulorum,
465 3134 493 3182 et
518 3130 628 3184 caeteris
662 3129 792 3185 Sabbatis
823 3131 928 3201 quietis
982 3130 1089 3184 imitari
1105 3126 1386 3198 volentes,jejunant
1401 3126 1519 3198 quidam
1532 3127 1562 3181 in
1583 3127 1706 3182 Sabbato
1722 3126 1831 3181 fideles.

77 3212 198 3266 honum.
216 3214 277 3268 Duo
303 3215 412 3286 quippe
435 3221 503 3271 saint
530 3234 595 3290 quae
613 3219 756 3288 justorum
777 3218 925 3273 beatitudi·
981 3217 1035 3271 atii
1052 3234 1119 3271 uero
1140 3234 1197 3271 non
1222 3217 1364 3288 jejunant,
1393 3221 1425 3271 ut
1453 3215 1590 3289 gaudium
1615 3214 1833 3270 resurrectionis
1862 3269 1864 3272 ,

78 3317 154 3369 nem,
171 3301 305 3357 etumnis
320 3304 442 3358 miseriae
464 3305 552 3360 tinem
571 3306 680 3377 sperari
704 3308 827 3373 laciuut;
851 3323 928 3361 mors
983 3305 1139 3361 [lominicae
1154 3306 1337 3376 prandentes,
1354 3305 1430 3376 quud
1452 3305 1614 3359 habuerunt
1627 3303 1746 3376 apostoli
1773 3303 1834 3359 visa

78 3396 106 3446 et
121 3391 294 3447 resurrectio
309 3398 499 3449 mortuorum.
518 3396 552 3450 ln
564 3401 657 3450 morte
672 3397 787 3467 requies
805 3402 866 3462 est3
892 3396 927 3451 de
983 3395 1096 3450 [lumini
1122 3395 1339 3462 resurrectione,
1382 3395 1588 3449 demonstrent.
1617 3392 1763 3465 Siquidem
1796 3392 1833 3447 oh

77 3498 134 3552 qua
152 3480 260 3536 dicitur
274 3497 327 3550 per
349 3484 541 3552 prophetam:
564 3484 640 3538 Plebs
661 3500 728 3551 meo,
748 3486 823 3539 intro
844 3486 928 3539 collo·
981 3483 1174 3538 imitationem
1195 3483 1318 3538 tristitias
1342 3483 1551 3554 discipulorum
1576 3484 1685 3536 cunctae
1706 3497 1758 3552 per
1783 3497 1832 3535 or·

77 3572 120 3622 rio
135 3574 194 3635 tua,
225 3569 387 3624 abscondere
406 3571 646 3640 pusillum,douec
662 3577 783 3627 transeut
801 3575 846 3627 iro
872 3577 927 3628 ho·
981 3572 1045 3627 bem
1062 3572 1192 3627 Ecclesiae
1208 3589 1266 3626 uno
1295 3588 1347 3642 per
1375 3587 1483 3626 annium
1507 3571 1639 3636 Sabbato,
1665 3570 1741 3640 quod
1765 3585 1832 3625 san-

77 3657 146 3708 mim‘
173 3655 240 3720 (Iac.
269 3669 343 3721 xxvi,
373 3658 433 3724 20).
465 3658 496 3711 lu
524 3657 783 3712 resurrectionem
810 3658 928 3713 homine
981 3666 1058 3714 ctum
1075 3660 1211 3731 proecedit
1225 3661 1340 3728 Pascha,
1355 3660 1499 3731 jeiuuant,
1526 3659 1592 3714 licet
1615 3657 1678 3713 aliis
1703 3657 1833 3713 Sabbatis

78 3749 147 3808 totu,
166 3743 197 3798 id
222 3743 311 3797 estin
337 3760 421 3799 carne
448 3749 477 3800 et
505 3745 618 3817 spiritu,
650 3745 775 3818 perfecta
796 3746 925 3801 felicitas.
982 3747 1224 3819 praudeant,sive
1253 3764 1310 3801 nou
1339 3748 1509 3818 prandeant.
1539 3751 1575 3801 At
1597 3763 1664 3802 vero
1692 3747 1831 3801 Romanis

78 3832 274 3887 lliuciectum
294 3835 336 3886 est
359 3836 391 3886 ut
414 3833 516 3887 horum
540 3834 664 3889 diturum
687 3839 840 3905 tetrumque
869 3851 927 3888 uon
981 3837 1088 3908 placuit
1101 3836 1128 3891 id
1145 3835 1223 3890 omni
1237 3835 1359 3889 Sabbato
1372 3836 1530 3906 Jejunaudo
1546 3833 1711 3900 memorari,
1728 3849 1832 3904 qoem·
1882 3855 1886 3858 ⁴

77 3920 303 3989 significandum
325 3926 476 3991 putaretur
497 3921 594 3976 lahore
615 3923 729 3994 jejunii,
758 3923 807 3977 sed
832 3924 928 3994 potius
981 3926 1136 3980 admodum
1152 3924 1232 3978 omui
1245 3923 1393 3978 Dominica
1409 3923 1624 3978 resurrectionis
1639 3921 1753 3977 Domini
1767 3937 1830 3976 me·

78 4009 241 4063 relectionis
268 4009 426 4063 hilaritate·
464 4016 580 4082 excepto
607 4028 666 4066 uno
703 4011 827 4081 paschali
858 4011 928 4065 Sub·
982 4013 1197 4072 muriacuuctis
1213 4012 1247 4067 eb
1264 4011 1616 4082 Ecclesiislrequenlatnr.

78 4096 929 4171 betaquediscipulorum,sicutdiximus,luctuspropter
1017 4103 1088 4157 Cum
1114 4101 1202 4174 igitur
1225 4101 1339 4172 pietalis
1365 4116 1481 4155 causam
1507 4096 1634 4153 habeant
1664 4097 1830 4169 jejunantes

79 4186 225 4255 reigestae
237 4186 928 4259 memoriamiueratjejunioprolixioresiguan·
983 4191 1010 4245 in
1025 4192 1158 4254 Sabbata,
1176 4195 1204 4245 at
1222 4191 1402 4262 prandentes,
1430 4205 1481 4244 cur
1504 4188 1533 4242 id
1554 4188 1668 4252 iaciant,
1696 4191 1725 4241 et
1752 4186 1832 4241 uirile

78 4274 142 4327 dus.
162 4273 218 4328 Sed
245 4274 385 4345 quoniam
414 4290 473 4329 non
504 4275 667 4329 invenimus
692 4282 725 4330 ut
747 4277 808 4346 jam
842 4279 1165 4350 supratirepcriantur
1187 4285 1330 4350 praecepta
1357 4276 1426 4332 Novi
1460 4275 1641 4342 Testamenti,
1669 4274 1775 4347 quibus
1801 4273 1830 4328 id

79 4361 313 4420 commemoravi.
336 4362 365 4415 in
383 4362 555 4434 evangelicis
573 4369 600 4417 et
628 4363 793 4434 apostolicis
815 4364 927 4432 litteris,
982 4367 1025 4421 vel
1042 4367 1294 4439 praecipiatur,vel
1319 4366 1515 4436 prohibeatur,
1543 4381 1600 4419 non
1623 4365 1708 4420 dehet
1731 4365 1761 4418 in
1781 4365 1831 4419 Ec·

78 4465 144 4520 quae
155 4450 193 4504 ad
208 4449 278 4505 Novi
292 4450 464 4507 Testamenti
478 4451 682 4507 revelationem
705 4453 822 4523 propria
839 4451 928 4523 perti·
981 4456 1075 4510 clesiis
1104 4455 1208 4511 Christi
1234 4455 1350 4526 gravior
1372 4454 1439 4510 hinc
1466 4454 1637 4526 discrepatio
1666 4452 1723 4507 nlla
1756 4451 1830 4522 lieri,

80 4538 260 4604 uent,certis
285 4536 388 4593 diebus
410 4540 556 4612 aliquibus
582 4541 729 4596 evidenter
751 4547 928 4613 preceptum
982 4544 1030 4599 sed
1046 4544 1074 4599 in
1086 4543 1204 4598 arbitrio
1230 4543 1454 4614 uniuscnjusque
1480 4543 1604 4614 relinqui
1635 4542 1703 4613 quid
1735 4541 1831 4613 polius

79 4627 256 4681 observande
274 4643 335 4681 esse
357 4628 483 4698 jejunia3
517 4634 545 4684 el
567 4629 631 4684 ideo
661 4646 705 4684 res
733 4646 848 4701 quoque
874 4631 927 4684 ista
982 4633 1100 4703 eligant,
1126 4632 1267 4703 majorum
1291 4637 1388 4686 tamen
1412 4633 1611 4685 auctoritatem
1639 4646 1757 4685 suorum
1782 4646 1830 4684 se-

79 4715 664 4788 sicutaliaeplurimae,qoasenumerare
683 4717 865 4785 diflicileest,
883 4718 926 4774 iu·
981 4724 1157 4792 quantes,et
1175 4736 1234 4774 suae
1257 4719 1495 4774 consuetudinem
1520 4717 1660 4772 Ecclesia.
1686 4716 1766 4782 Quod
1807 4716 1828 4771 si

79 4803 200 4858 venitin
217 4809 293 4858 reste
315 4805 394 4860 illius
419 4805 488 4860 lilioe
512 4806 608 4878 Regis,
638 4807 692 4862 hoc
719 4811 763 4861 est
786 4807 926 4874 Ecclesia,
981 4809 1208 4863 considerassent
1226 4809 1388 4863 Graecorum
1414 4806 1613 4876 imperatores,
1637 4807 1745 4860 nullam
1763 4805 1830 4858 hinc

78 4892 223 4946 varietatis
233 4892 492 4962 locum3iudicabo
504 4893 553 4949 tihi
571 4894 640 4966 quid
661 4895 732 4950 mihi
758 4896 793 4950 de
815 4895 867 4950 huc
885 4912 927 4950 re·
982 4896 1394 4967 movissentdisceptatiunem,
1418 4896 1466 4949 sed
1491 4895 1650 4950 tenuissent
1668 4894 1721 4948 huc
1750 4891 1827 4962 quod

77 4979 206 5049 quirenti
228 4980 413 5050 responderit
429 4984 609 5037 venerandus
635 4983 812 5051 Ambrosius,
838 5000 927 5054 aquo
981 4986 1025 5039 sui
1039 4990 1157 5040 tenuere
1174 4986 1305 5055 majores.
1330 4987 1404 5041 Num
1430 4985 1532 5038 merito
1563 4984 1714 5055 quisquam
1744 4981 1830 5035 debet

77 5067 237 5139 baptizatus
250 5085 325 5135 suin,
341 5069 561 5125 Mediolanensis
583 5071 742 5143 episcopas.
764 5073 834 5128 Nam
861 5089 926 5128 cum
977 5074 1112 5143 judicari,
1128 5075 1206 5146 quod
1223 5073 1337 5144 pietatis
1362 5089 1448 5128 carrea
1459 5072 1590 5143 jejunare
1605 5068 1736 5125 videtur?
1760 5072 1830 5122 sunt

76 5156 106 5210 in
116 5156 218 5212 eadem
234 5156 348 5213 civitate
362 5162 453 5213 mater
471 5172 536 5214 meu
550 5176 663 5215 mecum
687 5164 771 5228 esset,
792 5167 821 5216 et
845 5162 926 5216 nohis
981 5161 1058 5216 enim
1073 5161 1163 5217 etalii
1177 5161 1353 5232 diesquibus
1375 5161 1522 5215 nonnullis
1544 5157 1673 5214 Ecclesiis
1690 5173 1742 5227 per
1769 5155 1828 5210 sin·

76 5245 170 5300 adhuc
215 5246 439 5313 catechumenis,
468 5264 570 5320 perum
595 5249 650 5304 ista
670 5250 847 5318 curantibus,
877 5250 927 5304 illa
981 5252 1061 5322 gulas
1077 5250 1270 5306 hebdomadas
1289 5250 1465 5306 consuetudo
1489 5254 1531 5304 est
1559 5245 1723 5318 jejunandi,
1755 5243 1830 5299 sicut

74 5333 297 5389 solticitudinem
314 5342 437 5405 gereret,
452 5342 549 5393 utrum
564 5338 723 5393 secundum
745 5355 855 5394 morem
874 5355 927 5394 uo»
981 5344 1082 5410 quarta
1113 5344 1239 5394 etsexta
1266 5339 1351 5405 ieria;
1377 5342 1406 5393 et
1432 5336 1559 5391 redditor
1587 5349 1672 5388 causa
1696 5349 1748 5388 cur
1774 5334 1829 5389 hoc

74 5429 143 5476 strae
168 5420 293 5476 civitatis
329 5422 384 5478 sibi
412 5429 486 5480 esset
510 5424 633 5481 Sabbata
655 5427 856 5498 jejunandum,
889 5444 926 5483 an
981 5428 1040 5495 liat,
1056 5427 1128 5483 sicut
1150 5428 1190 5483 ait
1217 5428 1317 5482 heatus
1339 5425 1527 5497 Augustinus,
1552 5439 1586 5476 eo
1614 5423 1692 5493 quod
1723 5428 1826 5496 quarta

74 5509 208 5568 Ecclesiae
232 5509 450 5568 llediolaneusis
477 5529 557 5568 more
585 5515 796 5584 prandendum,
822 5520 853 5570 ut
874 5515 927 5570 hac
981 5515 1051 5569 teria
1065 5516 1230 5589 cougregati
1245 5520 1312 5570 sunt
1334 5513 1478 5588 principes
1498 5510 1690 5579 ludecanum,
1704 5517 1733 5567 et
1761 5527 1832 5567 con·
