3930 6098
134 246 189 304 239
711 244 889 303 ltthtdllNl
907 244 1135 302 coarmatus
1154 244 1307 304 houncttt
1831 246 1882 302 rto

134 401 242 456 egnum
257 380 363 438 habere
382 383 504 452 septem,
519 377 595 452 qnod
616 376 758 432 Christum
780 377 902 431 fateatur
927 377 1019 430 hn-lt
1072 377 1106 431 Et
1133 375 1329 448 Apocalypsis,
1352 379 1503 448 postquam
1532 373 1604 431 dixit
1630 381 1742 447 septem
1762 376 1882 447 spiritns

133 473 201 529 bere
214 469 353 544 Spiritum
377 471 518 532 sanctum,
553 480 611 519 non
635 463 715 536 quasi
736 464 898 517 membrum
926 462 978 516 ali·
1035 464 1085 518 liei
1112 470 1221 535 septem
1246 481 1307 519 esse
1327 465 1425 519 oculos
1448 465 1524 537 agni,
1541 464 1712 536 subjunxit:
1741 466 1827 520 Missi
1853 469 1883 521 in

134 561 221 633 quod,
239 560 282 615 vel
301 563 409 630 partem
427 553 557 625 corporis
578 553 715 623 aliquam,
746 552 796 606 sed
817 554 892 623 quod
908 552 979 606 sub·
1032 568 1135 608 omnem
1168 560 1269 608 terrem
1298 554 1392 624 (Aper.
1424 571 1450 619 v,
1474 553 1510 624 tt).
1537 555 1619 620 Quod
1649 555 1799 609 Zacharias
1831 555 1880 616 ait,

134 649 303 705 stantialiter
327 645 438 717 inipso
461 643 508 710 sit,
539 658 555 695 a
580 658 637 712 quo
652 640 865 695 subtantialiter
891 640 978 696 etiarn
1033 640 1225 707 discurrentes,
1241 643 1426 699 hoctoannes
1447 644 1477 697 in
1488 642 1656 714 Apocalypsi
1676 643 1756 709 dicit,
1768 645 1881 710 missum

133 738 270 812 procedit.
286 736 319 790 ln
332 734 393 805 ipso
409 736 505 786 autem
528 729 650 784 dicimus
666 746 736 794 esse,
765 746 822 783 non
845 729 922 783 velut
947 728 977 783 in
1034 729 1177 784 missionis
1200 730 1338 784 vocabulo
1358 731 1569 801 processionem
1589 731 1738 786 insinuans
1758 731 1883 800 Spiritus

132 825 206 894 loco,
223 840 274 880 nec
291 820 413 877 velutin
429 818 576 890 subjecto;
601 833 660 871 non
683 818 760 870 euim
782 817 978 870 continetura
1032 819 1133 883 sancti,
1148 819 1199 889 qni
1221 818 1290 873 dum
1315 820 1541 875 substantialiter
1566 819 1647 874 sitin
1672 819 1796 885 Christo,
1823 835 1881 873 non

134 915 256 978 Christo,
271 908 353 983 quasi
373 909 469 963 minor
485 907 522 960 sit
542 906 664 975 Christo,
687 906 764 977 qnod
791 906 863 959 solet
891 906 978 960 rebus
1031 906 1174 968 discurrit,
1194 908 1238 960 vel
1255 906 1388 973 mittitur,
1410 909 1465 961 nisi
1478 908 1613 979 procedat
1633 925 1649 962 a
1671 907 1796 974 Christo,
1823 923 1881 962 non

132 1003 298 1072 contingere
312 1013 377 1069 quae
391 997 460 1051 locis
476 995 676 1062 continentum
695 995 804 1065 majera
816 1000 882 1049 sunt
900 993 976 1048 enim
1031 994 1166 1059 localiter,
1183 995 1231 1049 sed
1259 995 1491 1051 substantialiter.
1510 997 1544 1051 Ut
1558 997 1635 1051 enim
1659 997 1706 1063 sit,
1722 996 1843 1068 suscipit
1852 1002 1881 1051 ct

120 1090 198 1162 'quae
232 1088 378 1143 continent
405 1085 446 1139 eis
474 1100 538 1154 quae
572 1084 775 1138 continentur:
799 1099 856 1137 non
900 1083 977 1137 enim
1031 1084 1145 1137 aPatre
1160 1084 1267 1154 pariter
1293 1090 1320 1137 et
1344 1100 1360 1137 a
1381 1084 1467 1150 Filio;
1487 1083 1561 1138 sicut
1586 1085 1672 1139 Filius
1689 1085 1880 1139 essentialiter

133 1181 173 1234 sic
208 1177 329 1232 dicimus
356 1190 417 1229 esse
448 1172 586 1244 Spiritum
620 1177 750 1227 sanctum
790 1172 820 1225 in
854 1172 976 1239 Christo,
1032 1177 1064 1226 ut
1077 1173 1114 1226 sit
1129 1172 1377 1243 accepitaPatre.
1395 1172 1448 1228 Sed
1461 1190 1519 1227 non
1535 1174 1671 1228 recurrrit
1685 1174 1879 1229 convertibili·

134 1266 269 1338 qaroniam
282 1263 400 1335 aequalis
419 1266 471 1329 cst,
493 1277 550 1315 non
569 1260 674 1316 minor.
691 1260 744 1315 Sed
765 1277 858 1331 neque
874 1261 913 1315 sic
933 1261 976 1314 di·
1032 1266 1085 1327 ter,
1102 1267 1133 1315 ut
1157 1263 1224 1333 qrria
1237 1260 1362 1331 Spiritus
1380 1269 1494 1316 sanctus
1508 1262 1543 1317 de
1567 1263 1638 1317 Filio
1651 1262 1759 1334 pariter
1783 1279 1881 1334 prece·

132 1354 301 1426 eitnrqnasi
319 1349 667 1421 insubject03nonenim
685 1350 883 1411 estaccidens,
900 1349 975 1421 qnod
1031 1349 1073 1403 dit
1095 1354 1123 1404 et
1141 1351 1234 1416 Patre,
1256 1350 1342 1404 Filius
1371 1366 1485 1422 quoqne
1513 1357 1645 1406 nascatur
1661 1353 1768 1421 pariter
1790 1357 1820 1406 et
1844 1351 1878 1406 de

123 1444 254 1498 'sinesni
275 1441 402 1511 subjecto
433 1455 489 1493 non
520 1439 608 1509 possit
634 1438 775 1493 existere:
805 1439 852 1492 sed
878 1443 920 1492 est
946 1439 976 1493 in
1032 1438 1114 1492 Patre
1137 1438 1215 1494 etde
1244 1437 1352 1509 Spiritu
1369 1446 1481 1504 sancto;
1507 1441 1640 1495 nativitas
1666 1441 1743 1495 enirn
1767 1444 1879 1494 tantum

131 1533 244 1588 Christo
274 1531 346 1585 sicut
373 1527 636 1592 consubstantialis;
669 1526 741 1581 sicut
770 1526 799 1580 in
824 1527 976 1598 splendore
1031 1543 1064 1581 er
1078 1527 1160 1580 Patre
1179 1533 1230 1593 est,
1256 1527 1291 1580 ab
1312 1533 1433 1599 utroque
1460 1544 1526 1584 rero
1552 1529 1706 1600 processio,
1733 1528 1763 1582 id
1789 1533 1833 1583 est
1860 1545 1877 1583 a

131 1621 207 1693 ignis
220 1619 350 1674 videmus
361 1617 455 1671 inesse
470 1616 615 1670 calorem:
639 1615 714 1686 ignis
733 1615 810 1669 eninr
833 1621 862 1669 et
880 1616 975 1686 splen·
1033 1616 1113 1669 Patre
1142 1615 1227 1670 simul
1251 1620 1278 1669 et
1302 1617 1382 1670 Filio.
1415 1618 1511 1671 llissos
1534 1634 1601 1671 vero
1630 1623 1740 1688 septem
1756 1616 1877 1687 Spiritus

131 1710 179 1764 det
209 1712 237 1762 et
255 1707 338 1772 calet,
358 1702 699 1776 quomodoilluminatet
715 1702 850 1757 accendit.
996 1677 1016 1732 B
1035 1704 1083 1757 bei
1109 1705 1153 1758 rel
1180 1705 1362 1776 Apocalypsis
1383 1706 1413 1758 in
1428 1722 1544 1759 ornnem
1559 1713 1664 1761 terram
1678 1706 1756 1772 dicit,
1774 1705 1819 1759 sel
1836 1722 1877 1760 se-

166 1796 259 1851 llabes
274 1795 360 1848 etiarn
374 1793 402 1846 in
418 1791 550 1847 Zacharia
567 1791 705 1862 propheta
719 1808 725 1846 :
738 1792 810 1845 Ecce
832 1793 903 1845 enim
923 1793 976 1847 cd·
1032 1797 1109 1861 ptem
1119 1792 1215 1846 oculos
1226 1793 1337 1847 [lamini
1351 1793 1541 1848 discurrentes
1551 1796 1580 1849 in
1591 1794 1755 1848 universam
1772 1799 1877 1848 terram

131 1886 228 1941 ducem
241 1898 347 1937 seruum
361 1897 448 1936 mrum
471 1883 620 1936 orientem:
638 1882 704 1948 quin
731 1896 787 1935 ecce
803 1882 875 1951 iupis
899 1897 977 1950 quem
1030 1880 1186 1949 Zacharias,
1205 1888 1324 1952 propter
1340 1883 1415 1937 dona
1432 1883 1554 1954 sipritus
1576 1883 1665 1937 sancti
1686 1882 1876 1953 septiformia,

131 1974 207 2029 dedit
221 1987 311 2027 eorem
336 1974 412 2035 iesu·
440 1984 522 2038 super
537 1969 656 2038 lapidem
679 1983 763 2022 uuum
781 1974 881 2037 septem
906 1970 977 2024 ocuti
1031 1985 1081 2038 per
1095 1972 1248 2041 apostolos,
1265 1973 1519 2042 apostolorumque
1532 1988 1721 2036 successores,
1733 1972 1764 2026 in
1775 1987 1876 2026 omnes

130 2061 417 2127 scellentonam
439 2057 585 2111 etinfra:
611 2058 716 2126 Septem
741 2060 789 2111 isti
808 2059 878 2112 ocuti
912 2064 977 2112 sunt
1028 2057 1130 2113 diffusa
1148 2064 1258 2129 gentes,
1276 2060 1381 2130 quibus
1394 2061 1607 2115 sanctificantur
1629 2060 1730 2115 fideles
1760 2061 1878 2115 creden·

132 2151 253 2212 Domini,
272 2150 320 2217 qui
345 2149 503 2201 discurrunt
518 2148 546 2200 in
568 2148 722 2200 uniuersam
746 2151 848 2200 terrem
880 2149 973 2214 (Zuch.
1030 2152 1072 2200 tes
1087 2146 1117 2200 in
1132 2147 1286 2214 Christum,
1309 2154 1338 2202 et
1359 2163 1477 2202 suorum
1498 2149 1688 2220 percipientes
1707 2149 1876 2203 delictorum

130 2255 167 2304 ιν,
186 2239 238 2308 tu).
261 2237 343 2307 Lapis
370 2237 423 2290 iste
452 2235 579 2290 Salvator
600 2240 652 2297 est,
683 2235 718 2289 de
743 2251 800 2304 qno
824 2236 975 2289 Psalmista
1029 2235 1273 2290 emundationem.

37 2379 39 2382 ,
130 2326 280 2397 loquitur:
307 2324 438 2394 Lapidem
463 2323 769 2393 qrremreprobcuerunt
794 2323 973 2393 edificantes,
1063 2323 1160 2393 ipsum
1183 2339 1298 2395 quoqne
1324 2324 1460 2396 Spiritum
1487 2331 1627 2392 sanctum,
1656 2324 1795 2397 Spiritum
1816 2341 1876 2380 esse

129 2416 173 2470 bic
185 2418 276 2482 {nctus
290 2415 368 2469 estin
384 2417 466 2482 caput
488 2412 584 2480 cupuli
604 2412 687 2472 tPsct.
710 2428 791 2478 cxvrr,
808 2413 864 2480 22).
883 2412 973 2476 Quem
1028 2411 1130 2466 Christi
1152 2412 1275 2483 signarit
1298 2415 1430 2479 ioannes,
1452 2430 1517 2469 cum
1533 2414 1717 2469 dixitridisse
1733 2430 1762 2468 se
1781 2417 1810 2467 in
1825 2429 1876 2468 me·

129 2503 438 2558 etiamservumsuum
462 2500 604 2554 orientem
620 2501 694 2554 Deris
719 2502 801 2554 Pater
824 2500 970 2571 appellat:
1027 2500 1073 2554 dio
1114 2506 1214 2570 septem
1244 2500 1470 2557 cortdetebrorum
1506 2503 1624 2557 similem
1653 2502 1722 2556 Filio
1760 2501 1875 2555 bominis

127 2607 240 2646 servum
262 2595 380 2662 propter
407 2589 533 2644 bominis
558 2588 783 2659 susceptionem
817 2590 970 2655 orientem,
1028 2588 1124 2657 (Apec.
1154 2605 1172 2656 1,
1204 2589 1253 2658 13).
1285 2589 1319 2643 Et
1346 2589 1519 2659 quibusdam
1543 2588 1719 2659 interpositis
1746 2589 1810 2642 ait:
1835 2589 1874 2643 Et

129 2680 272 2753 quiaipse
290 2679 385 2733 cstsol
403 2677 532 2748 justitiae.
560 2677 593 2730 Et
621 2692 707 2746 snper
734 2677 823 2730 istum
847 2677 973 2748 lapidem
1026 2678 1097 2730 ocuti
1123 2677 1181 2745 ejus
1207 2677 1279 2732 uelut
1312 2680 1422 2745 tumme
1451 2681 1523 2747 ipnis
1548 2677 1629 2745 (lbid.
1662 2678 1714 2747 14).
1739 2676 1809 2741 Quis
1833 2682 1876 2731 est

127 2770 223 2824 oculos
239 2768 376 2824 dieitesse
400 2772 507 2837 septem
523 2764 638 2819 llnmini
653 2765 845 2820 discurrentes
860 2767 889 2820 in
908 2767 971 2820 uni·
1027 2763 1080 2817 iste
1099 2764 1183 2818 Filius
1199 2765 1344 2820 bominis?
1360 2766 1501 2821 Nimirum
1530 2765 1667 2820 Dominus
1690 2767 1773 2820 lesus
1793 2765 1874 2818 Chri-

118 2853 237 2912 rersam
256 2862 372 2910 terram.
388 2855 420 2908 ln
444 2854 534 2907 ocutis
554 2853 694 2925 Spiritum
719 2859 848 2909 sanctum
869 2855 973 2910 intelli·
1027 2856 1097 2919 stus,
1113 2854 1163 2923 qni
1178 2871 1207 2909 se
1223 2855 1326 2909 Filium
1341 2855 1467 2909 hominis
1490 2855 1519 2909 in
1538 2854 1691 2924 Evangelio
1716 2854 1873 2924 saepissime

126 2946 261 3017 gendum.
287 2944 402 3014 Septem
424 2947 519 2996 utitem
548 2946 666 3014 propter
695 2959 808 2996 causam
836 2931 972 3014 ¹superius
992 2946 1187 3034 Cnuncupat‚·
1204 2948 1237 2997 ut
1256 2949 1299 2997 est
1326 2944 1421 2997 illud:
1450 2944 1531 3010 Quem
1556 2944 1650 2997 dicunt
1670 2943 1790 2998 homines
1819 2958 1874 2999 esse

115 3035 410 3102 'dictam,cumunus
431 3031 468 3084 sit
491 3030 615 3102 Spiritus
645 3037 768 3097 sanctus,
799 3032 875 3086 dona
904 3049 970 3087 uero
1026 3032 1130 3085 Filium
1155 3032 1290 3087 bominis?
1308 3032 1419 3101 (Marcu.
1444 3048 1499 3097 xiv,
1522 3034 1578 3100 13.)
1609 3033 1640 3085 Et
1669 3031 1796 3085 Ezechiel
1818 3032 1871 3087 sub

123 3104 280 3194 gratiarum
293 3121 386 3192 plura.
403 3119 474 3184 Quid
491 3124 534 3173 est
550 3127 646 3174 sutem
675 3136 762 3189 snper
779 3119 901 3190 lapidem
922 3137 969 3174 se·
1025 3119 1115 3191 ligura
1127 3119 1203 3173 illius
1216 3120 1380 3189 frequenter
1395 3136 1424 3173 se
1439 3119 1630 3174 anditl'ilium
1642 3120 1778 3187 hominis,
1796 3136 1871 3175 nun·

116 3213 203 3281 'ptem
225 3212 323 3264 oculos
341 3208 424 3263 esse?
447 3208 589 3262 Nimirum
613 3207 749 3279 Spiritum
780 3214 911 3263 sanctum
940 3209 970 3263 in
1024 3206 1134 3276 cupari.
1146 3206 1248 3261 Oculos
1264 3212 1360 3261 autem
1372 3208 1457 3280 hujus
1484 3208 1548 3262 h‘ilii
1568 3208 1694 3262 hominis
1711 3224 1784 3279 quos
1804 3209 1871 3263 dicit

125 3297 236 3353 Christo
251 3313 376 3351 manere.
394 3296 425 3348 Et
437 3295 510 3348 sient
525 3295 598 3348 oculi
617 3295 752 3348 dicuntur
771 3297 833 3365 eius
856 3296 885 3348 in
911 3312 969 3367 quo
1024 3294 1103 3348 velut
1131 3294 1278 3349 tlemmam
1305 3296 1381 3366 ignis
1412 3297 1547 3362 relucere,
1576 3295 1715 3366 Spiritum
1740 3301 1869 3349 sanctum

125 3387 192 3438 srrnt
206 3382 432 3438 substantialiter
452 3397 522 3447 esse,
549 3381 589 3434 sic
610 3381 747 3450 Spiritum
773 3389 903 3436 sanctum
925 3385 968 3437 in·
1024 3381 1149 3436 insinuat
1167 3400 1173 3437 :
1191 3400 1258 3438 nam
1277 3400 1364 3455 super
1387 3385 1531 3454 apostolos
1556 3385 1633 3438 velut
1647 3385 1723 3455 ignis
1745 3383 1781 3438 de
1800 3385 1870 3438 coelo

124 3471 237 3542 telligas
252 3469 357 3525 Christi
376 3485 447 3522 esse.
468 3467 552 3532 Qtrod
575 3472 604 3521 et
619 3469 671 3522 sub
688 3468 782 3537 specie
805 3470 970 3525 candelabri
1024 3468 1126 3523 missus
1140 3472 1282 3543 apparuit.
1311 3473 1435 3528 [licendo
1450 3489 1516 3528 vero
1532 3473 1630 3527 oculos
1647 3475 1708 3543 ejus
1729 3471 1870 3543 Spiritum

114 3558 353 3629 ‘idemprnpheta
371 3555 632 3626 signavitdicens:
653 3556 728 3621 Vidi,
753 3561 778 3610 et
799 3573 855 3632 ecce
874 3559 970 3613 cunde-
1023 3564 1163 3626 sanctum,
1200 3560 1341 3631 Spiritum
1368 3578 1428 3616 esse
1465 3562 1568 3618 Christi
1594 3562 1777 3631 significavit.
1816 3563 1871 3617 Nec

113 3646 228 3702 'labrum
241 3661 352 3701 aureum
365 3650 460 3714 totum,
476 3649 501 3699 et
514 3645 619 3714 tompus
634 3645 693 3714 ejus
707 3660 788 3715 super
811 3652 893 3716 ceput
920 3650 969 3717 ip·
1022 3647 1100 3702 aliud
1118 3649 1212 3703 existit
1232 3665 1283 3703 cur
1306 3649 1410 3704 Christi
1435 3650 1547 3706 dicatur
1565 3650 1700 3720 Spiritus,
1721 3651 1778 3705 nisi
1792 3652 1870 3722 qnod

120 3738 188 3803 sius,
205 3741 336 3806 etseptem
350 3736 464 3790 lucerne
478 3734 537 3802 ejus
560 3749 642 3803 super
666 3735 736 3788 ittud
754 3737 848 3804 (chh.
877 3751 914 3803 rr,
929 3738 965 3806 t).
1022 3737 1158 3806 procedet
1170 3738 1205 3792 ab
1221 3738 1294 3808 ipso,
1310 3744 1338 3794 et
1356 3739 1629 3794 sitsnbstantialiter
1641 3740 1672 3794 in
1688 3739 1762 3809 ipso.

113 3821 329 3899 'Candelabrum
348 3838 468 3878 aureum
503 3822 608 3878 Christi
634 3821 766 3894 conspice
796 3822 968 3879 incarnatio·
1059 3825 1128 3880 ltem
1149 3827 1218 3881 dicit
1233 3828 1357 3884 loannes
1377 3843 1443 3882 cum
1461 3829 1494 3883 de
1522 3834 1685 3883 sanctornm
1713 3824 1806 3898 gloria
1828 3828 1870 3882 lo-

114 3929 201 3982 nem;
219 3929 338 3969 aureum
360 3912 428 3984 qnia
451 3911 512 3966 sine
534 3911 655 3977 macula,
681 3911 741 3966 sine
764 3911 861 3983 aliqua
888 3929 966 3967 com·
1020 3914 1278 3984 queretnrtntnra,
1299 3916 1480 3987 quodneque
1506 3917 1555 3985 sot,
1585 3932 1670 3986 neque
1695 3917 1766 3970 ullus
1785 3922 1868 3971 astus

118 4003 254 4059 mistione
268 4001 374 4063 delicti,
391 4005 484 4055 toturn
502 3999 655 4070 fulgidum,
667 4004 760 4053 totum
771 4000 964 4071 splendidum.
1019 4000 1146 4055 alliceret
1160 4017 1220 4072 eos,
1240 4003 1366 4057 subdidit
1383 4019 1389 4057 :
1408 4006 1541 4072 Quoniam
1554 4002 1642 4073 epnui
1657 4006 1706 4074 qui
1724 4007 1754 4058 in
1780 4005 1868 4060 medio

118 4090 239 4161 Lampa's
262 4094 358 4144 atatem
375 4103 462 4157 super
490 4091 577 4156 capnt
606 4086 695 4156 ipsius
720 4086 856 4142 Divinitas
878 4089 965 4143 estin
1019 4089 1112 4143 throni
1123 4093 1173 4156 est,
1194 4096 1267 4159 repet
1278 4092 1348 4158 illos,
1372 4097 1398 4147 et
1419 4092 1532 4147 deducet
1551 4107 1594 4148 eos
1621 4092 1660 4148 ad
1687 4094 1751 4147 uite
1777 4094 1867 4158 [crues

116 4177 245 4232 bomine.
268 4177 448 4246 deputenim
472 4177 576 4232 Christi
602 4177 683 4241 Deus,
712 4174 782 4230 dicit
812 4177 966 4246 Apostolus
1019 4179 1324 4246 cenerumtrtpocmr,
1343 4181 1385 4246 td,
1408 4179 1532 4250 titoni
1551 4178 1756 4234 suntistiritae
1775 4178 1868 4233 tontes

118 4265 145 4337 (1
152 4266 211 4323 Cor.
227 4282 266 4332 xr,
289 4264 325 4335 s).
342 4265 457 4334 Septem
479 4279 544 4318 voro
566 4264 690 4318 lucernae
713 4279 800 4334 snper
827 4264 908 4332 illud,
933 4265 963 4321 id
984 4265 1301 4335 naqnarum‘tlluenta
1317 4266 1440 4338 Spiritus
1464 4267 1565 4334 sancti,
1588 4267 1692 4338 qrribns
1716 4266 1817 4321 lideles
1839 4271 1867 4321 et

115 4358 256 4425 estsuper
269 4352 482 4416 candelabrum,
502 4352 545 4405 rel
563 4367 654 4421 snper
675 4357 762 4422 capnt
777 4351 848 4422 ejus,
870 4353 961 4424 pleni·
1016 4352 1147 4409 lavantur
1162 4369 1214 4425 per
1229 4354 1476 4422 emundationem,
1492 4362 1521 4410 et
1534 4355 1714 4410 vivificantur
1734 4371 1788 4426 per
1802 4355 1866 4410 irri-

114 4441 185 4497 tudo
200 4447 242 4496 est
265 4440 388 4512 Spiritus
403 4441 508 4506 sancti;
532 4440 685 4511 requiescit
706 4456 794 4510 snper
817 4440 914 4508 illumi
921 4459 961 4496 se·
1016 4443 1172 4513 gationem.
1191 4444 1229 4498 [le
1241 4444 1346 4514 quibus
1359 4442 1476 4498 llnsntis
1494 4443 1623 4499 Salvator
1637 4443 1667 4497 in
1684 4443 1862 4515 Evangelio:

115 4531 239 4585 cundum
254 4529 335 4585 lsaiae
357 4528 427 4584 vatis
451 4529 622 4583 oraculum:
650 4531 854 4598 tercentena
881 4546 963 4599 super
1016 4531 1070 4596 Qui
1092 4532 1188 4599 credit,
1224 4532 1328 4603 inquit,
1351 4535 1381 4587 in
1403 4548 1453 4600 me,
1479 4535 1593 4602 pumina
1623 4533 1656 4587 de
1684 4539 1777 4588 uentre
1805 4534 1863 4602 ejus

105 4622 173 4674 ⁴¹cum
188 4620 308 4689 Spiritus
323 4617 467 4688 snpientia
486 4622 510 4672 et
527 4618 687 4686 intellectus,
711 4618 832 4687 Spiritus
854 4620 963 4674 consilii
1013 4622 1097 4689 preat
1111 4636 1189 4690 equae
1201 4623 1270 4676 cirre
1283 4621 1372 4691 (teon.
1389 4637 1436 4688 vu,
1451 4621 1506 4692 38).
1537 4620 1708 4693 significans
1722 4621 1862 4693 Spiritum

113 4708 332 4776 etsortitudinis
347 4707 467 4777 Spiritus
482 4709 601 4762 scientie
615 4711 641 4760 et
650 4708 773 4776 pietatis,
794 4711 821 4763 et
847 4708 962 4776 replebit
1014 4713 1163 4775 sanctum,
1180 4724 1266 4781 quem
1294 4710 1444 4765 credentes
1461 4708 1574 4764 luerent
1599 4709 1753 4778 accepturi.
1783 4708 1862 4775 Orrod

112 4811 173 4851 eum
185 4797 306 4866 Spiritus
321 4797 426 4850 timeris
446 4796 554 4849 Domini
569 4793 635 4865 (isa.
652 4810 690 4859 xr,
705 4797 745 4864 t).
768 4794 849 4859 Qirod
874 4796 897 4849 si
913 4812 961 4850 su·
1013 4794 1044 4850 in
1067 4796 1202 4868 apostolis
1232 4798 1325 4869 primo
1350 4798 1526 4869 completum
1553 4802 1597 4852 est
1622 4797 1862 4869 quinquagesimo

104 4889 164 4958 ‘per
174 4885 316 4941 Christum
333 4890 441 4955 septem
457 4884 582 4938 lucernoe
600 4882 723 4954 Spiritus
746 4885 837 4938 sancti
863 4885 961 4956 requi·
1013 4885 1059 4940 die
1075 4887 1300 4941 resurrectionis.
1318 4888 1390 4957 Ergo
1410 4887 1533 4942 deducet
1552 4903 1599 4941 eos
1623 4887 1656 4941 nd
1681 4886 1749 4942 ritoe
1762 4886 1862 4959 dentes

111 4979 220 5040 escunt,
237 4972 389 5044 requiescit
402 4970 432 5024 in
447 4987 481 5026 eo
496 4971 619 5043 Spiritus
633 4977 757 5039 sanctus,
773 4972 822 5044 qui
842 4972 959 5028 demon·
1013 4989 1152 5044 aquarum
1177 4990 1279 5044 agnus,
1306 4975 1375 5046 qnia
1398 4974 1522 5046 Spiritus
1551 4976 1640 5030 sancti
1664 4976 1782 5030 fluentis
1815 4992 1862 5031 eos

110 5064 216 5114 stratur
233 5059 262 5113 in
278 5064 389 5130 septem
409 5060 546 5124 lucernis:
562 5064 591 5115 et
617 5076 682 5115 cum
697 5061 728 5115 in
747 5077 781 5115 eo
806 5061 960 5133 requiescit
1012 5061 1176 5129 inebriabit,
1190 5069 1220 5118 ut
1241 5065 1307 5118 vitae
1322 5065 1427 5136 gandia
1451 5064 1627 5136 sempiterna
1651 5080 1802 5135 nunquam
1817 5082 1862 5119 aa·

109 5144 297 5203 inhabitando
325 5148 563 5217 substantialiter,
585 5149 676 5219 ipsius
697 5154 740 5204 est
757 5149 898 5220 Spiritus,
928 5150 958 5204 in
1010 5151 1089 5206 leant
1109 5152 1251 5206 amittere.
1285 5155 1339 5208 llos
1369 5158 1465 5208 autem
1496 5152 1589 5208 tontes
1617 5152 1682 5207 vitae
1718 5148 1862 5224 aquariam

100 5249 168 5306 ‘qno
185 5236 604 5307 substantialiter,requiescit.
628 5237 709 5292 Unde
731 5253 789 5292 non
811 5238 957 5294 immerito
1011 5245 1089 5295 extre
1099 5239 1243 5294 Christum
1256 5240 1360 5310 degere
1387 5257 1446 5295 non
1461 5241 1646 5308 arbitremur,
1659 5239 1719 5310 ipse
1736 5256 1862 5313 namque

109 5321 233 5392 Spiritus
246 5341 307 5380 esse
323 5325 428 5380 Christi
445 5325 559 5381 dicitnr.
584 5326 744 5380 Notandum
761 5331 858 5382 autem
879 5327 957 5399 quod
1011 5328 1144 5399 Philippo
1167 5327 1260 5383 dixit:
1288 5330 1345 5396 Epo
1368 5344 1428 5384 sum
1455 5333 1529 5400 uito;
1544 5335 1573 5384 et
1598 5345 1604 5383 :
1622 5329 1696 5394 Quid
1717 5328 1793 5384 uidet
1809 5344 1862 5398 me,

97 5409 223 5480 'deisto,
248 5413 356 5486 Spiritu
369 5410 423 5487 pei·
442 5420 553 5487 septem
577 5416 675 5470 ocu-tos
694 5415 864 5488 significato,
892 5416 957 5472 snb·
997 5416 1084 5472 'uidet
1102 5418 1248 5473 etPutrem
1277 5417 1367 5487 (toan.
1393 5433 1450 5486 xrr,
1475 5420 1501 5484 6,
1518 5420 1557 5488 9).
1588 5417 1634 5474 Sic
1654 5433 1723 5490 ergo
1754 5424 1784 5473 et
1811 5419 1863 5491 qui

108 5497 250 5569 jungitur,
262 5501 339 5573 qnod
356 5502 517 5559 discurrant
532 5503 561 5560 in
578 5503 867 5560 universnmterram.
999 5505 1086 5560 ‘ridet
1105 5505 1263 5572 Christum,
1278 5506 1356 5562 ridet
1381 5512 1410 5561 et
1431 5507 1567 5577 Spiritum
1587 5511 1729 5575 sanetum,
1752 5507 1804 5579 qui
1820 5513 1864 5563 est
