3930 6098
111 226 164 284 lar
791 223 921 280 nevam
940 221 1180 282 CORDUBENSIS

110 369 143 420 ut
156 380 208 437 por
221 364 274 420 hoo
288 366 377 420 Deum
392 359 475 415 illum
489 362 638 429 negarent.
655 357 685 414 Si
701 357 778 415 enim
793 358 868 417 oculi
883 357 951 414 fidei
970 361 994 414 A
1009 357 1150 429 draginta,
1164 357 1250 415 simul
1264 356 1350 412 iacies
1365 372 1457 412 annos
1469 357 1548 413 mille
1565 361 1711 414 trecentos
1725 358 1760 415 tri

109 453 163 509 tibi
186 452 275 525 aperti
298 454 375 516 sunt,
390 449 477 503 totius
493 447 601 503 Veteris
617 447 792 504 Testamenti
819 447 957 503 annulare
1012 462 1045 501 ex
1061 462 1118 518 qua
1134 462 1247 500 summa
1262 444 1285 499 si
1308 444 1496 500 substraxeris
1511 446 1714 519 qnadraginta,
1736 461 1760 520 ap

110 542 270 606 historiam,
287 545 315 594 el
336 553 485 609 nunqnam
501 535 541 591 ibi
566 537 752 591 maledictum
769 552 787 591 a
803 536 862 592 Deo
879 537 957 608 posi·
1012 534 1231 605 quadragesimo
1254 550 1330 588 anno
1350 538 1415 605 post
1434 534 1598 605 passionem
1614 534 1731 590 Domini
1751 533 1760 591 l

111 629 284 692 tumaides,
310 630 339 681 et
360 641 393 680 ex
416 627 469 681 boc
492 624 602 678 valebis
628 624 773 680 addiscere
800 624 958 695 genuinam
1015 623 1244 695 vespasianicum
1259 622 1322 692 fuit,
1339 627 1496 694 supersunt
1517 632 1528 658 ⁰
1551 622 1620 678 anni
1645 623 1725 679 mille
1744 621 1760 679 d

111 716 202 788 gentis
225 715 305 770 istius
317 713 480 786 perfidiam,
498 718 527 767 et
540 717 640 767 contra
655 711 743 767 vitam
758 728 839 767 snam
853 712 956 767 imme·
1011 713 1177 784 nonaginta.
1207 712 1242 767 Et
1269 712 1313 767 bis
1342 711 1455 767 retrahe
1484 710 1604 783 triginta
1629 716 1658 766 et
1686 717 1747 767 tres

112 805 263 861 dicabilem
281 803 399 858 rabiem.
417 798 535 868 Poteris,
551 804 581 854 et
594 806 636 863 tu,
654 800 791 871 quiescis
808 816 859 855 nos
874 801 955 872 lgna·
1012 801 1104 858 astatis
1116 800 1243 867 Domini,
1260 805 1288 854 et
1302 805 1388 855 erunt
1403 801 1482 855 mille
1499 800 1638 855 ducentos
1649 799 1760 873 qninqn

110 907 159 948 ros
171 891 279 962 linguae
295 890 431 956 liebraeae,
447 905 482 943 ex
498 888 681 943 liebraeornm
697 887 829 943 codicum
844 903 896 943 nos
909 905 957 943 va·
1011 897 1120 961 septem
1146 890 1216 944 anni
1238 906 1256 943 a
1280 893 1410 962 tempore
1437 889 1563 944 Danielis
1592 904 1682 960 usquc
1705 889 1742 946 ad

110 982 211 1037 rietate
228 980 369 1044 inludere,
386 976 436 1033 ubi
450 981 479 1031 te
494 975 599 1030 rictum
613 974 778 1046 praevideris
801 990 872 1030 esse.
900 975 957 1029 lloc
1011 969 1283 1050 octingentesimum
1299 978 1537 1050 septuagesimam
1552 982 1689 1046 octavam,
1705 993 1760 1050 qiua

111 1069 189 1125 enim
214 1070 385 1138 argumento
402 1065 433 1118 in
454 1061 756 1134 omnibusScripluris
773 1067 802 1118 le
818 1061 895 1118 vales
910 1065 955 1117 lu·
1011 1066 1115 1138 agitur,
1144 1083 1220 1123 anno
1249 1067 1456 1122 incarnationis
1484 1066 1597 1121 Domini
1622 1066 1760 1139 ottingun*

110 1161 182 1226 tare,
197 1161 230 1211 ut
251 1153 345 1210 verbis
366 1159 394 1208 te
416 1151 598 1224 purgandum
619 1155 705 1222 putes
724 1149 774 1222 qni
796 1149 882 1206 rebus
905 1165 957 1203 ur·
1011 1156 1241 1227 quadragesimo,
1258 1156 1355 1211 seculi
1376 1171 1443 1211 cero
1466 1154 1620 1210 millesimo
1639 1155 1760 1227 quadrae

111 1260 195 1318 gens.
1011 1260 1096 1299 anne.

147 1338 173 1389 ὅ.
197 1336 257 1403 Age
277 1331 339 1401 jam
352 1344 430 1384 nunc
444 1328 479 1384 ad
501 1327 658 1382 secundum
681 1327 839 1398 capitulum
862 1324 958 1381 venia·
1046 1331 1233 1388 alterumn
1251 1331 1415 1387 avicesimo
1430 1347 1507 1387 anno
1524 1330 1692 1400 artaxersis,
1710 1346 1760 1388 ana

112 1437 185 1490 mus,
209 1424 238 1476 et
259 1417 474 1490 responsionem
508 1422 588 1472 tuum
610 1416 706 1470 minus
731 1416 789 1470 sule
813 1413 957 1470 conditum
1012 1437 1106 1477 sermo
1126 1421 1194 1487 exit,
1217 1425 1249 1476 ut
1269 1422 1412 1492 templum
1435 1420 1590 1475 Zorobshel
1606 1420 1713 1475 iterum
1729 1435 1760 1476 a<

110 1510 315 1581 approbemus.
343 1506 419 1561 Dicis
434 1505 522 1572 enim,
541 1505 658 1560 confuse
674 1504 751 1576 apud
768 1504 881 1560 Latinos
905 1505 956 1558 ha·
1011 1513 1098 1574 retur,
1114 1514 1281 1580 computare
1296 1509 1431 1575 volueris,
1451 1507 1581 1563 invenies
1595 1523 1686 1580 usque
1701 1508 1736 1564 ad
1758 1526 1760 1561 1

109 1598 214 1654 bantur
237 1594 421 1667 septuaginta
439 1593 639 1660 bebdomada,
659 1595 740 1664 quasi
761 1608 815 1663 ego
837 1609 885 1647 eas
912 1609 956 1647 se·
1011 1602 1101 1653 tatem
1123 1598 1227 1653 Christi
1251 1597 1476 1670 quadringentos
1500 1597 1679 1668 nonaginta:
1705 1595 1757 1668 qui

109 1687 234 1742 cundum
266 1684 433 1739 Latinorum
458 1688 627 1753 computum
660 1681 869 1752 computandas
895 1697 956 1736 esse
975 1661 1098 1742 Baddas
1122 1687 1328 1742 iucarnationis
1352 1687 1477 1753 Domini,
1507 1691 1592 1741 erunt
1616 1685 1695 1740 mille
1716 1689 1760 1740 tre

109 1773 248 1846 predixi:
265 1777 315 1826 ant
330 1775 360 1825 tu
376 1771 433 1825 lide
448 1771 583 1826 Hebraeos
597 1778 610 1805 ⁸
624 1786 658 1824 ex
671 1770 835 1826 Latinorum
851 1787 956 1841 suppu·
1008 1775 1139 1848 triginta,
1153 1779 1182 1830 et
1197 1780 1334 1848 superant
1346 1775 1422 1846 ipsos
1439 1775 1567 1847 quinque
1582 1791 1653 1847 quas
1671 1778 1703 1830 ta
1719 1789 1759 1829 uo

108 1864 216 1918 tatione
230 1865 344 1933 poteras
360 1859 498 1929 superari.
518 1859 658 1930 Legallter
674 1859 752 1913 enim
768 1858 955 1914 hebdomadae
1009 1866 1155 1920 servitium
1176 1865 1308 1936 opponis.
1332 1865 1408 1919 llanc
1424 1864 1558 1920 frivulam
1581 1868 1661 1917 tuam
1683 1862 1760 1917 inter

109 1952 194 2008 unius
206 1964 361 2005 numerum
376 1953 486 2018 septem
500 1963 588 2002 annos
601 1947 724 2014 tirmavi,
740 1951 768 2001 et
780 1963 849 2015 non,
867 1951 898 2002 ut
912 1952 953 2015 tu,
1008 1953 1115 2007 tionem
1139 1957 1171 2007 tu
1190 1952 1251 2022 ipse
1273 1952 1441 2022 confringis,
1465 1952 1534 2006 dum
1557 1951 1600 2006 ais
1622 1968 1628 2005 :
1653 1951 1753 2005 Tantas

108 2056 210 2112 vagam
233 2037 453 2109 intelligentiam
477 2037 508 2091 in
525 2037 636 2092 diversa
655 2035 770 2107 jactavi,
794 2040 828 2091 ut
850 2053 956 2107 anceps
1008 2039 1182 2108 stoliditatis,
1205 2043 1349 2111 tantaeqne
1373 2039 1477 2111 spiritu
1499 2039 1628 2093 stultitiae
1654 2036 1760 2094 imbuti

108 2145 165 2202 qno
180 2144 279 2200 gressu
294 2126 366 2197 figas
380 2142 439 2180 non
453 2125 571 2188 babens,
585 2131 707 2197 utroque
716 2125 858 2181 claudices
870 2126 952 2196 pede.
1008 2142 1155 2198 germane,
1170 2143 1210 2195 es,
1226 2132 1258 2181 ιιι
1271 2127 1343 2181 scire
1358 2126 1503 2182 desideres
1521 2142 1585 2198 quse
1600 2127 1699 2181 Daniel
1714 2125 1760 2198 ign

108 2217 296 2289 Septuaginta
309 2215 380 2282 dies,
396 2214 439 2270 rel
456 2214 640 2285 septuaginta
655 2213 895 2285 septimanas,vel
910 2230 954 2269 se·
1008 2216 1111 2287 angelo
1134 2216 1161 2271 ei
1188 2216 1310 2270 dicente.
1340 2216 1428 2282 Vade,
1453 2216 1559 2284 Daniel,
1586 2218 1654 2284 quia
1676 2216 1760 2270 claun

106 2305 259 2377 ptuaginta
274 2305 365 2371 lunas,
384 2303 427 2358 rel
444 2303 629 2374 septuaginta
643 2318 735 2357 annos
755 2303 841 2373 juxta
858 2303 953 2357 nescio
1006 2309 1162 2376 aionottoue
1199 2321 1332 2362 sermones
1359 2321 1444 2376 usqne
1479 2306 1517 2360 ad
1543 2309 1646 2376 tempus
1685 2305 1760 2376 praet

106 2395 188 2466 enjus
202 2410 280 2450 anam
295 2393 505 2464 expositionem
521 2392 720 2458 dinumerans,
741 2396 769 2446 et
790 2406 842 2462 per
857 2390 953 2447 diver·
1007 2395 1090 2465 (Dan.
1119 2410 1168 2462 ιιι,
1191 2397 1231 2465 ι).
1253 2395 1363 2449 Revera
1382 2393 1475 2450 valida
1500 2395 1632 2465 queastio,
1659 2398 1688 2448 et
1715 2409 1760 2466 qul

107 2483 222 2539 sitalem
248 2481 471 2537 numerositates
499 2479 608 2551 ubique
634 2484 783 2559 suspectus
809 2479 953 2543 incedens,
1007 2488 1131 2555 utroque
1154 2478 1350 2554 promerent‘1
1367 2498 1470 2552 cornu,
1490 2483 1514 2536 si
1528 2481 1702 2553 subsequiba
1723 2496 1759 2536 ee

107 2588 204 2645 quaeso
220 2575 251 2626 ut
266 2570 337 2624 mibi
353 2570 428 2625 dicas
443 2568 525 2639 cujus
539 2569 747 2639 expositionem
762 2568 832 2624 velis
845 2568 953 2624 intelli·
1007 2573 1091 2628 cteris
1106 2588 1165 2627 non
1186 2571 1357 2642 infringeret
1371 2571 1469 2638 dictio,
1486 2571 1555 2625 dom
1575 2570 1726 2641 subjungis
1742 2585 1751 2625 a

107 2676 175 2734 gere
198 2663 296 2716 suam?
318 2658 347 2714 si
373 2656 558 2729 Hieronymi?
582 2657 672 2712 miror
699 2662 728 2712 te
758 2657 830 2713 mihi
859 2673 953 2713 meam
1007 2661 1226 2731 mibicampum
1248 2659 1342 2730 aperis
1361 2659 1568 2730 responsionis,
1590 2659 1745 2730 nullasque

106 2748 314 2821 expositionem
344 2746 486 2816 ingerere,
518 2749 546 2800 et
572 2746 704 2801 Latinum
729 2762 762 2800 ex
788 2744 953 2801 Latinorum
1007 2750 1073 2803 stias
1093 2750 1233 2803 sustinere
1250 2747 1404 2819 permittis,
1435 2748 1503 2802 dum
1525 2747 1567 2801 ais
1585 2764 1592 2802 :
1612 2748 1739 2801 Numera

107 2837 268 2892 diversitate
295 2835 418 2889 voluisse
447 2833 558 2890 docere.
586 2834 686 2889 Videre
714 2834 786 2889 mihi
814 2834 951 2902 doctoris,
1006 2838 1100 2910 primo
1123 2853 1180 2908 qno
1202 2836 1469 2891 Nabuchodonosor
1483 2851 1581 2890 carnes
1601 2835 1760 2906 porcinas]

106 2940 165 2980 non
182 2923 339 2991 assertoris,
360 2922 488 2978 induisse
505 2938 668 2994 personam.
690 2923 744 2978 Sed
761 2923 867 2978 iterum
887 2938 953 2978 con·
972 2925 1037 3015 Cin
1052 2924 1160 2996 templo
1172 2940 1263 2995 usque
1274 2924 1342 2978 ditm
1353 2922 1528 2994 impleantur
1538 2922 1607 2976 anni
1621 2922 1699 2976 mille
1714 2921 1760 2977 dn«

107 3029 213 3086 queror
224 3028 276 3067 cur
293 3012 323 3066 in
344 3011 490 3083 supralata
505 3012 629 3081 dierum,
650 3013 887 3083 septimanarum,
911 3013 952 3066 lu·
1006 3015 1171 3086 nonaginta,
1193 3019 1221 3068 et
1237 3018 1306 3068 tunc
1320 3012 1465 3084 aperietur
1486 3012 1535 3066 ille
1551 3011 1633 3077 liber,
1650 3015 1678 3065 et
1693 3015 1760 3066 nota

106 3118 221 3171 nariam,
234 3115 391 3161 annorum,
407 3100 562 3174 unicnique
578 3100 756 3172 praeiixeris:
775 3102 861 3172 juata
873 3116 951 3156 suam
1005 3104 1153 3175 signacula
1166 3103 1236 3174 eius.
1262 3102 1291 3158 Si
1306 3102 1384 3157 euim
1400 3118 1452 3172 pro
1466 3101 1553 3156 totins
1571 3100 1690 3155 visionis
1714 3099 1760 3155 mi:

106 3193 334 3261 explanationem,
361 3206 433 3262 quas
461 3196 571 3245 certum
598 3195 641 3244 est
664 3191 700 3244 ab
726 3205 760 3245 eo
788 3189 952 3262 explanatas
1005 3190 1117 3244 clausos
1145 3188 1328 3258 signatosque
1353 3201 1499 3240 sermones
1519 3185 1658 3256 propbeta
1681 3183 1760 3254 dixit,

106 3295 256 3350 nunquam
273 3279 386 3350 legisse,
409 3282 437 3334 et
456 3278 524 3333 huic
545 3293 633 3349 quam
649 3277 772 3332 maxime
791 3276 953 3348 specialiter
1005 3275 1059 3330 tibi
1081 3291 1224 3329 annorum
1247 3275 1323 3330 bunc
1346 3289 1500 3328 numerum
1530 3273 1653 3345 aperuit,
1675 3278 1706 3327 ut
1725 3275 1760 3328 sci

107 3383 177 3434 sum,
191 3366 355 3438 septuagies
370 3365 484 3437 septies,
501 3365 554 3421 boc
569 3365 690 3422 minime
705 3366 880 3421 inculcasse:
897 3365 952 3420 nisi
1006 3363 1082 3433 quod
1106 3361 1205 3417 Daniel
1229 3362 1300 3417 scire
1326 3377 1384 3416 non
1405 3361 1518 3433 potuit?
1541 3361 1591 3416 llle
1613 3361 1691 3415 enim
1710 3360 1758 3417 die

105 3453 236 3509 forsitam
258 3454 367 3509 caeteris
396 3453 566 3524 reprobatis,
596 3454 780 3510 Hebraeorum
803 3455 855 3509 bas
882 3454 952 3510 duas
1005 3467 1096 3505 annos
1116 3451 1197 3518 dixit,
1222 3456 1254 3506 tu
1269 3467 1360 3506 annos
1378 3449 1577 3520 interpretaris
1595 3466 1602 3504 ε
1622 3454 1651 3503 et
1674 3448 1760 3505 nescii

106 3540 299 3611 expositiones
319 3539 453 3595 didiceris
480 3555 551 3595 esse.
572 3541 679 3594 Tamen
701 3539 769 3611 quia
792 3545 952 3595 extremam
1005 3544 1086 3595 lauto
1112 3544 1227 3595 auctore
1253 3545 1364 3610 partem
1395 3539 1461 3593 libri
1489 3538 1593 3610 signati
1617 3538 1698 3610 legis,
1728 3537 1756 3593 si

105 3628 269 3699 prophetali
284 3627 451 3683 testimonio
467 3627 572 3696 munis,
592 3628 670 3683 band
686 3630 700 3672 b
715 3627 836 3684 dubium
858 3627 950 3699 ipsam
1005 3631 1082 3682 totus
1094 3633 1137 3683 est
1151 3627 1204 3682 sub
1219 3627 1376 3698 signaculo.
1393 3629 1467 3697 Ergo
1485 3631 1512 3682 et
1528 3627 1558 3681 bi
1573 3626 1651 3680 mille
1666 3626 1760 3682 ducen

105 3717 194 3772 solam
210 3716 331 3789 probare
349 3717 431 3773 velis.
456 3716 502 3772 Ais
517 3716 616 3773 enim:
633 3716 698 3773 Dies
712 3717 794 3772 nobis
810 3716 888 3773 ducti
912 3717 952 3772 la·
1005 3716 1125 3788 naginta
1139 3716 1200 3770 dies
1220 3716 1320 3772 eodem
1342 3721 1409 3772 sunt
1424 3715 1534 3770 collecti
1548 3715 1578 3769 in
1593 3730 1727 3770 numero.
1753 3719 1760 3768 t

105 3805 185 3861 aiunt
206 3805 285 3861 mille
306 3810 462 3861 trescentos
489 3805 617 3877 triginta.
641 3805 720 3861 Idem
739 3821 877 3861 numerus
900 3806 951 3859 ba·
1006 3810 1088 3876 parte
1104 3804 1260 3876 signatum,
1279 3807 1308 3858 et
1322 3803 1352 3858 in
1366 3808 1445 3874 parte
1460 3807 1592 3874 apertum
1608 3802 1697 3859 dicis?
1710 3802 1760 3858 'lib

103 3894 189 3950 betur
199 3895 230 3949 in
242 3895 300 3951 Due
314 3894 453 3962 Danielis3
467 3895 507 3949 ait
523 3910 647 3966 namque
664 3911 670 3950 :
685 3896 783 3949 Deatus
799 3897 951 3964 onieaspa·
1006 3909 1160 3948 numerum
1173 3892 1353 3963 praefinitum
1368 3892 1538 3962 signationis
1550 3908 1608 3946 non
1622 3891 1652 3945 in
1666 3891 1741 3961 dies,
1755 3909 1760 3946 ι

104 3988 169 4052 ctat,
192 3989 218 4040 et
242 3986 366 4053 peruenit
402 3984 441 4037 ad
469 3983 526 4038 dtas
551 3983 625 4038 mille
657 3988 801 4038 trescentos
836 3985 952 4052 triginta
1005 3997 1105 4049 annos,
1123 3981 1328 4053 interpretari:
1351 3980 1421 4035 mibi
1443 3995 1500 4035 non
1517 3979 1612 4035 licebit
1632 3995 1680 4034 eos
1691 3980 1760 4050 juxt

104 4075 316 4144 quinquelDan.
332 4088 381 4138 ιιι,
406 4071 459 4141 tel.
478 4073 510 4126 Et
531 4071 600 4142 quia
613 4071 742 4142 quinque
756 4071 817 4125 dies
831 4087 905 4143 quos
919 4077 951 4127 tu
1004 4070 1095 4125 latum
1123 4085 1181 4124 non
1206 4085 1307 4136 annos,
1325 4069 1373 4124 sed
1399 4069 1461 4123 dies
1483 4068 1627 4139 probare?
1653 4068 1717 4123 'libi
1742 4084 1760 4123 n

103 4176 193 4215 annos
207 4166 302 4230 putas,
318 4158 486 4229 supergredi
501 4174 656 4212 nnmerum
677 4157 858 4229 prospexisti,
875 4158 951 4214 illico
1005 4173 1137 4230 usurpas,
1151 4158 1220 4214 dum
1235 4159 1296 4213 dies
1310 4157 1341 4211 in
1355 4173 1447 4212 annos
1458 4157 1640 4228 interpretas,
1658 4155 1760 4211 nubila

104 4247 187 4319 quasi
206 4248 276 4302 scita
290 4247 325 4301 de
346 4246 463 4318 proprio
487 4246 644 4302 addidisti:
662 4246 845 4302 lnhisenim
867 4247 950 4318 quin·
969 4247 1120 4316 pnando:
1150 4245 1222 4301 mihi
1252 4246 1365 4300 minora
1389 4261 1448 4300 non
1471 4244 1612 4311 concedis,
1636 4249 1668 4298 ut
1693 4259 1760 4316 prop

104 4351 160 4407 que
176 4335 259 4390 anuis
283 4333 480 4405 singillaturus
502 4340 546 4389 est
562 4335 708 4402 Dominus,
724 4335 818 4407 quiet
838 4335 888 4408 qui
912 4352 952 4391 re
1006 4336 1092 4391 rerba
1114 4351 1187 4407 pure
1204 4350 1356 4406 exponam,
1373 4335 1403 4388 in
1425 4334 1537 4389 dierum
1552 4333 1690 4388 vocabulo
1707 4349 1760 4391 nor

104 4417 262 4472 manserint
275 4433 308 4472 cx
323 4417 458 4473 omnibns
472 4418 607 4488 gentibus
621 4422 828 4489 superterram
844 4418 880 4474 ad
891 4434 951 4474 ser·
1006 4423 1127 4478 claudo?
1145 4423 1175 4479 Si
1203 4422 1309 4494 signati
1324 4428 1392 4477 snut
1410 4437 1557 4477 sermones
1571 4422 1696 4492 qualiter
1719 4438 1760 4494 su}

103 4504 205 4560 vitium
218 4505 358 4561 israhelis.
374 4506 409 4560 Et
422 4506 553 4561 oratione
567 4506 677 4561 lubrica
690 4506 806 4561 lectoris
822 4507 950 4563 animum
1005 4514 1069 4581 post
1084 4510 1161 4565 mille
1173 4515 1316 4565 trecentos
1330 4510 1450 4582 triginta
1465 4526 1556 4564 annos
1569 4509 1698 4580 quinqua
1712 4525 1760 4566 ana

102 4592 268 4662 tenebrasti,
286 4598 317 4649 ut
330 4594 478 4665 ignoraret
495 4593 607 4666 penitus
622 4597 721 4665 quales
736 4611 827 4650 annos
841 4595 951 4650 diceres
1005 4600 1172 4655 servitutem
1186 4598 1316 4671 gentium
1332 4599 1498 4654 calculasti?
1512 4598 1581 4662 Quis
1594 4597 1647 4652 tibi
1662 4599 1739 4653 banc
1754 4616 1760 4653 ι

104 4682 244 4754 quinque,
260 4687 377 4754 autquo
390 4687 520 4754 tempore
534 4688 601 4738 sunt
615 4683 763 4738 verissime
778 4683 949 4739 calculandi.
1005 4687 1119 4743 ritatem
1134 4687 1223 4754 dedit,
1249 4691 1278 4742 ut
1300 4687 1433 4743 omnibus
1448 4687 1583 4758 gentibus
1598 4686 1751 4742 servitium

139 4773 165 4826 6.
181 4770 223 4826 ed
247 4770 449 4842 compendium
464 4772 581 4827 veniens
595 4772 721 4826 concedo
736 4771 777 4827 ita
796 4772 874 4827 millo
896 4777 950 4826 tre·
1005 4791 1062 4847 que
1089 4775 1173 4830 annis
1200 4777 1354 4846 imponas?
1379 4775 1458 4839 Quod
1481 4775 1580 4829 Daniel
1605 4791 1663 4830 non
1688 4778 1760 4848 expl

102 4864 200 4915 centos
225 4859 343 4933 triginta
368 4860 497 4932 quinque
521 4876 612 4915 annos
636 4860 767 4928 existere,
791 4864 819 4914 et
843 4860 910 4915 ideo
934 4876 950 4914 a
1004 4880 1056 4920 cnr
1070 4869 1257 4936 tuexponere
1271 4863 1401 4919 conaris‘l
1422 4864 1502 4928 Quod
1519 4864 1568 4918 ille
1582 4863 1760 4921 intactumo

104 4948 227 5003 seeundo
249 4963 326 5001 anno
343 4948 430 5009 Darii,
453 4947 504 5020 qui
526 4953 555 5003 et
578 4948 663 5003 Delas
679 4952 794 5003 vocatus
818 4952 870 5016 est,
893 4963 950 5020 qno
1005 4969 1062 5026 qua
1075 4954 1186 5009 ratione
1202 4959 1232 5008 tu
1254 4958 1376 5009 tractare
1390 4952 1528 5008 festinas?
1542 4952 1596 5007 Sed
1611 4951 1682 5006 dicis
1698 4969 1705 5007 :
1724 4954 1760 5010 N(

103 5035 174 5091 visio
203 5035 316 5091 Danieli
342 5037 451 5091 exstitit
478 5037 616 5106 revelata,
637 5052 728 5108 usque
751 5035 787 5092 ad
807 5037 951 5108 Vespasia·
1003 5048 1062 5098 tem
1087 5041 1172 5097 hodie
1196 5058 1295 5097 snmus
1322 5043 1352 5097 in
1373 5041 1527 5096 millesimo
1553 5041 1756 5097 trecentesimo

103 5125 251 5198 nnm,qui
274 5125 440 5181 ludaeorum
463 5127 659 5197 captivitatem
678 5126 810 5193 coniecit,
829 5142 949 5198 compu-
1003 5130 1114 5203 gesimo
1142 5129 1228 5185 tertio
1253 5145 1346 5184 anno:
1373 5145 1425 5200 per
1448 5130 1526 5202 quod
1554 5129 1672 5184 festinas
1701 5134 1760 5186 osta

103 5217 200 5268 tantur
211 5213 280 5268 anni
294 5213 499 5285 quadringenti
511 5213 680 5285 nonaginta.
696 5213 855 5285 laqueari
869 5215 948 5271 addi·
1004 5218 1080 5291 quod
1096 5218 1198 5289 viginti
1212 5223 1241 5273 et
1255 5222 1366 5290 septem
1386 5216 1454 5272 anni
1476 5216 1678 5272 tantummodo
1698 5231 1760 5290 sup

104 5299 180 5356 deris
201 5317 291 5358 annos
317 5301 522 5358 incarnationis
542 5301 656 5358 Domini
675 5303 856 5374 octingentos
879 5320 950 5376 qua·
1004 5321 1096 5378 usque
1115 5311 1183 5361 tuus
1208 5305 1320 5361 llessias
1344 5305 1498 5360 avinculis
1517 5304 1609 5376 igneis
1625 5310 1675 5361 aut
1691 5305 1760 5361 fera

138 5443 229 5517 ⁸Leg.
245 5444 384 5502 Hebraeus.
1039 5447 1126 5513 ⁶llis,
1137 5449 1268 5516 superant
1282 5446 1350 5501 anni
1362 5446 1434 5501 mile
1448 5445 1584 5501 ducentos.

140 5514 225 5581 blla,
242 5521 300 5571 out.
1040 5514 1055 5552 ‘¹
1071 5520 1136 5588 leg.
1150 5521 1295 5586 premeret.
