3930 6098
53 247 108 299 437
837 247 1025 306 EPlSTOLAE.
1756 254 1809 312 438

53 395 161 451 negm
176 396 236 435 uon
257 382 349 450 vales3
374 381 524 436 extenuari
547 381 601 436 hoc
620 398 672 453 per
696 385 793 439 nescio
818 400 906 456 quam
924 390 1037 443 deesse
1056 391 1100 440 est
1118 386 1195 441 enim
1211 391 1337 441 mentem
1358 392 1437 443 tuam
1452 389 1553 445 tandiu
1575 390 1653 447 illius
1671 393 1808 449 carmini·

52 468 176 525 olimina
203 470 294 542 cupis.
318 469 427 525 Asseris
460 469 554 525 enim:
580 471 646 526 llaec
674 477 718 527 est
744 473 904 529 benedictio
957 475 1012 530 bus
1028 475 1171 547 occupari,
1184 475 1313 548 quandiu
1323 475 1376 530 sibi
1391 477 1520 548 aliaque
1535 479 1611 534 intra
1622 482 1806 553 semetipsam

52 574 112 629 qua
126 559 273 616 benedixit
287 561 362 615 bens
384 559 506 615 Abrabae
525 560 556 614 in
580 560 802 633 repromissione
816 563 903 617 semi·
958 564 1074 626 recolat,
1097 564 1186 619 simili
1217 563 1311 619 studio
1342 569 1370 617 et
1392 565 1558 621 assiduitate
1585 569 1744 640 perquirat,
1772 587 1805 627 ao

52 646 99 700 nis
113 649 187 718 eius,
205 649 256 719 qui
276 652 319 703 est
339 648 480 715 Christus,
502 653 530 703 et
543 649 672 720 gentium
689 651 844 706 vocatione.
861 651 904 707 lbi
956 669 1010 724 pro
1034 653 1090 708 illis
1117 653 1304 709 infructuosis
1327 658 1413 724 atque
1437 655 1568 722 terrenis,
1594 657 1756 727 spiritualia
1773 675 1806 713 ac

52 736 132 791 enim
156 737 282 807 positum
305 741 365 792 est:
390 738 582 808 Multipltccbo
607 754 695 795 semea
722 745 798 795 tuum
823 741 900 809 (Gen.
957 741 1053 797 divina
1075 742 1224 813 parturiat.
1241 742 1309 807 Qun
1333 758 1400 795 cum
1416 743 1558 813 profunde
1574 751 1688 816 alteque
1702 763 1804 803 conce·

51 839 119 890 xxrr,
136 828 192 895 rt),
216 830 245 879 et
267 830 380 880 cetera.
406 825 588 898 adjicisque:
614 828 732 899 Tropice
754 833 782 883 et
796 829 901 900 hyper·
956 829 1042 899 parit,
1059 835 1144 901 atque
1159 830 1189 884 in
1204 829 1259 884 illis
1270 829 1358 884 fuerit
1372 829 1507 896 enutrita,
1523 834 1567 887 vel
1579 833 1681 903 expelli
1691 834 1803 904 priores

50 913 145 968 bolice
160 915 271 969 locutus
295 919 347 969 est.
371 915 440 979 Quis
464 917 542 970 enim
558 933 617 971 non
633 917 739 986 videat,
757 919 832 989 quod
853 918 902 972 in·
956 918 1063 972 sensim
1078 922 1216 987 poterunt
1231 918 1274 972 vel
1289 917 1405 988 penitus
1420 917 1541 973 aboleri.
1561 941 1572 968 ι

49 1003 287 1073 comparabiliter
308 1003 433 1074 amplius
455 1020 550 1059 arenae
574 1020 713 1060 narmerus
734 1023 820 1077 quam
840 1023 901 1061 esse
992 1009 1034 1061 19.
1056 1006 1217 1060 Secundum
1234 1006 1439 1077 Hieronymum
1449 1007 1528 1078 quod
1540 1007 1574 1061 ed
1590 1024 1728 1079 magnum
1741 1026 1804 1065 ora·

50 1092 183 1147 omnium
208 1092 359 1147 hominum
385 1092 541 1148 multitudo
562 1094 597 1148 ab
620 1094 683 1165 ipso
703 1096 795 1151 Adam
810 1111 901 1167 usque
955 1100 1046 1150 torem
1070 1095 1198 1150 firmasse
1222 1100 1250 1150 te
1275 1094 1437 1165 applaudis,
1453 1095 1528 1165 quod
1550 1095 1611 1166 jam
1637 1097 1693 1151 alio
1717 1099 1803 1153 modo

48 1179 84 1233 ad
116 1180 271 1235 terminum
297 1181 404 1248 saeculi,
433 1187 541 1252 quanto
570 1183 662 1253 magis
686 1186 779 1238 solum
809 1199 900 1253 genus
956 1184 1167 1239 diotumluisse
1191 1184 1347 1255 cognoscis,
1371 1183 1439 1255 quid
1459 1184 1612 1240 Eustochio
1628 1185 1704 1242 dicat
1726 1187 1803 1243 idem

47 1267 192 1325 Abrahae?
220 1270 296 1324 Dum
318 1268 443 1324 nimium
464 1271 685 1326 contradictioni
714 1271 848 1338 inservis,
872 1276 901 1326 et
955 1272 1061 1343 tuipse
1084 1273 1249 1345 diligentius
1271 1272 1393 1341 intuere,
1416 1293 1431 1324 a
1454 1273 1510 1328 Nec
1531 1273 1593 1341 tibi,
1616 1274 1665 1344 ait,
1691 1275 1803 1331 deserta

48 1356 86 1411 ad
109 1374 195 1412 omne
219 1358 297 1429 quod
318 1358 423 1413 dicitur
444 1358 554 1414 obius·
575 1359 617 1414 ire
641 1359 732 1432 cupis,
749 1361 826 1415 aliud
848 1376 899 1431 pro
955 1361 1114 1415 multorum
1129 1361 1197 1415 velis
1212 1360 1315 1430 videri,
1325 1366 1376 1416 aut
1388 1361 1469 1433 lyrici
1484 1363 1498 1406 h
1511 1361 1613 1417 festiva
1627 1364 1803 1420 carminibus

49 1445 108 1500 alio
128 1447 305 1518 respondere
324 1452 362 1515 te,
381 1463 398 1501 o
414 1447 526 1513 dilecte,
542 1464 599 1502 vion
614 1448 700 1514 vides,
719 1464 777 1502 non
791 1449 899 1503 dictum
953 1454 1047 1503 metro
1061 1450 1169 1504 ludere.
1191 1451 1252 1505 Non
1276 1450 1441 1505 delumbem
1460 1455 1658 1505 matronarum
1682 1452 1801 1508 salivam

47 1535 179 1606 Apostoli
197 1551 250 1606 per
270 1540 361 1590 artem
385 1536 488 1591 Donati
509 1536 650 1608 digestum
674 1537 831 1605 affirmans,
849 1538 900 1593 sed
954 1537 1096 1592 delicata¹
1118 1538 1243 1605 secteris,
1259 1554 1325 1610 quae
1349 1554 1426 1593 nunc
1440 1539 1543 1594 strictis
1564 1540 1709 1611 dentibus,
1726 1558 1802 1598 nunc

48 1624 280 1679 benedictionem
301 1624 438 1692 Abrabae;
464 1625 639 1696 nescioquo
664 1625 812 1695 vertiginis
836 1632 897 1681 astu
918 1626 1056 1740 Btabiis¹¹
1083 1626 1240 1697 dissolutis,
1254 1627 1461 1682 balvutientem
1475 1627 1605 1699 linguam
1621 1628 1801 1687 indimidiata

47 1713 204 1769 divertens.
226 1714 259 1767 Et
272 1714 340 1768 licet
364 1714 485 1769 doctoris
501 1731 569 1769 usus
589 1715 627 1768 sis
641 1714 672 1769 in
687 1715 741 1770 hoc
757 1714 818 1770 loco
833 1732 897 1770 sen·
954 1715 1040 1770 verba
1060 1716 1248 1771 moderantur
1263 1717 1288 1785 ¹¹,
1303 1715 1442 1770 rusticum
1464 1721 1599 1787 putantes
1613 1733 1699 1773 omne
1723 1720 1800 1790 quod
1895 1791 1902 1798 ·

48 1802 152 1869 tentia,
173 1818 233 1857 non
257 1804 298 1856 ita
323 1808 354 1857 ut
376 1803 511 1870 aestimas,
527 1804 575 1858 sed
600 1804 684 1859 aliter
708 1805 896 1859 retractanda.
953 1803 1099 1859 nascitur:
1115 1804 1181 1860 inde
1205 1804 1261 1858 illis
1283 1805 1369 1859 etiam
1385 1805 1559 1860 adulterium
1573 1805 1681 1878 lingue
1694 1808 1797 1878 placet.

48 1891 124 1945 Audi
144 1896 242 1945 tamen
264 1891 360 1946 verius
376 1896 402 1946 et
419 1892 567 1946 honestius
587 1908 674 1964 quam
699 1895 712 1936 b
734 1908 896 1964 praepones.
953 1891 1021 1957 Qun
1035 1893 1112 1948 enim
1129 1892 1350 1947 communicatio
1368 1892 1426 1946 luci
1442 1893 1477 1947 ad
1492 1893 1645 1948 tenebras?
1665 1894 1719 1958 Qui
1730 1911 1798 1950 con-

47 1978 217 2033 Audituum
238 1979 379 2035 isidorum
398 1979 591 2051 inquientem:
610 1981 899 2051 Multiplicobosemen
953 1997 1052 2036 sensus
1075 1981 1176 2037 Christi
1203 1981 1237 2036 ad
1260 1981 1347 2036 Belial
1362 1983 1404 2053 (ll
1427 1982 1491 2039 Cor.
1518 1998 1555 2048 vr,
1578 1983 1621 2050 ll,
1642 1982 1702 2054 l5)t
1725 1983 1798 2048 Quid

49 2072 127 2121 tuum
148 2071 220 2124 sicut
234 2070 326 2124 stellas
344 2071 416 2135 ecti3
437 2069 464 2122 id
491 2075 533 2123 est
556 2069 746 2124 Christianam
771 2074 896 2141 gentem,
952 2070 1019 2125 tacit
1041 2086 1105 2125 cum
1126 2072 1262 2140 psalterio
1285 2071 1429 2138 Horatius,
1445 2086 1511 2125 cum
1534 2071 1695 2141 evangeliis
1709 2072 1798 2138 llaro,

48 2157 131 2227 cujus
150 2162 183 2212 tu
205 2163 288 2229 pater
311 2157 342 2212 in
362 2158 418 2213 lide
437 2158 580 2227 subsistis,
595 2159 635 2213 sic
650 2160 752 2214 faciam
768 2176 896 2214 resurre·
953 2175 1019 2214 cum
1039 2159 1174 2227 Apostolo
1198 2157 1316 2213 Cicero?
1339 2159 1440 2213 Nonne
1462 2159 1673 2215 scandalizatur
1699 2159 1798 2224 frater,

47 2245 151 2299 ebonis
164 2245 275 2300 lumine
289 2262 447 2301 coruscare.
466 2247 573 2302 lieinde
593 2247 764 2302 monstravit
779 2246 821 2302 illi
835 2263 897 2301 are·
953 2249 1019 2302 site
1040 2247 1144 2301 viderit
1161 2246 1191 2301 in
1208 2246 1296 2301 idolio
1316 2247 1555 2303 recumbentem?
1569 2249 1603 2302 Et
1626 2249 1694 2304 licet
1707 2252 1799 2304 omnio

50 2348 116 2387 nam
139 2333 238 2401 maris,
255 2338 283 2389 et
304 2334 394 2390 dixit:
415 2336 460 2392 Sic
479 2337 766 2404 multiplicabosemen
782 2341 857 2390 tuum
872 2346 897 2407 ο;
951 2337 1055 2392 mundo
1069 2337 1178 2392 mundis
1194 2337 1260 2408 (Tit.
1276 2354 1295 2397 1.
1314 2339 1368 2403 15),
1386 2341 1415 2393 et
1431 2336 1503 2392 nihil
1521 2337 1800 2409 reJicieudumquod

48 2423 102 2476 boc
112 2423 725 2497 esteritquidemcopiosagensludaeorum,
735 2424 784 2480 sed
793 2425 898 2480 sterilis
952 2442 1013 2481 cum
1031 2424 1188 2497 gratiarum
1212 2424 1323 2479 actione
1344 2426 1512 2497 percipitur,
1535 2431 1632 2481 tamen
1655 2425 1741 2480 simul
1755 2426 1798 2482 bi·

50 2514 76 2566 et
96 2511 253 2566 infecunda
268 2513 342 2569 sicut
357 2529 445 2568 arena
468 2514 605 2569 manebit.
624 2536 635 2563 ι
659 2515 694 2570 Ut
708 2513 748 2569 sic
762 2516 814 2569 erit
839 2532 898 2571 non
952 2514 1019 2568 bere
1035 2528 1095 2567 non
1113 2513 1251 2568 debemus
1273 2515 1383 2568 calicem
1405 2514 1519 2575 Christi,
1535 2519 1561 2569 et
1575 2515 1685 2570 culicem
1699 2514 1798 2570 damo-

51 2599 84 2654 ad
109 2616 265 2656 numerum
293 2603 541 2673 multiplicationis
568 2602 764 2674 comparative
791 2620 896 2670 arenae,
952 2606 1059 2657 ntorum
1076 2603 1101 2672 (l
1111 2603 1170 2659 Cor.
1185 2619 1214 2670 x,
1230 2603 1274 2667 20,
1290 2603 1345 2674 30).
1365 2625 1375 2651 ι

53 2689 93 2743 vel
113 2690 273 2757 stellarum,
289 2692 438 2756 referatur,
454 2691 503 2746 sed
525 2692 560 2746 ad
582 2692 698 2746 allectus
713 2709 833 2763 opernm
848 2693 897 2748 de·
987 2692 1020 2746 et
1033 2691 1163 2761 postista
1181 2696 1240 2746 mm
1259 2691 1379 2746 fortiora
1393 2695 1510 2762 tamque
1530 2691 1664 2759 valentia,
1680 2690 1801 2745 innectit

56 2778 166 2832 uretur.
184 2780 230 2835 Sic
254 2783 306 2834 erit
326 2795 414 2834 semen
430 2785 517 2848 tuum,
534 2797 592 2836 non
616 2781 646 2836 in
662 2797 782 2836 numero
798 2780 898 2836 stella·
953 2780 1009 2835 alia
1025 2779 1116 2834 multo
1131 2779 1176 2833 bis
1189 2779 1319 2835 fortiora.
1332 2779 1545 2835 Revelatiouem
1563 2796 1649 2850 quam
1663 2778 1717 2833 sibi
1732 2778 1800 2833 dicit

57 2879 116 2919 rum
137 2867 184 2921 vel
205 2867 294 2921 maris
309 2883 404 2922 areuae
420 2868 500 2935 dixit,
518 2869 567 2924 sed
590 2869 625 2924 ad
649 2870 765 2924 allectus
780 2885 898 2923 earum-
954 2885 970 2921 a
994 2868 1117 2923 Domino
1140 2869 1295 2922 revelatam
1322 2868 1474 2922 nuntietis
1498 2868 1626 2937 somniis,
1651 2867 1701 2922 sed
1726 2867 1800 2922 veris

61 2953 116 3008 dem
139 2971 252 3022 rerum,
281 2972 352 3027 quas
375 2956 403 3010 ei
429 2957 569 3022 ostendit,
592 2958 741 3029 signavit:
773 2959 818 3014 Sic
846 2960 898 3012 crat
917 2956 1119 3041 everberibus
1133 2956 1187 3011 sibi
1206 2957 1336 3022 inlatam,
1352 2957 1383 3011 in
1401 2973 1457 3028 qua
1473 2974 1503 3012 se
1524 2957 1642 3012 ductum
1654 2956 1689 3012 ed
1703 2956 1799 3012 trihu-

62 3056 136 3096 tenen
148 3050 234 3098 tuum
252 3045 284 3098 ln
298 3050 380 3114 parte
393 3046 589 3115 resplendebit
603 3047 726 3117 fulgore,
742 3051 770 3101 et
784 3047 814 3101 in
829 3063 899 3117 par·
955 3045 1000 3099 nal
1022 3043 1127 3114 judicis
1146 3044 1258 3110 asserit,
1280 3056 1308 3098 et
1330 3059 1382 3115 pro
1405 3044 1635 3115 frequentatione
1658 3044 1798 3099 librorum

64 3132 244 3187 testerilitate
272 3133 326 3188 erit
345 3134 510 3190 omnimode
534 3136 721 3191 infecundum
734 3134 758 3191 d.
783 3137 817 3190 Et
834 3136 899 3190 licet
952 3132 1104 3205 gentilium
1117 3132 1221 3186 acriter
1235 3148 1338 3187 cesum
1354 3132 1384 3186 in
1398 3133 1551 3203 praesentia
1564 3134 1733 3205 angelorum
1748 3150 1798 3188 seu

65 3221 157 3290 tropice
179 3226 209 3275 et
241 3221 424 3293 hyperbolice
452 3240 503 3295 par
530 3225 810 3294 superabundantem
836 3230 898 3278 tro·
951 3227 1121 3278 cunctarum
1136 3221 1275 3276 virtutum
1290 3221 1425 3277 ostendit.

67 3318 145 3375 pum·
166 3309 279 3365 dicatur
299 3316 396 3366 tamen
419 3313 536 3384 mystice
561 3312 718 3367 identidem
743 3317 830 3384 atquc
853 3314 898 3367 al·
986 3314 1031 3366 20.
1052 3310 1242 3382 Inspiciamus
1256 3309 1361 3363 iterum
1377 3310 1445 3381 quid
1463 3309 1497 3365 de
1514 3311 1569 3365 boc
1593 3310 1680 3364 etiam
1696 3308 1797 3364 mirili-

68 3396 182 3467 legorice,
196 3399 278 3454 lacile
293 3400 485 3472 intelligentie
500 3401 656 3456 scientibus
673 3400 811 3471 aperitur.
951 3416 1001 3455 cus
1020 3400 1125 3455 senuat
1146 3398 1346 3470 Augustinus:
1364 3400 1426 3453 Non
1450 3413 1562 3463 curare,
1586 3398 1690 3470 inquit,
1714 3396 1799 3452 debet

94 3488 128 3542 lt.
148 3487 236 3544 llulta
260 3494 343 3543 eraut
365 3505 430 3560 quae
453 3489 484 3543 in
512 3489 730 3545 confirmatione
754 3489 897 3544 dictorum
951 3488 1002 3560 qui
1026 3489 1109 3543 docet
1133 3495 1241 3558 quanta
1263 3486 1438 3558 eloquentia,
1456 3487 1505 3541 sed
1527 3490 1634 3558 quanta
1655 3485 1799 3540 evidentia

70 3587 179 3630 neorum
203 3576 382 3648 digererem:
405 3578 454 3632 sed
475 3577 623 3633 fastidium
648 3578 801 3633 lectoribus
824 3578 897 3633 meis
951 3579 1059 3634 doceat.
1075 3578 1163 3649 Cujus
1175 3577 1328 3633 evidentiae
1343 3577 1467 3648 diligens
1485 3579 1627 3648 appetitor
1641 3577 1798 3648 aliquando

70 3660 176 3719 dubitavi
191 3664 333 3736 ingerere.
349 3666 460 3720 Sufficit
476 3667 553 3738 quod
568 3666 748 3721 beatissimus
764 3668 898 3738 erigusti·
951 3683 1002 3722 uec
1016 3669 1092 3737 leget
1108 3666 1193 3720 verba
1217 3666 1349 3733 cultiora,
1365 3681 1417 3720 nec
1441 3672 1522 3720 ourat
1537 3666 1605 3736 quid
1627 3664 1701 3719 bene
1717 3669 1799 3720 sonat

70 3763 108 3805 nus
127 3753 155 3807 in
170 3753 265 3824 primo
282 3753 356 3808 libro
379 3754 597 3812 Confessiouum
616 3771 733 3809 suarum
755 3755 795 3810 ita
810 3755 897 3826 hujus
950 3756 1000 3810 sed
1016 3756 1092 3827 quod
1106 3755 1177 3809 bene
1193 3754 1309 3821 indicet,
1327 3759 1413 3825 etque
1428 3754 1542 3809 intimet
1555 3753 1631 3825 quod
1647 3755 1797 3809 ostendere

70 3840 120 3894 ulis
138 3841 213 3913 quod
237 3848 385 3898 assecutus
406 3843 500 3899 luerat
519 3843 625 3915 peritia
644 3844 755 3912 delicat,
778 3849 810 3898 ut
822 3861 896 3916 pene
949 3844 1083 3922 intendit.
1100 3845 1170 3897 Item
1189 3842 1266 3914 ipse:
1286 3842 1370 3898 Bonis
1392 3842 1557 3897 doctoribus
1576 3844 1656 3896 tante
1676 3841 1797 3897 docendi

70 3941 149 3984 onnes
162 3933 232 3985 anis
255 3932 343 4003 hujus
364 3934 471 4003 peritos
493 3933 524 3986 in
543 3948 641 3987 errore
666 3934 792 3988 maximo
808 3932 897 3987 devo·
950 3949 1018 3986 cura
1040 3947 1100 3987 esse
1116 3932 1208 4000 debet,
1229 3937 1262 3987 ut
1281 3932 1304 3986 si
1319 3932 1436 3986 verbum
1463 3930 1540 4001 quod
1561 3929 1617 3984 nisi
1641 3930 1796 3984 obscurum

69 4013 125 4072 lotos
144 4035 204 4073 non
222 4020 305 4075 siccis
329 4022 418 4074 oculis
443 4022 551 4093 lugeat.
578 4022 610 4076 Et
633 4022 732 4076 beatus
745 4021 896 4077 Cassianus
950 4022 986 4076 sit
1001 4022 1043 4076 vel
1060 4021 1237 4092 ambiguum,
1255 4021 1377 4076 latinum
1394 4035 1457 4074 esse
1480 4035 1539 4073 non
1562 4018 1660 4088 possit,
1677 4032 1726 4073 ore
1748 4034 1797 4072 au·

69 4118 117 4160 com
130 4109 224 4164 sodale
250 4124 303 4163 suo
328 4110 470 4164 Germano
485 4111 636 4180 praeclaro,
652 4125 705 4180 pro
727 4109 897 4180 hujusmodi
949 4114 1009 4165 tem
1024 4110 1103 4181 vulgi
1122 4110 1227 4165 dicitur
1250 4115 1281 4164 nt
1300 4107 1474 4179 ambiguitas
1488 4106 1703 4178 obscuritasque
1727 4106 1795 4161 vite·

69 4191 183 4252 lentibus
197 4197 358 4268 disciplina
372 4203 465 4265 reatu,
481 4214 550 4253 anes
563 4204 625 4254 tero
638 4198 685 4254 te‘
698 4198 728 4252 in
743 4198 895 4253 collatione
949 4202 1008 4268 tur,
1032 4215 1093 4254 non
1108 4198 1148 4252 sic
1170 4199 1281 4254 dicatur
1301 4203 1333 4252 ut
1353 4214 1369 4252 a
1391 4197 1492 4263 doctis,
1518 4195 1566 4250 sed
1592 4195 1688 4265 potius
1714 4200 1745 4250 ut
1759 4195 1795 4250 ab

69 4289 148 4351 quarta
178 4285 290 4341 decima
324 4287 492 4358 hujusmodi
525 4288 757 4358 reciprocationis
785 4289 894 4360 accepit
913 4285 1072 4342 Dindoctis
1096 4287 1151 4342 dici
1182 4288 1264 4342 solet.
1289 4287 1381 4353 Vides,
1410 4302 1426 4340 o
1453 4285 1567 4348 eximie,
1595 4300 1655 4339 non
1683 4299 1795 4338 curasse

68 4375 218 4430 remedium.
236 4396 251 4424 «
277 4376 315 4430 lle
330 4376 383 4431 bac
404 4377 476 4449 ipsa,
493 4377 543 4442 ait,
561 4378 635 4431 unde
649 4377 700 4431 tibi
715 4377 894 4449 purgationis
949 4377 1080 4431 doctores
1098 4375 1128 4430 in
1147 4376 1241 4430 verbis
1254 4374 1442 4447 grammatica
1457 4374 1536 4441 vitia,
1552 4372 1670 4445 quando
1683 4372 1714 4427 in
1730 4388 1795 4427 sen·

10 4515 11 4520 ,
69 4463 314 4519 manmenascitur
328 4465 489 4538 desperatio
506 4465 595 4521 citum
613 4465 682 4520 satie
696 4470 780 4537 etque
795 4466 895 4520 ellicax
949 4464 1028 4519 sibus
1056 4467 1084 4517 et
1105 4464 1279 4534 profectibus
1302 4467 1366 4518 tuta
1386 4467 1460 4517 esset
1481 4462 1630 4517 sententia.
1659 4460 1795 4534 Nunquid

10 4603 12 4625 Ε
71 4552 209 4608 umectum
233 4555 340 4624 poterit
367 4555 483 4622 oboriri,
512 4553 536 4608 si
558 4554 687 4608 eamdem
714 4553 893 4624 diligentiam
948 4569 1007 4608 non
1037 4552 1101 4607 talis
1126 4558 1168 4606 est
1197 4554 1282 4623 hujus
1312 4551 1483 4606 sanctissimi
1511 4550 1636 4606 doctoris
1665 4551 1794 4617 assertio,

10 4683 12 4687 .
72 4639 134 4709 tique
147 4641 326 4710 instantiam,
344 4659 429 4714 quam
444 4649 473 4697 te
494 4643 523 4697 in
540 4643 618 4697 illius
632 4642 817 4697 saecularibus
831 4650 888 4697 stu·
949 4642 1042 4713 qualis
1064 4646 1093 4697 et
1107 4657 1170 4695 mea
1183 4640 1242 4706 illa,
1260 4643 1360 4693 contra
1378 4654 1465 4709 quam
1487 4639 1539 4706 ais,
1555 4638 1713 4710 professio:
1730 4655 1795 4693 san-

72 4721 250 4785 diishabuisse
265 4731 371 4800 dixisti,
386 4731 423 4786 ud
445 4731 683 4802 ascripturarunr
698 4730 893 4802 spiritualium
949 4734 1009 4783 ctos
1022 4733 1050 4783 et
1070 4728 1240 4799 apostolicos
1261 4728 1336 4781 viros
1352 4743 1412 4781 non
1435 4726 1588 4782 verborum
1610 4728 1795 4798 compositio·

73 4813 170 4873 tolueris
185 4819 337 4874 lectionem
359 4820 633 4890 meditationemque
653 4819 818 4875 transferre.
839 4820 893 4875 Ne·
949 4817 1034 4872 nibus
1045 4816 1199 4885 deservire,
1215 4817 1265 4872 sed
1280 4832 1417 4871 sensuum
1436 4816 1556 4871 varitate
1579 4816 1718 4887 gaudere,
1744 4831 1796 4871 nec

96 4973 145 5029 ‘ld
159 4980 211 5044 est,
226 4977 395 5030 contrarius.
984 4976 1102 5032 ulleest
1121 4975 1158 5029 od
1179 4974 1209 5028 iu
1234 4975 1295 5041 lls,
1312 4975 1360 5029 sed
1383 4974 1497 5029 restitui
1520 4991 1552 5029 ex
1578 4972 1711 5030 Cassiano
1733 4971 1794 5025 col·

96 5042 144 5099 ll.
159 5063 247 5116 quem,
265 5045 294 5100 id
308 5051 350 5101 est
363 5047 520 5101 doctorem.
948 5047 997 5101 lat.
1014 5062 1070 5112 xiv,
1085 5062 1109 5100 c.
1129 5048 1172 5111 13,
1188 5045 1262 5100 sicut
1285 5051 1314 5100 et
1337 5046 1502 5117 sequentia:
1519 5062 1597 5117 quem
1612 5048 1687 5100 intra
1700 5045 1792 5097 semet·

97 5118 192 5187 ‘Apud
217 5116 318 5171 lsidor.
346 5132 408 5186 cap.
434 5119 480 5181 tt,
503 5133 552 5188 qq.
576 5116 608 5171 in
630 5118 734 5186 Canes,
757 5133 816 5173 non
841 5118 892 5187 ita,
947 5119 1073 5186 ipsum...
1096 5119 1289 5186 perquirere...
1312 5120 1429 5186 poterit:
1455 5133 1520 5189 quae
1544 5118 1584 5170 ita
1606 5116 1636 5170 in
1660 5114 1720 5180 lla,
1745 5111 1795 5166 sed
1895 5144 1902 5151 -

75 5182 123 5236 nd:
142 5189 185 5244 Sic
207 5191 259 5243 erit
283 5190 313 5243 in
334 5188 509 5243 multitudine
531 5203 620 5243 semen
644 5195 729 5258 tanin,
753 5205 818 5261 quae
833 5190 894 5244 sola
948 5194 980 5243 ut
994 5189 1024 5242 in
1040 5193 1117 5242 textu
1133 5203 1166 5241 ex
1181 5188 1313 5243 Cassiano
1329 5187 1461 5256 legenda.
1756 5252 1761 5263 ι

74 5254 137 5308 verba
149 5274 213 5313 cum
226 5259 433 5328 posterioribus
445 5260 639 5315 consentiunt.
984 5259 1039 5303 ¹1¹¹
1067 5261 1128 5326 lds„
1150 5259 1292 5314 lubricis...
1313 5259 1520 5314 delicationes...
1536 5272 1593 5312 nun
1613 5256 1707 5311 eluvie.
1729 5255 1795 5310 llae-

97 5326 107 5366 ἃ
123 5327 181 5393 tls..
197 5336 276 5384 erum
289 5334 362 5384 omni
377 5329 454 5385 modo
468 5332 622 5397 infecunde.
949 5345 1087 5402 ronynrus
1102 5335 1135 5385 ut
1149 5330 1180 5384 in
1194 5334 1284 5384 textu.
1706 5395 1712 5406 ι

97 5396 174 5464 'lls.‚
190 5416 239 5471 per
252 5400 491 5471 superabundanti
504 5408 592 5471 tropo.
985 5398 998 5437 ἱ
1018 5403 1100 5456 Deest
1120 5401 1150 5456 in
1172 5402 1221 5457 lle.
1247 5402 1431 5457 moderantur.
1458 5401 1553 5455 Exstat
1575 5397 1652 5468 apud
1680 5398 1794 5454 lireron.

68 5464 145 5595 baiqu]
168 5473 193 5527 Δ
217 5474 373 5531 Netterote:
403 5473 491 5528 abbas
519 5473 628 5545 quippe
665 5474 786 5530 Nestcros
812 5489 894 5528 voca·
950 5471 1038 5544 Epist.
1054 5475 1100 5540 tt,
1116 5474 1208 5528 multo
1224 5478 1288 5543 post
1303 5473 1440 5527 medium.
