3930 6098
108 225 172 284 827,
677 223 848 279 auruncos
867 222 1130 282 sucellensis
1146 226 1294 281 nestris
1805 227 1854 281 828

411 356 492 420 intro
503 357 643 409 actionem.
975 357 1165 427 Apeccatori,
1186 357 1319 426 gratiam,
1340 370 1425 427 quam
1450 370 1512 410 mea
1527 369 1585 409 non
1600 354 1722 424 exigunt
1743 357 1852 425 merim

145 447 223 501 lianc
237 445 323 515 igitur
336 443 510 520 oblationem
525 460 611 513 quam
626 443 687 510 tibi,
711 444 841 509 Domine,
867 443 956 498 offero
1011 444 1128 513 porrige
1148 461 1267 499 monum
1299 445 1412 514 pietatis
1434 449 1489 497 tute
1524 444 1595 498 mibi
1615 445 1708 515 lapso,
1733 451 1760 498 et
1780 447 1853 516 aperi

109 548 162 603 pro
178 531 298 603 peccatis
312 530 382 584 meis
399 530 505 584 minuis
521 537 608 601 atque
625 530 840 597 offensionibus,
866 532 954 603 mnjc·
1011 530 1082 585 mibi
1099 531 1239 600 peccatori
1251 533 1369 601 januam
1390 530 1470 601 regni
1484 530 1528 583 tui
1543 531 1677 597 coelestrs,
1699 548 1752 602 per
1765 548 1850 602 quam,

109 624 210 674 statem
234 625 313 672 tuam
343 619 409 671 totis
433 618 540 672 viribus
567 617 669 672 humili
699 636 782 690 prece
822 620 953 691 deposco,
1010 624 1038 672 te
1054 619 1208 686 tribuente,
1231 635 1342 674 merear
1358 619 1470 691 ingredi
1494 621 1525 675 in
1548 621 1681 692 requiem
1706 623 1849 692 sempiter-

110 710 183 762 lleus
197 707 334 776 piissime,
346 706 499 777 dignanter
509 707 656 775 suscipias,
672 723 793 762 exorans
813 716 844 761 ut
858 709 955 762 dimit·
1010 723 1087 762 nam.
1104 708 1158 763 Per
1172 708 1317 763 cumdem.

109 801 151 850 tes
166 795 286 849 crimina
305 811 370 865 ques
396 795 550 866 fragilitate
570 796 664 850 carnis
689 803 774 866 atquc
797 797 956 852 tentatione
1356 813 1417 852 rrerr
1433 814 1505 851 ιιιιι.

107 883 275 954 iniquorum
291 884 444 953 spirituum
461 884 593 954 nequiter
608 885 725 951 admisi;
744 885 841 955 etjam
852 885 956 940 reverti
1045 885 1234 955 Omnipotens
1249 886 1423 955 sempiterne
1440 886 1522 949 oeta,
1545 885 1594 956 qui
1611 901 1656 940 me
1679 894 1849 957 peccatorem

110 988 155 1026 me
171 971 205 1025 ed
221 987 254 1025 ea
268 988 327 1026 nou
342 973 418 1026 sinas
435 973 518 1040 ultra,
535 973 584 1027 sed
599 973 737 1027 confirma
757 989 802 1027 me
826 974 855 1027 iu
876 973 956 1046 justi·
1009 974 1095 1027 sacris
1117 975 1254 1028 altaribus
1279 981 1372 1029 astura
1407 972 1531 1036 voluisti,
1559 979 1586 1027 et
1611 975 1702 1029 sancti
1733 976 1849 1031 nominis

108 1058 289 1114 licaiionibus
324 1061 392 1128 tuis,
421 1067 449 1113 et
476 1060 719 1130 perseverantiam
750 1062 820 1115 mihi
859 1063 955 1118 tribue
1009 1062 1050 1116 tui
1073 1063 1189 1118 laudare
1214 1064 1385 1134 potentiam3
1405 1062 1540 1124 concede,
1565 1078 1675 1133 qnaeso,
1696 1078 1749 1133 per
1773 1065 1848 1134 hujus

108 1146 138 1200 in
154 1145 220 1212 illis,
243 1153 272 1201 et
296 1147 339 1201 lac
363 1164 409 1201 me
432 1148 553 1219 dignum
573 1159 638 1202 ante
663 1156 848 1218 conspectum
873 1155 956 1202 tuum
1010 1151 1181 1205 sacramenti
1205 1152 1384 1221 mysterium,
1414 1165 1544 1203 meorum
1568 1150 1638 1204 nrilxi
1660 1152 1773 1206 veniam
1789 1169 1847 1223 pec·

111 1241 214 1299 astare,
235 1240 263 1289 et
290 1235 459 1290 sacrificiunt
484 1236 535 1290 tibi
559 1237 679 1291 [lomina
696 1236 803 1291 mundo
826 1236 912 1290 corde
927 1241 956 1291 et
1009 1246 1148 1308 catorum,
1166 1244 1268 1294 uttuae
1285 1238 1426 1309 majestati
1440 1239 1526 1309 digne
1545 1239 1712 1294 ministrare
1738 1255 1847 1295 merser.

109 1329 185 1376 casto
197 1339 316 1395 corpore
332 1324 418 1395 digne
437 1324 548 1391 offerre,
566 1324 684 1396 diesque
707 1330 825 1379 nostros.
1010 1326 1072 1382 Per.

378 1414 440 1467 Post
458 1413 683 1469 communionem.
1328 1414 1416 1482 Super
1429 1413 1536 1468 Oblata.

146 1499 335 1569 Omnipotens
359 1501 533 1570 sempiterne
559 1501 643 1566 Deus,
674 1502 740 1555 lesu
759 1499 872 1554 Christe
904 1500 956 1553 llo·
1048 1505 1097 1570 Da,
1124 1518 1299 1573 quesumus,
1324 1501 1545 1556 clementissime
1571 1503 1664 1570 Pater,
1691 1517 1746 1573 per
1773 1502 1848 1573 anus

109 1587 197 1655 mine,
215 1588 429 1659 estopropitius
450 1589 572 1659 peccatis
599 1589 681 1651 meis,
705 1605 756 1659 per
779 1587 956 1658 assumptio·
1012 1591 1164 1646 oblationis
1180 1591 1360 1663 mysterium,
1383 1606 1514 1645 meorum
1538 1589 1737 1658 mibiyeniam
1760 1606 1847 1660 pecca·

108 1691 175 1730 nem
203 1677 332 1747 corporis
354 1682 382 1730 et
402 1676 550 1744 sauguinis
577 1677 629 1730 tui.
648 1682 677 1729 et
699 1693 750 1746 per
774 1675 953 1730 intercessio·
1010 1686 1232 1748 torum‚ntnon
1250 1681 1284 1733 ad
1300 1679 1558 1750 judiciumauiruoe
1583 1694 1665 1744 mese,
1693 1679 1741 1733 sed
1764 1679 1797 1734 ad
1815 1680 1848 1734 in

109 1780 175 1819 nem
204 1766 293 1820 sancti
317 1767 359 1820 tni
386 1767 417 1820 Ν.
442 1767 481 1820 Τιι
506 1767 583 1820 enirn
614 1767 734 1836 loquens
759 1764 881 1818 dixisti:
903 1765 956 1834 Qui
1010 1770 1199 1839 dulgentiam,
1216 1771 1301 1838 liujus
1321 1769 1531 1839 presbyteratus
1545 1767 1615 1821 ordo
1632 1767 1705 1822 mihi
1730 1767 1847 1839 proficiat

108 1853 254 1908 manducat
276 1868 385 1907 contem
402 1868 498 1918 mecm,
523 1858 548 1906 et
575 1852 643 1906 bibit
670 1854 831 1919 sanquinem
855 1865 952 1917 meum,
1009 1859 1226 1929 sempiternam,
1245 1853 1473 1913 pernominum.

107 1946 207 2011 ipsein
221 1958 262 1996 me
280 1946 379 2003 monet,
400 1947 426 1997 et
447 1956 493 2008 epo
508 1944 537 1994 in
558 1956 597 1995 eo.
623 1940 689 1994 Ideo
711 1945 738 1994 ts
760 1939 880 2010 supplex
905 1938 954 1993 de·
1364 1962 1505 2028 pmfayyo,

107 2028 308 2096 precor,utin
328 2043 373 2081 me
389 2044 437 2080 cor
453 2028 592 2082 muudum
609 2044 698 2095 crees,
714 2033 743 2082 et
764 2028 896 2098 spiritum
913 2042 956 2125 re·
1046 2071 1079 2125 D·
1096 2070 1313 2141 etjustumest,
1334 2084 1427 2138 usque,
1457 2073 1561 2121 meme
1589 2067 1672 2121 Deus.
1694 2066 1749 2132 Qui
1771 2067 1845 2138 septi·

108 2121 184 2169 ctum
209 2131 239 2168 ¹¹¹
260 2115 415 2170 mmmm
441 2132 511 2169 mem
536 2132 664 2178 mmm’
684 2122 713 2169 et
728 2122 831 2185 spmm
852 2132 956 2213 Numi·
1010 2159 1109 2214 formis
1125 2158 1322 2213 ecclesiasticae
1338 2156 1486 2227 diguitatis
1502 2155 1608 2226 gradus
1623 2154 1769 2226 septiplici
1783 2157 1845 2210 douo

107 2203 165 2273 pali
180 2218 227 2256 me
242 2204 561 2274 confirmeredigneris,
577 2211 664 2274 atque
680 2204 716 2258 ab
732 2203 866 2257 omnibus
885 2203 954 2256 iuss·
1092 2246 1096 2257 .
1155 2248 1187 2257 ..
1390 2245 1395 2255 .
1591 2243 1628 2255 ..
1729 2243 1758 2254 ..

107 2289 161 2343 diis
175 2289 281 2344 diaboli
297 2296 383 2360 atque
394 2290 467 2344 vitiis
481 2289 632 2351 emundes,
648 2295 680 2343 ut
703 2288 815 2359 gaudiis
836 2289 956 2344 coelesti-
1008 2254 1098 2300 mm
1114 2247 1237 2319 Spmtus
1256 2248 1407 2313 dewmu’
1433 2248 1535 2315 prtem
1559 2245 1630 2299 mm
1650 2250 1794 2314 pmpmm
1816 2244 1846 2298 [ι’

107 2377 161 2432 bus
177 2394 288 2433 mm„
302 2394 362 2432 esse
374 2379 523 2449 particeps·
541 2378 595 2443 Qui
610 2395 676 2433 cum
694 2381 784 2434 pam·
1009 2335 1087 2390 mulo
1104 2341 1162 2403 tuo,
1179 2335 1313 2389 eumdem
1327 2335 1356 2388 in
1371 2334 1519 2387 sanctitate
1535 2333 1601 2386 vitae
1621 2331 1783 2402 promereri
1795 2328 1845 2400 Spi-

1008 2423 1095 2477 ritum
1108 2423 1294 2493 paracletum,
1307 2437 1392 2492 quem
1408 2420 1576 2491 unigenitus
1586 2418 1675 2474 Filius
1686 2424 1751 2472 tuus
1762 2417 1844 2473 Domi·

454 2507 515 2546 “¹³¹
534 2507 605 2547 Μ·
1009 2526 1062 2564 nus
1077 2507 1595 2565 nostertesustristnstuistidclibus
1609 2505 1781 2561 mittendum
1794 2519 1843 2558 csso

144 2599 217 2650 Deus
243 2598 296 2652 snb
317 2598 398 2668 cujus
421 2596 510 2650 oculis
533 2613 619 2651 omne
631 2612 680 2651 cor
703 2596 837 2667 trepidat.
853 2611 953 2651 omues
1007 2598 1149 2668 promisit.
1167 2597 1220 2662 Qui
1239 2596 1309 2651 mihi
1333 2595 1473 2668 peccatori
1495 2595 1638 2667 inspirare
1652 2595 1788 2667 dignetur
1808 2608 1843 2647 cs·

107 2685 288 2739 conscientiae
309 2691 473 2756 pavescunt,
500 2685 607 2756 respice
632 2684 775 2755 propitius
799 2685 833 2739 nd
856 2700 954 2756 preces
1008 2685 1120 2740 tbolicae
1141 2685 1209 2740 fidei
1242 2684 1419 2748 firmitatem,
1447 2690 1475 2738 et
1504 2688 1607 2737 saucio
1632 2681 1777 2737 charitatis
1796 2684 1842 2734 tue

107 2773 231 2843 gemitus
248 2773 314 2841 mei,
333 2779 363 2826 ot
378 2773 450 2827 sicut
465 2789 521 2838 me,
542 2773 628 2826 nullis
644 2773 872 2844 praecedentibus
889 2788 953 2826 me·
1007 2772 1186 2826 dulcedinem
1212 2787 1313 2842 meque
1333 2777 1445 2825 terrena
1468 2769 1616 2839 despicere
1635 2774 1776 2822 atemere
1797 2780 1840 2820 co·

106 2866 179 2932 ritis,
204 2865 234 2920 in
252 2865 315 2920 loco
340 2866 425 2937 hujus
447 2865 592 2921 servitutis
613 2871 668 2921 tuae
690 2864 777 2919 sacris
796 2863 886 2919 fecisti
908 2879 952 2918 as·
1008 2860 1090 2915 lestis
1103 2861 1212 2916 doceat.
1227 2860 1280 2914 Per
1291 2858 1434 2915 Christum
1451 2857 1605 2912 Dominum
1619 2862 1760 2911 nostrum.

91 2952 204 3007 'sistere
220 2954 368 3020 altaribus,
384 2954 424 3008 ita
449 2953 606 3008 secundum
627 2953 840 3008 multitudinem
863 2937 992 3006 mise·C
1274 2966 1341 3020 Posi
1362 2966 1587 3022 Communionem,

106 3042 848 3113 rationumtuarumdeindnlgentiampeccatorum
874 3056 952 3094 meo·
1043 3071 1205 3138 Summum,
1234 3070 1352 3125 Domine
1382 3071 1466 3138 Deus,
1492 3069 1591 3124 salutis
1621 3073 1730 3124 nom
1765 3080 1836 3121 mn,

106 3145 180 3199 rum,
199 3137 308 3185 utmea
327 3131 476 3204 fragilitas,
496 3148 561 3202 qnae
585 3147 637 3203 per
660 3147 689 3184 sc
704 3129 840 3200 proclivis
854 3134 897 3228 est
917 3128 951 3184 ad
1007 3165 1113 3226 mem,
1139 3165 1254 3230 prm,
1283 3174 1458 3229 wmmus,
1485 3163 1516 3212 ut
1537 3173 1639 3212 eorum
1667 3153 1833 3229 participatio.

104 3217 270 3287 ¹³b⁶¹¹d¹¹m2
299 3235 352 3291 Per
379 3225 407 3275 ω
431 3235 547 3292 ⁸⁰mp⁶f
573 3224 724 3291 mpmtur
753 3219 789 3274 ω
825 3234 948 3273 mmm·
1005 3247 1077 3301 mibi
1099 3246 1207 3301 famulo
1229 3252 1278 3301 tuo
1299 3247 1335 3301 ad
1356 3251 1525 3318 perpetuam
1555 3244 1690 3317 proliciat
1719 3244 1830 3298 salitum.

106 3308 169 3361 Per.
1005 3336 1068 3389 Per.

467 3396 586 3451 semla·
1211 3418 1214 3422 “
1388 3421 1463 3477 erra.

140 3482 255 3580 fimum,
288 3481 350 3544 ‘ibi'
377 3481 505 3550 ⁰⁰mine’
532 3480 753 3580 plaoeti⁰¹¹i⁸,⁰²
776 3480 867 3536 ¹⁸¹¹di³
898 3497 951 3552 pm
1038 3510 1338 3581 Aurestueepietatis,
1356 3510 1507 3565 mitissime
1532 3510 1614 3576 lleus,
1632 3509 1739 3563 inclina
1762 3502 1831 3578 preci·

104 3569 520 3638 veniadelictorummeorum,
537 3569 950 3642 offeroegorndignuslamu·
1003 3601 1056 3656 bus
1085 3601 1168 3668 meis,
1199 3605 1227 3654 eq
1254 3599 1347 3671 gratia
1373 3599 1462 3653 sancti
1490 3598 1614 3669 spirim,
1640 3597 1769 3652 illumin,
1796 3606 1831 3648 w,

104 3658 149 3712 lus
164 3663 240 3724 tous,
265 3657 416 3715 obsecrans
440 3657 662 3713 misericordiam
685 3664 763 3712 tuam
789 3662 820 3712 ut
842 3657 877 3711 ab
901 3672 949 3711 oc-

105 3745 187 3800 cultis
203 3762 248 3801 me
263 3746 387 3800 reatibus
409 3747 548 3801 emundes
563 3747 728 3812 clementer,
746 3750 805 3801 eta
829 3745 950 3801 manile·

105 3833 156 3888 stis
169 3834 371 3890 convenienter
382 3850 532 3907 expurges.
544 3836 596 3890 Per
607 3835 771 3890 Dominum.

458 3946 599 4010 Praelatio.

141 4031 173 4085 ll.
188 4033 217 4085 et
227 4031 342 4101 justum
359 4036 410 4098 est,
420 4047 513 4100 usque,
527 4036 634 4086 aeterne
649 4032 733 4085 Deus.
754 4029 841 4099 Cujus
858 4028 951 4083 omni·

104 4118 230 4189 potentia
247 4119 399 4187 laudanda,
416 4121 507 4191 pietas
522 4119 730 4190 amplectenda,
755 4116 950 4172 misericordia
1040 4112 1124 4178 Deus,
1143 4111 1196 4181 qui
1215 4110 1355 4181 justificas
1375 4109 1509 4180 impium,
1533 4114 1561 4163 et
1580 4124 1639 4163 non
1664 4109 1706 4162 ris
1728 4110 1827 4160 morton

105 4211 147 4260 est
158 4207 315 4274 exurenda3
332 4207 413 4277 cujus
429 4208 514 4262 etiam
531 4207 666 4277 pietatem
679 4204 829 4260 humiliter
843 4202 949 4273 implo-
969 4205 1195 4291 Dpeccatorum,
1223 4200 1401 4269 majestatem
1425 4204 1503 4253 tuam
1527 4197 1694 4267 suppliciter
1719 4195 1827 4266 ‹tepeo-

104 4310 201 4349 ramus
227 4300 259 4349 ut
289 4301 456 4351 cunctorum
485 4296 569 4351 nobis
604 4295 803 4350 remissionem
840 4293 950 4348 tribuas
1005 4287 1271 4341 murutlamulum
1287 4291 1368 4340 tuum
1386 4287 1417 4340 N.
1434 4286 1468 4339 dc
1487 4291 1536 4338 tuo
1553 4275 1825 4370 misericordissimi·

104 4386 296 4453 peccatorum,
312 4389 449 4454 actusque
469 4391 583 4437 nostros
600 4383 630 4438 in
648 4384 793 4437 voluntate
809 4386 859 4435 tua
879 4379 950 4435 diri·
1004 4373 1129 4441 dentem,
1159 4374 1266 4429 coelesti
1282 4378 1413 4444 protegas
1440 4372 1582 4442 benignus
1597 4370 1714 4436 auxilio,
1737 4375 1762 4424 et
1773 4377 1824 4419 esst·

104 4484 181 4540 gere,
199 4485 338 4541 nosquea
357 4471 466 4525 cunctis
484 4471 564 4526 malis
586 4471 713 4542 digneris
732 4471 859 4541 eripere;
882 4484 951 4540 qua·
1005 4462 1060 4515 dua
1075 4461 1254 4532 protectione
1267 4478 1427 4527 conserves,
1446 4467 1476 4515 ut
1490 4461 1541 4514 tibi
1557 4460 1667 4531 jugiter
1686 4457 1822 4514 famuletur·

104 4562 187 4611 tenus
200 4556 234 4611 ab
253 4556 386 4611 omnibus
402 4558 618 4612 adversitatibus
634 4563 683 4612 tua
697 4557 886 4628 opitulatione
900 4557 948 4610 de·
1004 4554 1033 4604 et
1047 4550 1132 4604 nullis
1149 4549 1354 4604 tentationibus
1369 4565 1386 4602 a
1401 4555 1429 4601 to
1444 4554 1602 4618 separetur.
1619 4548 1683 4602 Per.

103 4643 191 4710 fandi,
208 4650 237 4698 et
250 4645 280 4699 iu
294 4644 379 4699 bonis
393 4646 528 4700 omnibus
543 4645 718 4710 confirmari,
738 4650 766 4699 et
780 4648 951 4715 presentem
1323 4657 1414 4724 Super
1422 4654 1531 4711 ogram,

105 4731 192 4785 vitam
204 4731 256 4786 sub
271 4737 320 4785 tue
331 4731 540 4803 gubernatione
551 4731 762 4804 inculpabiliter
782 4731 950 4800 transigere,
1041 4743 1141 4815 nujus,
1156 4743 1287 4808 Domine,
1304 4758 1479 4815 quaesnmus,
1499 4742 1605 4796 virtut„
1631 4736 1763 4812 mysterii,
1779 4735 1820 4785 ua

104 4825 132 4874 at
145 4819 180 4874 ad
194 4823 341 4886 eternam,
363 4820 503 4888 largiente
525 4825 562 4887 te,
585 4818 707 4874 feliciter
727 4816 877 4889 pervenire
899 4831 952 4869 va·
1004 4830 1129 4902 propriis
1140 4846 1192 4884 00,
1208 4830 1314 4885 mund,
1325 4829 1445 4894 aggeus,
1461 4835 1490 4883 οι
1503 4829 1645 4883 famulum
1661 4835 1741 4891 quum
1755 4822 1780 4879 x,
1795 4814 1821 4868 al

104 4910 224 4963 loeutus·
240 4908 293 4962 Pet
307 4907 461 4963 Christum·
1005 4918 1139 4974 omuibus
1155 4919 1268 4973 absolve
1280 4918 1412 4989 peccetis.
1430 4919 1494 4973 Per.

375 5021 440 5075 Post
454 5021 679 5083 communionem.
1358 5025 1496 5089 Praefatio.

140 5117 225 5182 Deus,
241 5113 292 5185 qui
312 5129 357 5168 me
374 5113 524 5184 indignum
542 5113 629 5168 sacris
653 5110 805 5181 mysteriis,
831 5125 952 5181 corpore
1042 5110 1071 5164 ll.
1091 5114 1121 5164 et
1142 5110 1250 5181 justum
1272 5115 1324 5170 est.
1347 5126 1440 5180 usque,
1462 5116 1568 5163 aeterne
1591 5109 1674 5163 besa.
1692 5106 1823 5177 imploran-

105 5208 133 5258 et
147 5203 288 5275 sanguino
301 5201 476 5256 dilectissimi
498 5201 561 5256 Filii
575 5199 618 5254 tui
643 5198 757 5254 Domini
772 5199 862 5253 nostri
885 5199 953 5253 lesu
1006 5204 1048 5252 tes
1063 5203 1120 5252 tuae
1136 5199 1291 5269 majestatis
1313 5197 1550 5263 misericordiam,
1572 5202 1603 5250 ut
1626 5196 1732 5251 famulo
1749 5182 1825 5248 uolt·

105 5291 221 5354 Christi,
247 5290 407 5345 confortare
431 5289 566 5360 dignatos
592 5302 632 5355 es,
656 5285 804 5340 humiliter
834 5285 951 5340 obsecro
1006 5286 1248 5341 veniamsuorum
1265 5285 1363 5356 largiri
1387 5286 1515 5355 digneris
1542 5292 1741 5357 peccatorum3
1760 5285 1786 5336 ut
1801 5273 1827 5329 ab

106 5378 331 5433 misericordiam
355 5382 552 5432 tuamutnon
571 5374 655 5429 sitad
679 5374 822 5445 judicium
847 5368 964 5428 animm
1007 5373 1142 5429 omnibus
1167 5374 1277 5428 inimici
1297 5374 1415 5429 vinculis
1437 5374 1584 5440 liberatus,
1605 5373 1664 5427 tuis
1685 5376 1747 5426 toto
1765 5364 1830 5425 oordt

1003 3705 1110 3756 mensu,
1146 3695 1178 3742 ut
1202 3689 1260 3742 tuis
1286 3687 1428 3760 mysteriis
1457 3687 1541 3756 digne
1572 3685 1735 3739 ministrare
1765 3687 1830 3751 teque

1004 3777 1258 3834 eternocbaritato
1275 3776 1395 3847 diligere
1410 3789 1530 3830 mereor.
1548 3774 1611 3828 Per.

1369 3899 1482 3955 bllvlll.

1053 4022 1128 4060 ursss
1148 4021 1244 4060 versvs
1264 4020 1315 4060 eno
1332 4020 1422 4071 sarco,
1443 4020 1495 4059 rna
1513 4019 1563 4058 eno
1587 4018 1644 4064 nuo
1663 4016 1793 4058 rasurus.

106 5481 192 5532 mee;
221 5471 336 5537 praesta,
361 5480 471 5537 quaeso,
496 5463 626 5530 Domine,
646 5462 857 5534 indulgentiam
879 5459 952 5516 mihi
1006 5458 1312 5516 iubereatmandatis.
1331 5461 1404 5514 litte
1427 5460 1520 5513 solum
1538 5474 1654 5530 semper
1671 5464 1729 5513 tota
1747 5457 1834 5511 virtute
