3930 6098
503 202 547 258 tin
572 203 736 260 coarcat:
762 205 805 260 ΕΤ
825 204 996 260 sanctitat·
1023 205 1153 260 uolitat.

85 326 187 385 ddum
197 329 231 384 tit
240 344 273 383 ex
284 328 522 398 tractitiusterrai,
535 331 799 387 sanctificaturettit
814 342 834 390 a

85 420 172 483 item,
185 421 322 489 operante
334 416 631 489 invisibiliterSpIritu
643 419 702 474 Dei.
713 421 798 491 Cujus

85 505 183 561 calicis
198 510 408 559 sacramentum
426 506 516 560 Graeci
535 509 738 562 Eucliuristium
755 509 797 562 di-

85 594 109 650 d
124 595 222 651 Latiae
238 596 307 649 boue
320 597 414 663 gratio
427 594 633 665 iuterpretatur
655 611 661 650 :
678 602 707 650 et
729 597 798 667 quid

85 684 219 754 anguine
247 689 276 737 et
306 699 426 754 corpora
438 683 566 739 Chrish?
583 685 676 752 (Panis
693 701 758 739 vero
770 690 798 739 et

85 771 128 826 leo
144 770 257 842 corpori
278 775 306 825 et
333 771 468 840 sanguim
490 777 703 841 comparantur,
729 774 797 844 quia

89 875 125 914 us
138 859 256 913 visibitis
273 859 355 929 paula
369 858 485 930 vinique
502 859 660 913 substantia
676 860 796 914 exterio-

85 947 117 1003 rit
130 953 159 1001 et
174 947 295 1002 inebriat
310 946 468 1013 hominem,
480 948 519 1001 ita
532 947 656 1002 Verbum
670 948 731 1015 uei,
746 949 796 1020 qui

85 1052 89 1088 i
115 1035 207 1103 vivus,
237 1035 456 1107 participatione
483 1035 527 1090 sui
555 1035 654 1091 lideles
687 1041 797 1092 recreat

85 1125 142 1195 ·.)ii

88 1211 167 1268 tiste
181 1211 279 1265 doctor
293 1210 450 1266 catholicos
472 1228 584 1265 sacrorn
607 1211 677 1266 Illud
696 1212 795 1267 Ilomi-

85 1300 174 1355 sionis
190 1300 368 1370 mysterium,
384 1299 414 1353 in
443 1300 613 1354 memoriam
638 1317 689 1372 pro
712 1300 794 1355 uobis

85 1404 104 1444 ie
134 1389 273 1460 passionis
301 1389 384 1442 docet
417 1389 571 1458 agendum.
600 1390 657 1443 IIoc
697 1389 794 1444 dIccns

100 1477 280 1532 Durninicam
308 1475 469 1548 passionem
491 1477 578 1531 semel
594 1493 654 1531 esse
678 1477 792 1545 factam,

90 1564 386 1620 memoriaminsacris
397 1564 573 1618 solemnibus
582 1565 790 1636 repraesentari.

1652 212 1701 266 tto

853 333 986 389 inebriat¹
1008 333 1166 400 hominem,
1191 334 1230 388 ite
1255 336 1377 391 Verbum
1409 337 1468 404 Ilei,
1501 338 1552 410 qui
1582 343 1625 394 est
1653 356 1699 410 pe·

853 422 897 475 nis
913 421 1003 490 vivus,
1019 421 1237 495 participatione
1266 425 1311 478 siii
1332 424 1460 480 Iidelioin
1490 431 1597 482 recreat
1621 444 1700 483 meu·

853 515 930 564 tes»

887 599 976 653 XLIV.
1005 598 1061 652 Ista
1088 598 1207 652 diceudo
1234 600 1406 653 centitemor
1434 603 1509 672 quod
1545 602 1575 656 in
1603 620 1697 659 sacra·

853 691 949 741 mento
961 686 1089 757 corporis
1102 694 1130 741 et
1150 685 1299 757 sanguinis
1316 688 1440 752 honuni,
1465 690 1605 762 quidquid
1622 699 1698 747 erte·

852 775 910 828 rius
939 775 1071 840 sumitur,
1101 775 1137 829 ad
1165 776 1292 846 corporis
1319 775 1505 831 relectionem
1531 783 1693 849 aptaturb:

853 862 974 916 Verbum
989 868 1085 918 autem
1101 864 1158 930 Dei,
1171 863 1219 935 qui
1236 867 1278 916 est
1292 863 1373 933 panis
1399 864 1580 919 invisibiliter
1595 867 1624 921 iu
1646 868 1694 923 illo

851 950 975 1005 existens
996 956 1185 1018 sacramento,
1210 951 1392 1005 invisibiliter
1415 952 1634 1024 participatione
1650 957 1695 1009 sui

849 1039 978 1093 tidelium
996 1044 1105 1093 mentes
1121 1039 1286 1093 vIvilicando
1302 1039 1398 1111 pascit.

884 1128 958 1181 IILV.
977 1126 1045 1182 IIinc
1068 1127 1152 1183 etiarn
1170 1127 1248 1182 idem
1270 1127 1370 1182 doctor
1397 1127 1465 1182 dicii
1482 1128 1571 1199 (Oria.
1589 1128 1640 1183 tib.
1656 1147 1693 1194 vi,

849 1231 909 1285 cap.
932 1218 972 1282 19]
989 1230 996 1269 :
1015 1234 1028 1266 v
1041 1215 1257 1270 Sacramentum
1270 1221 1312 1270 est
1327 1216 1357 1270 in
1371 1216 1468 1287 aliqua
1489 1208 1692 1285 celebratione,

849 1319 912 1357 cuni
927 1319 971 1356 res
986 1311 1064 1374 gesta
1079 1304 1117 1356 ita
1133 1303 1165 1358 Iit
1181 1308 1211 1357 ut
1237 1304 1344 1374 aliquid
1369 1304 1531 1373 siguificare
1548 1305 1692 1375 intelilge-

849 1396 897 1445 tur
910 1391 985 1462 quod
1010 1397 1106 1445 sancte
1132 1391 1330 1463 accipiendum
1347 1399 1389 1445 est
1403 1401 1450 1447 ⁶.»
1482 1394 1546 1447 thee
1574 1392 1692 1448 dicendo

849 1479 970 1534 ostendit
984 1495 1069 1534 omae
1093 1486 1303 1534 sacramentum
1323 1480 1352 1534 in
1367 1479 1471 1535 diviuis
1484 1484 1568 1536 rebus
1583 1481 1692 1553 ahquid
1751 1482 1756 1491 ‘

848 1568 948 1622 secreti
974 1567 1134 1633 coutInere;
1172 1571 1201 1622 et
1232 1567 1312 1622 aliud
1346 1584 1406 1622 esse
1440 1568 1517 1638 quod
1544 1568 1693 1624 visibiliter

88 1652 170 1710 Unde
197 1658 226 1708 et
253 1652 334 1723 panis
357 1652 408 1724 qui
436 1654 565 1716 oII'ertnr,
596 1669 628 1711 ex
654 1654 792 1708 fructibus
809 1634 828 1688 Β
846 1655 1085 1727 appareat,aliud
1102 1671 1166 1710 vero
1186 1657 1263 1726 quod
1285 1655 1465 1711 invisibiliter
1488 1657 1524 1711 sii
1547 1657 1690 1728 accipien-

85 1757 109 1797 m
125 1742 161 1796 sit
174 1747 345 1812 assumptus,
362 1741 391 1795 in
407 1741 512 1795 Christi
527 1757 630 1812 corpus
650 1741 718 1796 dum
730 1759 792 1796 san·

85 1849 98 1900 ·,
113 1823 312 1900 transponitur
329 1845 335 1882 :
353 1829 425 1883 sicut
438 1834 465 1884 et
476 1829 585 1897 vinum,
601 1846 666 1884 cuni
682 1846 714 1884 ex
735 1830 791 1884 vite

85 1923 109 1984 t,
147 1918 238 1972 divini
270 1923 366 1972 tamen
402 1917 625 1972 sanctificatione
664 1917 791 1989 mysterii

85 2006 203 2077 sanguis
216 2005 333 2072 Christi;
350 2021 408 2059 non
425 2005 541 2077 quidem
557 2005 716 2072 visibiliter,
730 2007 791 2073 sed,

87 2111 214 2167 praeseus
238 2095 345 2161 doctor,
365 2099 502 2165 operante
524 2094 706 2148 invisibiliter
729 2094 791 2166 Spi-

85 2182 151 2256 [ol.‚
168 2182 287 2253 sauctol.

88 2271 169 2327 Unde
180 2270 296 2340 sanguis
306 2274 443 2341 etcorpus
453 2269 558 2324 Christi
569 2269 713 2337 dicuntur,
725 2270 792 2341 quia

85 2358 238 2427 Iexterius
249 2357 390 2423 videntur,
405 2358 454 2412 sed
465 2358 542 2429 quod
554 2357 683 2423 Interius,
695 2358 791 2412 divino

85 2451 208 2516 ¹serente,
221 2446 378 2513 factasunt,
391 2446 579 2516 accipiuntur.
588 2445 621 2500 Et
631 2446 791 2518 quialonge

85 2535 256 2608 'potentiam
273 2535 443 2589 invisibilem
459 2533 584 2589 existunt
598 2549 685 2604 quam
702 2534 794 2588 visibi-

85 2623 349 2691 ireanqdiseeriit,
363 2622 432 2676 dum
443 2622 523 2688 dIcit,
535 2638 640 2693 panem
655 2627 682 2675 et
692 2623 792 2677 vinum

85 2710 136 2767 iori
148 2710 282 2780 sanguini
300 2710 412 2765 Domini
427 2711 598 2781 comparari,
612 2732 625 2760 a
639 2711 703 2782 quia
720 2711 792 2765 sicut

85 2799 162 2872 panis
178 2804 207 2853 et
226 2798 285 2852 riui
300 2798 460 2852 substantia
474 2798 646 2853 exteriorem
663 2798 792 2853 nutrilet

846 1743 924 1798 dum.

880 1832 967 1887 XLVI.
989 1832 1057 1896 Quae
1072 1836 1139 1886 sunt
1150 1836 1246 1887 autem
1271 1837 1448 1886 sacramenta
1466 1831 1598 1886 tidelihns
1614 1832 1689 1886 ceie-

846 1919 954 1974 branda
968 1925 1175 1991 consequenter
1199 1920 1362 1985 ostendens,
1379 1920 1417 1973 uit
1441 1919 1541 1990 (ibid.)
1558 1935 1566 1974 ι
1583 1939 1597 1971 a
1617 1919 1689 1974 Suut

846 2013 1129 2062 autemsacrauiente
1156 2007 1314 2077 baptismus
1338 2011 1365 2061 et
1383 2008 1520 2074 chrisma,
1544 2023 1647 2078 coi-pus
1663 2011 1691 2061 et

846 2095 971 2167 sanguis.
1007 2092 1106 2166 [Apud
1133 2095 1269 2150 Isidorum
1295 2095 1393 2148 ibidem
1416 2095 1543 2159 additur,
1565 2095 1689 2164 Christi]

846 2183 913 2248 Quae
929 2184 965 2238 ab
981 2182 1010 2237 id
1028 2187 1199 2238 seiromaste
1213 2183 1357 2251 dicantur,
1374 2183 1443 2255 quia
1456 2183 1509 2237 sub
1525 2187 1691 2254 tegumento

845 2270 1036 2342 corporalium
1053 2287 1150 2325 reruni
1175 2270 1265 2326 virtus
1289 2271 1386 2326 divina
1416 2270 1551 2326 secretius
1569 2270 1691 2325 salutem

846 2360 1013 2414 eorumdem
1029 2365 1272 2418 sacramentorum
1298 2364 1444 2429 operetur.
1472 2359 1549 2413 Unde
1564 2365 1593 2412 at
1619 2374 1692 2411 ase·

846 2448 930 2502 eretis
956 2446 1110 2501 virtutibus
1136 2448 1178 2501 vet
1201 2451 1287 2500 sacris
1313 2453 1485 2502 sacramenta
1514 2446 1657 2501 dicuntur.
1676 2465 1689 2492 i

848 2536 923 2590 Elin
948 2534 1133 2607 sequentibus
1158 2534 1198 2589 ait
1224 2534 1341 2606 (Iliid.):
1370 2556 1384 2585 a
1411 2536 1507 2590 Cioece
1534 2536 1690 2602 mysterium

845 2623 950 2678 dicihir
964 2624 1041 2695 qnod
1055 2629 1191 2678 secretam
1207 2627 1235 2676 et
1259 2623 1434 2678 reconditam
1452 2623 1554 2677 habeat
1569 2621 1690 2692 disposi-

846 2711 965 2765 tionem.
981 2732 995 2761 i

881 2800 981 2855 xtvtt.
996 2799 1070 2864 Quid
1082 2799 1185 2854 isthinc
1199 2799 1396 2872 perdocemur,
1413 2798 1468 2853 nisi
1493 2798 1568 2869 quad
1585 2787 1692 2868 corpus

85 2953 187 3010 ultima
200 2955 285 3008 verba
309 2955 474 3026 parenthesi
497 2954 602 3021 clausa,
627 2971 684 3010 non
708 2971 789 3026 repe·
806 2931 826 2986 C
845 2957 935 3011 velata
950 2960 977 3010 et
992 2954 1149 3023 recondita,
1165 2957 1250 3010 inodo
1266 2957 1356 3011 oculis
1373 2972 1431 3011 non
1453 2955 1581 3026 subjecto
1597 2957 1626 3010 in
1642 2975 1690 3012 eo·

85 3026 150 3096 ipnd
165 3024 317 3087 Isidorum,
335 3026 383 3079 tib.
400 3027 575 3094 Etymolog.;
593 3026 642 3080 sed
657 3026 706 3080 lib.
725 3043 743 3091 1,
755 3027 790 3079 de

85 3113 141 3168 reip.
162 3099 204 3154 18.
220 3097 280 3151 haec
295 3097 438 3150 hahentur
460 3113 467 3151 ε
487 3097 581 3162 Panis,
607 3100 673 3165 quio
697 3099 791 3164 coufir-

85 3181 126 3233 κε,
141 3168 202 3221 ideo
218 3182 314 3235 corpus
338 3169 446 3221 Christi
473 3174 669 3236 riuucupatur:
695 3170 790 3222 ui'uinn

85 3240 124 3293 iio
138 3240 299 3302 seirpui'uem
313 3244 442 3308 opeiutur
457 3239 486 3291 iu
497 3254 586 3304 carue,
602 3238 661 3292 ideo
675 3239 712 3291 ad
725 3253 790 3291 sau·

85 3310 169 3363 hristi'
178 3313 307 3373 refertur.

85 3394 125 3433 irie
141 3384 232 3432 eutem
255 3381 304 3434 Dei
329 3381 378 3449 qui
400 3385 438 3432 est
461 3380 543 3447 pariis
562 3379 718 3442 {irrisibilis
734 3382 787 3432 ctc.

85 3450 254 3504 ‚uariauit
273 3456 317 3503 est
336 3449 456 3503 verboru
476 3450 605 3503 divinum
624 3449 789 3503 existerem

88 3524 120 3575 lo
137 3521 222 3573 niodo
239 3520 384 3586 invisibili,
401 3520 429 3573 id
445 3526 487 3573 est
502 3520 635 3584 mirilico,
649 3519 788 3589 singulari

85 3591 146 3645 rab
160 3606 195 3643 eo
211 3606 267 3660 quo
284 3606 334 3660 per
349 3606 431 3644 suam
449 3592 669 3644 immensitatem
693 3591 790 3644 omnia

85 3677 148 3715 icus
167 3661 244 3713 enirn
267 3663 302 3715 ab
326 3661 388 3714 eliis
410 3661 551 3715 creaturis
579 3668 790 3714 sacramentum

85 3731 204 3786 crimine
220 3731 357 3786 diIierret.
372 3736 409 3784 ai
433 3747 500 3784 vero
521 3732 623 3785 modus
638 3731 790 3801 singularis

85 3801 114 3856 iti
144 3801 260 3856 aliunde
283 3818 340 3856 non
368 3802 495 3872 erumpit
518 3818 604 3872 quam
624 3818 657 3856 ex
682 3801 791 3856 unione

85 3872 298 3928 catarticum
320 3888 440 3942 corpore
467 3873 605 3938 humano,
630 3887 681 3944 per
703 3889 790 3944 quam

85 3943 220 4007 edicere,
239 3948 264 3996 et
282 3944 396 3997 Verbum
419 3959 481 3998 caro
501 3946 605 4010 furtiua
621 3945 718 3998 est.Ex
733 3960 790 4013 quo

85 4029 106 4069 a
119 4020 165 4068 est
180 4013 314 4081 Verbum,
328 4015 381 4068 hoc
393 4014 514 4067 Verbum
531 4015 670 4067 exstitisse
683 4015 711 4067 In
727 4015 790 4066 sinu

102 4084 134 4137 in
159 4084 313 4137 crucealia
337 4084 448 4137 ratione
476 4084 600 4138 ulmodo
627 4100 713 4154 quaiu
742 4099 793 4154 prr

85 4158 172 4208 tatem
188 4154 216 4207 iu
233 4156 366 4208 universo
379 4155 486 4209 mundo
497 4160 525 4208 et
536 4157 564 4208 iu
578 4155 793 4208 erunibuscrea-

844 3029 910 3084 deni
927 3032 1116 3080 sacramento.

880 3097 979 3162 οΟιιοά
1005 3101 1097 3150 scaete
1124 3096 1310 3164 accipiendum
1333 3101 1381 3151 est.
1408 3097 1440 3150 Et
1456 3095 1529 3150 inira
1558 3096 1689 3152 ibidem:

845 3168 923 3232 Quod
937 3167 1114 3221 invisibiliter
1136 3168 1174 3220 sit
1188 3166 1383 3234 accipiendum,
1408 3165 1551 3234 Interpres
1566 3167 1689 3220 Gallicus

845 3239 929 3308 hujus
942 3236 1007 3291 libri
1026 3236 1173 3291 Ilatrauini
1192 3236 1260 3289 anui
1280 3238 1355 3302 tore,
1373 3235 1495 3289 intendit
1519 3236 1615 3289 auiinu
1637 3237 1691 3290 huc

845 3308 1028 3379 participhim
1042 3307 1227 3376 accipiendum
1241 3322 1298 3359 nou
1323 3306 1484 3375 signiticare
1498 3306 1691 3375 recipiendum,

844 3379 893 3432 sed
909 3378 1100 3433 assumendum
1113 3383 1141 3431 et
1162 3376 1376 3442 iiiteliiperidum.
1404 3377 1540 3446 Adeoque
1565 3376 1690 3431 traduxit

845 3450 949 3504 Gallice
963 3448 1089 3503 deterius
1103 3448 1175 3516 qaod
1194 3452 1285 3501 saiicte
1299 3448 1485 3517 accipiendam
1500 3452 1526 3500 et
1541 3447 1689 3501 invisibili-

845 3524 934 3575 tersit
948 3519 1145 3588 accipiendum.
1170 3517 1249 3583 Quod
1267 3522 1358 3572 suricie
1377 3517 1568 3572 assciscendam
1588 3522 1613 3572 et
1634 3520 1691 3585 spi·

843 3591 983 3645 ritualiter
1012 3589 1226 3658 intelligendum.
1256 3589 1326 3654 Qu'il
1358 3591 1421 3655 (aul
1446 3588 1564 3657 prendre
1587 3591 1689 3642 sciate-

844 3666 925 3727 meni‚
939 3666 964 3715 et
978 3659 1045 3730 qu‘il
1058 3662 1120 3724 fuid
1131 3659 1257 3713 eriteiidre
1272 3660 1503 3726 spiritucltemeut,
1521 3659 1602 3728 quusi
1618 3659 1690 3728 qitod

844 3738 936 3786 sciicte
954 3729 1171 3784 subaudiendum
1185 3733 1210 3782 et
1225 3730 1410 3797 spii·itua.iter
1425 3728 1608 3794 capitanatum.
1635 3729 1689 3784 Sed

845 3819 879 3856 ex
895 3801 938 3856 bis
954 3801 1134 3856 abundanter
1146 3803 1223 3870 putet
1244 3800 1297 3852 hac
1312 3799 1455 3852 scribendi
1477 3799 1585 3852 ratione
1606 3815 1689 3853 usum

845 3888 906 3927 esse
921 3872 1107 3941 interpretem
1123 3869 1261 3924 Gallicum
1276 3868 1394 3922 diversae
1409 3869 1498 3938 partis
1521 3869 1690 3937 scriptorem

845 3942 1039 4012 utarispicato
1069 3946 1098 3994 et
1125 3954 1262 4010 prospere
1288 3939 1493 4010 suffragaretur
1523 3939 1689 4008 errorique

846 4030 912 4067 suos
927 4012 1079 4067 lasciuaret
1094 4016 1247 4065 sectatores
1259 4009 1381 4073 facilius,
1398 4008 1501 4078 quibus
1517 4008 1689 4078 persuadere

845 4083 938 4138 voluit
952 4098 1024 4152 opus
1040 4097 1100 4135 esse
1115 4080 1269 4136 subaudire
1290 4086 1317 4134 et
1331 4078 1490 4149 Intelligere
1504 4082 1595 4133 totum
1610 4080 1687 4149 qnod

846 4154 876 4208 in
893 4151 1067 4208 Eucharistia
1080 4153 1148 4206 solat
1165 4151 1256 4206 eiiieri
1276 4167 1337 4205 esse
1357 4150 1513 4220 liguratum
1535 4155 1565 4204 et
1583 4148 1688 4219 imagi-

86 4225 171 4279 uibus
187 4226 309 4278 dilucide
324 4227 509 4296 consequitur
523 4225 598 4297 quod
614 4241 678 4279 cuni
691 4226 826 4294 corpuslt
846 4239 967 4290 nosum;
987 4239 1053 4278 cuni
1077 4227 1192 4278 econtra
1216 4223 1388 4278 Retramnus
1407 4221 1523 4274 adnotet
1545 4224 1608 4290 post
1628 4236 1690 4274 sun-

85 4311 169 4350 srum
193 4302 221 4348 et
238 4312 301 4348 vere
316 4296 345 4348 iu
360 4296 424 4350 sinu
441 4296 536 4350 ‚Ilarisa¹
564 4296 704 4350 exstiterit
719 4301 747 4348 et
763 4297 791 4348 in

86 4366 163 4420 ullus
187 4366 335 4419 dubitandi
359 4366 436 4419 locus
458 4367 581 4437 relinqui
607 4372 700 4446 potest
721 4366 790 4436 quin

85 4452 123 4491 ns
136 4435 190 4489 sihi
206 4437 380 4505 persuaserit
394 4437 470 4490 idern
486 4454 590 4506 corpus
605 4454 633 4490 ui
656 4436 792 4490 Euchari-

85 4507 248 4561 aansionem
275 4507 388 4570 habere,
415 4507 678 4577 propterintimaui
705 4523 792 4577 quam

85 4592 113 4631 vn
130 4577 220 4631 Verbo
248 4578 344 4631 diviua
361 4578 497 4630 unionem
513 4595 519 4631 :
537 4593 601 4630 cuin
627 4577 793 4632 totinlocis

85 4662 207 4702 numero
225 4650 256 4702 l'a'
283 4648 453 4716 praesertim,
469 4651 547 4715 nefus
558 4663 614 4702 esse
631 4664 684 4702 uoii
709 4653 794 4703 sotum

85 4733 155 4772 mum
167 4720 249 4771 etium
268 4722 387 4785 cupitore
402 4734 498 4787 corpus
515 4718 622 4772 Christi
636 4722 666 4772 iu
684 4720 793 4772 Euche-

85 4803 161 4844 resse
174 4805 221 4843 scu
235 4805 342 4856 erpere.
360 4790 392 4843 Et
406 4789 520 4857 repetit,
536 4805 616 4843 nuni.
634 4792 678 4853 30,
697 4804 795 4859 poiiem

104 4861 136 4913 in
157 4864 277 4928 corporis
294 4864 320 4914 et
340 4862 483 4925 saiipiiiuis
507 4863 560 4913 mci'
579 4874 706 4914 corrasa
728 4860 793 4914 sub·

85 4971 90 4982 .
107 4929 193 4984 Addit
213 4929 331 4998 iusuper
347 4945 426 4984 num.
448 4935 481 4986 30
500 4936 529 4983 et
545 4931 579 4984 to
595 4931 670 5000 quod
694 4945 796 4999 corpus

85 5000 230 5055 isChristi
252 5003 346 5068 ripere
375 5006 439 5055 suat
466 5001 612 5055 secuudum
634 5002 795 5069 speciemui·

85 5077 112 5125 ot
124 5087 188 5125 aero
212 5072 357 5125 secundem
373 5071 537 5126 invisibilem
560 5072 751 5136 substantiam,
766 5071 797 5124 id

85 5143 112 5195 ai
133 5144 284 5210 poteriticm
314 5144 405 5207 Verbi,
431 5158 492 5196 uere
515 5157 611 5211 corpas
628 5147 653 5196 et
684 5143 796 5207 sanquis

85 5215 202 5268 wirrici.
223 5213 259 5266 Ex
281 5212 324 5266 bis
340 5213 433 5266 verbis
448 5213 618 5281 intelligitur
633 5212 713 5266 facite
729 5211 795 5265 sub·

85 5308 87 5336 i
115 5282 288 5337 invisibilem
319 5283 502 5337 Eucharistiae
527 5299 587 5338 esse
617 5299 681 5336 vere
703 5283 796 5353 ipsum

85 5352 191 5412 {bristi
204 5359 231 5406 et
246 5353 319 5408 banc
333 5353 520 5408 substantiam
536 5354 713 5419 spiritualem
737 5368 798 5406 esse

85 5440 112 5479 m
126 5423 223 5491 VcrhI,
248 5425 375 5495 adeoque
391 5441 455 5478 com
476 5425 515 5478 sit
540 5426 712 5479 Italiamnus
730 5424 798 5477 Ver·

85 5500 162 5549 storo
175 5495 206 5548 in
222 5501 400 5550 sacramento
415 5495 522 5548 sentire
537 5501 566 5548 et
594 5495 755 5548 existimare
770 5494 797 5547 id

85 5565 202 5622 unionis
224 5571 254 5619 at
274 5565 465 5638 colligationis
480 5581 545 5619 curn
566 5581 651 5622 carne
673 5567 800 5622 humana

845 4302 923 4349 ctum
939 4294 1079 4349 Isidorum
1100 4294 1295 4363 hispalensem
1316 4296 1527 4346 sacramentum
1542 4306 1602 4344 rem
1630 4307 1689 4345 esse

846 4382 910 4436 quse
923 4370 1027 4430 sancta,
1044 4364 1098 4417 hoc
1112 4370 1155 4417 est
1174 4364 1219 4433 pie
1235 4361 1428 4417 administrari
1444 4367 1471 4416 et
1487 4361 1595 4432 percipi
1607 4361 1690 4415 dehet

845 4453 911 4490 cuin
926 4435 1110 4506 apparatione
1126 4441 1221 4488 sancta
1236 4450 1242 4488 :
1257 4433 1366 4504 quippe
1385 4449 1450 4486 cum
1465 4431 1542 4486 aliud
1557 4432 1593 4486 sit
1612 4431 1690 4503 quod

847 4508 876 4561 iii
891 4524 924 4560 eo
937 4511 1057 4576 apparet
1067 4509 1095 4559 et
1109 4504 1186 4558 eliud
1210 4504 1285 4575 qood
1304 4504 1435 4558 sensibus
1454 4503 1580 4571 subjecto
1603 4502 1689 4556 modo

847 4577 1030 4649 percipimus.
1046 4576 1134 4630 Porro
1149 4575 1209 4629 haec
1235 4575 1332 4629 oinnia
1359 4574 1440 4627 valde
1462 4577 1624 4642 congruunt
1656 4572 1691 4626 iis

847 4664 911 4718 quae
924 4647 1115 4701 dicitsanctos
1131 4646 1350 4717 Chrysostomus
1363 4643 1484 4698 homilia
1500 4649 1515 4698 7
1531 4644 1561 4697 in
1582 4642 1693 4714 Episto-

849 4720 903 4772 tam
916 4717 1039 4784 primani
1053 4717 1088 4771 ad
1109 4716 1282 4781 CorInthios,
1299 4732 1364 4787 pag.
1386 4717 1459 4770 318:
1488 4715 1691 4770 Sacramentum

848 4789 1027 4857 appellamus,
1043 4789 1172 4856 quoniam
1186 4786 1265 4841 eliud
1279 4787 1416 4841 iutuemur
1427 4789 1457 4840 iii
1470 4801 1499 4840 eo
1516 4801 1599 4854 quem
1613 4785 1692 4838 oide-

848 4874 917 4925 mus,
934 4864 959 4913 el
971 4873 1116 4913 reserares
1131 4859 1202 4914 aiios
1216 4857 1360 4923 credimus,
1376 4873 1458 4926 quem
1472 4872 1540 4925 quus
1559 4855 1691 4909 uidemus.

850 4928 996 4995 Eiusmodi
1010 4931 1079 4984 euim
1093 4934 1133 4983 est
1155 4935 1258 4983 notura
1280 4933 1509 4982 sacramentorum
1527 4932 1690 4980 aestrorum.

849 4998 949 5060 ’Ἁλλὼς
981 4996 1010 5052 di
1057 5005 1179 5072 arripior
1202 4998 1334 5065 καλεῖται,
1358 5002 1398 5050 ὅτι
1420 4997 1467 5049 οὐκ
1494 4997 1558 5070 άπερ
1584 4998 1690 5069 ὁρῶμεν,

851 5068 987 5142 βλέπομεν·
1015 5019 1071 5122 iili*
1102 5071 1174 5143 ἕτερα
1202 5071 1314 5143 ὁρῶμεν,
1347 5073 1390 5120 καὶ
1426 5069 1499 5141 ἔτερα
1528 5069 1690 5135 uicariopri.

850 5143 961 5198 iiiior-i
985 5138 1036 5214 λὰρ
1050 5143 1092 5190 καὶ
1115 5148 1165 5192 τῶν
1188 5144 1339 5214 μυστηρίων
1368 5141 1441 5212 ἡμῶν
1474 5140 1561 5210 φύσις.
1589 5138 1694 5189 Auctor

852 5210 990 5265 versionis
1002 5210 1113 5266 Gallicae
1132 5212 1201 5265 anni
1218 5214 1295 5276 Idri,
1312 5227 1377 5266 cuni
1392 5210 1437 5264 sui
1450 5208 1556 5262 erroris
1576 5219 1695 5259 resnou

851 5288 986 5353 egeratur
1011 5297 1118 5352 suaque
1146 5298 1204 5336 non
1234 5281 1352 5338 ulterius
1375 5280 1513 5334 interesse
1537 5275 1692 5339 videretur,

852 5352 1034 5424 participium
1049 5355 1240 5422 accipientium
1262 5353 1291 5406 iii
1312 5353 1367 5406 reci
1391 5351 1514 5416 icarium,
1539 5345 1695 5411 transtulit,

851 5422 1010 5477 contiuenti
1025 5440 1158 5477 sermone
1175 5440 1253 5478 uum.
1270 5425 1305 5478 ta
1321 5438 1328 5476 :
1374 5423 1444 5474 irtus
1458 5418 1556 5472 diviua
1569 5419 1695 5473 secretius

851 5497 966 5550 satutem
980 5495 1169 5563 accipientium
1186 5495 1304 5563 fideliter
1315 5493 1465 5560 dispenset.
1515 5551 1517 5554 ⁵
