3930 6098
137 276 188 329 scr
931 277 1099 334 casurus.
1398 238 1403 249 ’
1836 282 1887 335 sea

136 426 158 455 ω
172 421 260 477 quem
276 406 373 462 Graece
387 409 469 461 vocat
484 405 637 461 Dominum
654 407 821 478 llegemque
837 408 985 478 Deumque
1004 412 1025 466 Α
1042 407 1173 477 Dumque
1188 408 1262 462 viret
1276 410 1370 477 tellus,
1387 409 1470 464 floret
1483 410 1553 465 dum
1567 409 1647 464 silvis
1659 409 1755 480 opacis

136 494 231 565 Alphe
245 500 274 549 et
288 516 308 546 ω
321 495 397 550 01010
411 496 501 550 Delam
515 495 662 550 bominem
676 511 827 567 unumque
842 511 943 550 serene
985 536 992 548 a
1043 496 1166 550 humosa
1179 496 1358 568 retinentque
1372 498 1447 552 feras
1461 514 1513 569 per
1528 499 1616 553 lustra
1631 498 1761 567 reclines,

137 582 290 654 Explicans
303 583 399 638 vivum
416 600 530 655 semper
542 599 592 653 per
605 586 710 638 soecela
722 584 808 638 saecli.
1042 585 1113 638 llum
1129 600 1228 639 cervus
1245 585 1346 639 leviter
1358 586 1432 640 saltu
1447 587 1490 640 vel
1505 603 1595 641 cornu
1611 587 1739 674 respltat,

138 671 204 724 llaec
218 677 285 725 sunt
300 688 378 726 secra
396 672 446 727 Dei
460 672 593 742 donaque
608 672 679 727 llore
696 672 815 742 perenni
1043 673 1074 726 Et
1089 677 1185 727 torvus
1199 674 1285 728 dente
1299 680 1408 744 pugnet
1420 690 1524 744 porcus
1537 680 1582 729 ter
1596 675 1709 745 obesus,

137 760 317 831 fulgentque
331 766 439 815 aeteruo
453 776 566 831 semper
582 765 612 814 ut
626 760 738 815 lumina
752 761 826 816 coeli.
1040 761 1073 816 El
1089 767 1203 832 reptans
1220 761 1309 816 fluida
1325 764 1469 832 percurrit
1483 763 1604 817 flemina
1620 765 1712 834 piscis,

138 848 204 901 llaec
218 849 339 918 pulchre
352 864 475 920 gemmae
491 848 589 903 rutilat
600 848 665 919 plus
680 849 739 902 sole
755 864 871 903 corusce
1040 852 1113 905 [tum
1131 852 1259 906 volucres
1273 851 1378 922 pennis
1393 853 1466 906 saltu
1482 868 1534 923 per
1549 852 1646 906 inania
1658 852 1790 918 tendunt,

136 936 258 990 Lumine
272 937 342 991 dum
357 942 466 991 mentes
480 943 630 1004 renovant,
643 938 687 991 vet
702 943 777 992 tetra
789 939 949 1010 revincunt.
1041 941 1073 994 Et
1087 946 1180 993 rostro
1195 937 1206 976 ¹
1219 940 1322 1011 pipant
1334 939 1431 994 dulces
1447 956 1499 1011 per
1513 946 1630 1011 gutture
1646 944 1745 994 caetus
1759 952 1783 1007 v,

136 1025 204 1079 thee
216 1024 341 1079 retinent
354 1026 447 1079 claves
461 1025 563 1087 centri,
579 1024 624 1079 vel
637 1026 759 1096 praemia
774 1026 906 1095 pandunt
920 1042 927 1080 ι
1042 1029 1113 1082 [lum
1128 1027 1259 1081 homines
1273 1027 1371 1081 vivunt
1385 1028 1501 1094 mundo,
1518 1029 1587 1082 dum
1602 1033 1694 1082 morte
1709 1028 1848 1092 recidunt,

139 1115 204 1167 llaec
215 1113 419 1184 paradisigena
432 1118 563 1168 recreant
577 1114 712 1185 florigera
726 1115 812 1185 prati.
1040 1117 1113 1171 [tem
1129 1118 1254 1188 sequitat
1268 1132 1373 1187 corpus
1388 1117 1500 1185 umbra,
1513 1132 1599 1189 quam
1611 1116 1739 1171 membra
1750 1116 1883 1184 refingit:

137 1200 253 1273 blystice
267 1201 313 1256 bic
328 1203 417 1256 claret
431 1201 571 1273 quidquid
586 1202 639 1257 sub
654 1203 749 1258 littera
763 1205 862 1274 pallet,
1040 1204 1141 1275 augeli
1156 1205 1224 1258 dum
1242 1205 1312 1258 coelo
1327 1205 1472 1274 clangent,
1490 1204 1636 1274 virtusque
1651 1204 1822 1275 populorum

137 1290 234 1346 Storia
249 1290 370 1361 simplex
385 1290 473 1344 comit
485 1306 556 1361 qnos
571 1289 664 1345 ethica
678 1291 792 1346 format.
868 1315 873 1324 ·
1038 1294 1154 1346 AEterua
1167 1292 1273 1362 pietate
1288 1292 1339 1346 Dei
1353 1292 1512 1364 pangitque
1526 1293 1672 1363 perennis,

136 1377 187 1431 uic
200 1378 300 1449 potum
316 1378 430 1432 dulcem
444 1377 517 1433 bibit
532 1379 582 1449 qui
595 1379 692 1433 salaria
707 1380 814 1435 sumit:
1041 1384 1096 1439 Lex
1109 1383 1213 1440 Christi
1231 1383 1297 1437 vivit
1312 1398 1426 1454 semper
1440 1398 1528 1454 super
1542 1384 1650 1438 aethera
1664 1382 1740 1437 felix.

136 1468 186 1521 1110
202 1467 283 1521 cibus
297 1467 381 1521 satiat
395 1466 482 1521 corda
495 1467 638 1538 pesteque
653 1468 761 1522 refovet
776 1484 783 1522 :
1040 1474 1103 1526 llaec
1117 1472 1179 1526 sola
1191 1472 1277 1526 verba
1291 1471 1381 1526 nescit
1394 1487 1459 1525 curn
1476 1471 1585 1525 mundo
1600 1470 1709 1525 senesci

137 1555 283 1609 1110000111
297 1555 374 1609 clara
388 1555 440 1610 uei
455 1554 556 1611 mundi
571 1555 621 1627 qui
636 1561 712 1611 certe
726 1556 868 1611 tenebras.
1039 1562 1113 1616 Dum
1128 1565 1245 1615 resonat
1258 1560 1362 1614 sanctis
1376 1559 1447 1614 coelo
1464 1565 1530 1631 pust
1544 1560 1668 1614 termino
1683 1560 1780 1613 vivens

135 1643 267 1697 Vibranti
279 1642 360 1697 radio
373 1642 480 1711 vicunt,
497 1648 525 1698 el
540 1644 619 1698 fulva
635 1649 780 1700 serenant.
1039 1649 1183 1719 Corporea
1197 1648 1287 1703 moles
1299 1648 1365 1702 10110
1377 1648 1502 1703 resoluta
1506 1687 1584 1714 .......
1600 1646 1695 1702 ruebit

137 1732 191 1786 Lex
208 1730 336 1803 pretiose
349 1732 422 1788 nitet
437 1732 511 1786 miro
527 1733 650 1787 caudore
665 1733 814 1789 nivescens
1005 1709 1025 1764 B
1040 1736 1162 1807 Spiritus
1177 1751 1244 1791 nam
1259 1735 1329 1790 vivit
1343 1736 1445 1791 merito
1458 1751 1544 1807 super
1559 1736 1665 1790 aetbera
1679 1739 1776 1789 vectus
1791 1736 1805 1778 h

136 1820 271 1876 Lecidior
284 1821 342 1875 sole
356 1819 479 1892 fulgenti
495 1821 603 1875 murice
618 1821 691 1876 cicli.
1038 1825 1188 1881 Sermones
1200 1823 1256 1878 vivi
1268 1823 1349 1879 vitali
1362 1824 1432 1878 flate
1448 1823 1587 1890 revivunt,

136 1908 244 1966 Cuncta
259 1909 344 1964 simul
356 1908 498 1982 quidquid
514 1911 663 1965 mundana
676 1910 796 1982 lingitur
809 1913 870 1966 frte
1039 1914 1074 1968 Et
1084 1917 1149 1985 post
1164 1928 1294 1967 occasum
1309 1911 1412 1966 mundi
1427 1927 1513 1984 seper
1524 1917 1600 1967 astra
1615 1915 1769 1981 resurgunt

137 1999 201 2053 llaec
216 2005 356 2071 superant
367 1999 471 2054 merito
486 2015 543 2071 quo
556 2000 628 2054 coelo
644 2000 769 2054 culmine
785 1999 871 2063 venit,
1038 2001 1083 2057 Sic
1099 2001 1240 2072 quidquid
1255 2000 1313 2054 divi
1328 2005 1371 2055 est
1383 2016 1530 2071 nunquam
1546 2016 1595 2071 per
1609 1999 1667 2055 line
1682 1998 1820 2071 putrescit

136 2087 274 2141 lnlustrat
288 2086 393 2158 pietate
407 2088 457 2142 Dei
471 2104 544 2159 quos
559 2088 636 2143 lusca
651 2089 792 2143 tenebrat.
1039 2088 1092 2144 Sed
1110 2088 1212 2142 missus
1226 2088 1312 2142 terris
1327 2104 1441 2159 semper
1455 2088 1560 2144 virtute
1571 2089 1695 2143 virescit.

136 2175 183 2229 llic
197 2179 294 2229 textus
309 2191 367 2230 uuo
383 2176 503 2230 milleno
519 2176 634 2231 tramite
650 2176 749 2247 pollet,
1040 2179 1120 2232 Nunc
1134 2181 1222 2231 restat
1236 2176 1330 2247 promi
1346 2192 1403 2247 quo
1420 2176 1478 2231 sint
1493 2178 1654 2249 conscripta
1665 2177 1798 2249 jubente,

133 2262 267 2335 Explicat
282 2268 311 2318 01
324 2263 419 2318 verbis
432 2264 525 2336 planis
540 2279 704 2336 magnaque
717 2265 832 2319 revelat.
1039 2265 1088 2320 Vel
1102 2265 1183 2335 cujus
1199 2281 1285 2336 opere
1300 2269 1367 2319 sunt
1379 2269 1545 2336 aggregate,
1561 2265 1661 2319 rideri.

130 2349 175 2404 Sic
189 2350 305 2421 placide
319 2351 408 2406 currit
422 2352 509 2419 unda,
523 2357 556 2407 et
570 2353 628 2407 alta
642 2352 748 2424 figuret
762 2369 769 2407 ι
1039 2354 1103 2408 11100
1117 2352 1280 2423 Leovegildi
1293 2353 1375 2424 vigor
1389 2352 1482 2407 obiter
1496 2352 1525 2406 in
1540 2368 1599 2407 eno
1613 2351 1726 2422 redegit

128 2438 174 2494 Sic
190 2441 251 2494 alte
265 2445 380 2495 resonat
394 2440 529 2509 breviter,
545 2444 578 2495 ut
592 2456 681 2512 parva
695 2441 802 2495 reviset
816 2458 823 2495 ε
1038 2441 1225 2513 Septuaginta
1239 2443 1311 2496 duos
1326 2441 1430 2496 mitens
1445 2440 1497 2495 sub
1511 2440 1630 2511 vargina
1644 2440 1652 2475 ¹
1666 2439 1760 2495 biblos
1778 2455 1785 2492 :

122 2527 263 2583 Obscura
277 2529 392 2600 sapiens
406 2534 526 2584 centena
540 2545 626 2584 sensu
639 2529 769 2601 requirit,
1037 2530 1092 2597 Qui
1104 2530 1200 2586 Getice
1214 2530 1277 2585 lece
1291 2530 1393 2601 fulget,
1409 2530 1453 2584 vel
1468 2530 1551 2600 copia
1564 2528 1645 2583 fandi

120 2619 242 2687 Aperte
255 2618 377 2687 simplex
387 2617 477 2672 ambit
492 2618 640 2689 mentique
656 2617 794 2672 recondit.
1037 2618 1190 2674 Germinal
1212 2619 1256 2673 rel
1272 2618 1370 2690 lingue
1382 2619 1471 2673 claret
1482 2633 1534 2688 per
1546 2621 1678 2688 tempora
1690 2615 1775 2671 saecli.

115 2704 196 2760 rvaec
214 2705 348 2759 doctrina
362 2711 465 2777 potens
478 2705 573 2760 reneri
589 2706 769 2777 ⁸splendore
783 2711 913 2760 coruscat
1038 2709 1104 2761 Post
1116 2712 1214 2761 sancta
1230 2707 1345 2761 Domini
1357 2707 1423 2777 jere
1438 2707 1553 2761 laudata
1568 2704 1637 2760 lidei

112 2792 267 2864 'fur-gens
280 2793 325 2848 cui
339 2794 414 2848 cedit
427 2795 475 2849 1110
492 2811 556 2866 quae
572 2801 676 2866 torque
691 2795 825 2849 tumescit
1039 2794 1156 2866 Expedit
1168 2801 1199 2849 ut
1211 2794 1320 2848 cunctis
1335 2800 1430 2848 nostra
1445 2794 1505 2848 baec
1520 2794 1641 2847 buccina
1654 2796 1736 2846 sonet
1752 2809 1759 2846 ;

112 2882 252 2939 Μ1110110
268 2883 357 2953 pollet
368 2883 445 2937 douo
459 2883 511 2954 qui
525 2884 586 2938 zelo
600 2883 669 2938 fidei
1037 2886 1155 2939 Alvarus
1173 2884 1232 2938 baec
1248 2884 1365 2938 metrice
1378 2884 1465 2954 longa
1481 2899 1531 2954 per
1545 2883 1628 2936 saecla
1643 2882 1752 2944 reboat,

107 2972 215 3027 Clara
230 2971 291 3041 poli
304 2973 413 3041 releget
426 2975 529 3039 castus,
543 2973 708 3043 justusque,
723 2970 856 3043 piusque.
1001 3008 1022 3063 C
1039 2975 1071 3027 Et
1082 2973 1154 3027 cinis
1168 2973 1199 3027 in
1213 2973 1339 3026 cinerem
1354 2988 1463 3033 versus,
1479 2972 1529 3026 sed
1542 2971 1643 3042 lingua
1659 2975 1784 3024 resonat.

101 3064 154 3116 Ar
173 3058 318 3131 quisquis
334 3059 431 3113 hirsus
444 3075 535 3114 caecus
551 3061 612 3114 haec
626 3066 724 3114 mente
740 3059 864 3126 resolvit,
1035 3063 1075 3117 Tu
1089 3061 1139 3133 qui
1153 3061 1225 3132 legis
1237 3066 1333 3115 nostra
1348 3075 1521 3130 quocunque
1533 3065 1676 3129 tempore,
1694 3059 1790 3125 lector,

100 3144 248 3204 Hilleno
262 3152 337 3201 tetro
351 3147 480 3210 fuscatur
496 3164 583 3202 sensu
598 3152 732 3203 retortus.
1035 3150 1073 3204 Te
1088 3150 1181 3203 recole
1196 3148 1280 3203 nobis
1294 3148 1403 3203 socium
1419 3163 1470 3218 per
1484 3152 1574 3201 morta
1589 3147 1731 3201 fetorum.

103 3236 180 3294 Lex
199 3236 273 3292 fidei
287 3235 366 3291 fideli
381 3237 470 3291 currit
484 3253 658 3309 semperque
669 3236 762 3292 tidelis
1036 3238 1148 3308 Rumpe
1164 3253 1257 3291 moras
1273 3238 1350 3299 vitre,
1364 3252 1470 3307 quasso,
1486 3235 1644 3306 tumbaque
1661 3238 1790 3288 retrusus

100 3325 224 3392 Quam
237 3339 373 3395 perverse
389 3325 446 3379 viat
460 3327 473 3369 b
487 3341 639 3397 perversus
653 3325 736 3380 corde
751 3323 874 3381 rebellis.
1035 3325 1147 3389 eranta
1160 3325 1236 3378 selus
1251 3324 1357 3379 nostris
1371 3329 1487 3378 maneat
1500 3338 1617 3377 narrare
1633 3322 1686 3376 sub
1701 3320 1829 3375 umbras.

101 3411 202 3470 Unio
220 3417 256 3468 ut
269 3413 376 3467 conclis
389 3414 486 3478 claret,
499 3413 668 3485 candetque,
683 3413 829 3485 nivetque.
1036 3415 1174 3469 Nuntium
1192 3420 1224 3468 ut
1240 3412 1340 3468 mundi
1356 3412 1463 3466 referas
1478 3427 1530 3482 per
1546 3411 1626 3465 sedes
1641 3424 1744 3481 opacas

96 3501 233 3576 Sisque
248 3502 324 3556 Dens
336 3501 465 3557 Christus
481 3502 570 3573 pollet
582 3502 635 3556 sub
649 3501 744 3556 littera
758 3507 850 3556 tectus
985 3510 988 3514 ’
1036 3502 1104 3568 Quis
1119 3502 1204 3572 bene,
1219 3502 1284 3574 quis
1300 3503 1383 3569 male,
1400 3500 1464 3572 quis
1481 3500 1574 3554 medic
1589 3499 1753 3570 gaudetque
1768 3500 1883 3569 gemel·

97 3589 117 3643 1
122 3608 185 3665 pse
204 3589 338 3644 iacintus
351 3590 429 3644 adest
444 3590 552 3643 undose
566 3590 649 3644 nobis
665 3606 830 3661 aquescens,
1789 3583 1858 3658 [que
1874 3598 1881 3637 :

95 3679 272 3736 Obscoeua
285 3683 412 3749 tergens,
425 3693 565 3733 renovans
580 3679 676 3733 albore
693 3679 865 3749 redemptos.
1034 3680 1107 3745 Quid
1123 3681 1247 3734 mundus
1261 3694 1343 3733 sceva
1358 3678 1448 3732 falens
1463 3693 1540 3731 nunc
1554 3682 1615 3731 arte
1630 3675 1757 3748 refingit,

95 3765 235 3843 Igneus
248 3767 297 3822 hic
313 3766 450 3823 Dominus
463 3767 577 3839 fulgens
590 3767 782 3822 carbunculus
797 3777 807 3802 ⁰
821 3768 910 3834 ardet,
1035 3769 1089 3835 Qui
1105 3774 1219 3822 maneat
1232 3767 1303 3821 vivis
1319 3782 1399 3820 error
1413 3773 1579 3838 quantaque
1593 3765 1717 3832 rebellis,

97 3855 200 3913 Dum
221 3859 330 3926 purgat
344 3855 452 3925 probra
467 3855 592 3909 flammis
606 3860 634 3910 et
646 3853 783 3910 lumined
799 3855 902 3920 vibrat,
1036 3860 1101 3913 llaec
1113 3873 1179 3912 vera
1191 3857 1317 3910 refutans
1331 3870 1430 3927 pugna
1444 3859 1600 3924 consurgat
1613 3853 1722 3915 inanis;

95 3948 309 4014 AEternoque
324 3944 419 3998 virore
433 3943 533 4014 vigens
549 3949 581 3998 ut
596 3950 675 3998 certa
689 3945 870 4015 zmaragdus,
1035 3945 1133 4010 Qualis
1146 3945 1297 4015 honorque
1312 3959 1396 3997 cavus
1409 3943 1488 4013 regia
1501 3957 1577 3996 nuuc
1591 3940 1676 3995 corda
1691 3938 1801 3994 deleret

96 4032 222 4099 Quem
235 4031 388 4086 duodenus
402 4032 473 4086 crdo
486 4031 616 4101 lapidum
631 4047 682 4102 per
696 4032 779 4086 secla
792 4032 915 4094 decoret,
1035 4034 1104 4099 Qua
1120 4033 1178 4088 sint
1194 4032 1309 4088 delicias
1324 4032 1399 4086 llrrxe
1415 4031 1581 4101 liquideque
1596 4028 1702 4083 caduce

95 4120 283 4191 Quemque
298 4123 456 4190 quaterque
472 4120 534 4173 seui
550 4120 676 4175 seniores
691 4119 767 4174 flexu
784 4123 899 4174 venerat
1036 4123 1105 4188 Quae
1120 4121 1188 4177 dum
1205 4121 1387 4191 stringuntur
1401 4119 1498 4190 digitis
1513 4123 1546 4173 ut
1560 4116 1639 4171 limfa
1654 4115 1797 4186 refugunt.

99 4209 242 4283 Poplite
259 4207 325 4261 ⁰sic
336 4207 424 4262 curbo
441 4207 663 4278 Dourinumqrre,
681 4209 864 4279 Aguumque,
882 4208 984 4261 Deum·
1037 4213 1158 4266 Pronsas
1168 4213 1183 4254 k
1195 4225 1281 4264 noxas
1296 4210 1435 4280 lacrymas
1446 4213 1476 4261 te
1490 4206 1610 4261 fundere
1624 4207 1722 4273 lector,

903 4295 981 4367 [que.
1003 4306 1024 4360 Ι)
1037 4299 1082 4354 Sic
1095 4300 1192 4369 culpas
1207 4297 1338 4369 proprius
1351 4312 1448 4351 careas
1459 4295 1512 4349 sub
1522 4293 1619 4366 judice
1634 4292 1747 4351 Christo

100 4387 188 4442 flaec
207 4385 258 4438 lex
271 4387 378 4438 aeterna
390 4399 506 4454 semper
520 4384 589 4438 darm
606 4382 689 4437 secla
702 4384 824 4438 recurrit
1038 4389 1070 4443 Et
1082 4386 1172 4442 centri
1187 4387 1280 4440 valeas
1292 4385 1400 4440 celsum
1415 4384 1550 4438 scandere
1564 4381 1689 4437 tribunal

102 4474 251 4529 Naviter
263 4487 370 4526 sonans
384 4471 465 4526 nullo
477 4471 530 4527 snb
545 4470 668 4526 termino
684 4472 780 4526 clausa
1037 4474 1156 4527 Praestet
1168 4473 1216 4526 ille
1232 4473 1307 4527 Deus
1321 4472 1397 4526 trino
1412 4471 1462 4542 qui
1475 4469 1593 4524 nomine
1608 4470 1699 4540 pollet
1747 4508 1749 4511 -

102 4565 204 4620 Dum
223 4558 268 4615 sol
281 4560 344 4615 lece
359 4576 411 4614 sua
425 4560 529 4615 coelum
541 4560 586 4616 vel
603 4565 676 4615 terra
689 4566 813 4624 serenat,
1038 4561 1213 4617 Christicolis
1228 4560 1312 4616 nobis
1325 4559 1455 4631 requiem
1468 4574 1521 4630 per
1530 4558 1641 4613 sreculis
1655 4573 1750 4612 amen.

101 4650 228 4706 Cintia
243 4648 314 4703 dum
330 4653 427 4702 noctes
441 4647 531 4704 comit
542 4655 571 4703 et
582 4654 659 4703 terra
672 4648 794 4721 relegat,
1437 4684 1481 4738 lx·

105 4737 289 4809 stelligera
302 4736 393 4792 centri
409 4737 488 4791 varia
504 4736 572 4792 dum
590 4737 684 4792 sidera
700 4737 823 4805 vibrant,

107 4829 208 4882 Dum
222 4831 326 4880 ventus
340 4826 431 4880 nubes
446 4825 562 4890 format,
580 4826 649 4880 dum
663 4825 742 4880 enda
755 4830 880 4893 resonat,

110 4916 269 4986 Dumque
282 4913 343 4985 poli
358 4919 440 4986 porta
455 4930 561 4986 magna
574 4913 680 4969 virtute
692 4914 826 4970 retundat
1040 4919 1060 4972 E
1074 4917 1156 4984 coelo,
1173 4916 1303 4983 Domine,
1317 4916 1392 4970 clara
1407 4915 1513 4971 virtute
1528 4930 1655 4980 corusca,

116 5003 270 5058 Fulmina
284 5005 353 5058 dem
367 5005 486 5059 rutilant
500 5003 568 5058 forti
579 5003 705 5073 jaculata
718 5003 838 5066 lacertu,
1040 5003 1112 5058 Crux
1127 5002 1239 5073 insigne
1255 5003 1349 5070 micat,
1366 5002 1480 5073 fulgens
1496 5017 1582 5073 super
1596 5001 1703 5055 aethere
1715 4998 1793 5053 felix.

1224 4807 1284 4846 lm
1303 4806 1402 4847 11118118
1421 4807 1449 4845 IN
1468 4805 1561 4846 CRUClS
1579 4804 1698 4845 munau.

173 5184 186 5211 ⁸
199 5178 227 5232 F.
243 5179 333 5233 001011.
1075 5178 1165 5244 viis,
1180 5183 1284 5232 centos.

175 5248 228 5303 11.
244 5252 328 5303 citet.
1075 5249 1166 5311 hus„
1182 5253 1312 5304 revectus.

176 5319 469 5457 :sempev-
1072 5319 1274 5456 turture?

179 5460 260 5527 eils,
277 5461 375 5529 Populi
388 5466 422 5515 te.
1075 5463 1088 5505 l
1105 5460 1144 5525 1.,
1156 5476 1207 5531 pro
1219 5465 1334 5516 nostros.

181 5526 262 5586 ¹tls.
280 5534 380 5586 1110110.
