3930 6098
159 209 211 264 459
841 202 969 258 ALVARI
988 199 1230 258 CORDUBENSIS
1436 154 1437 158 ¹
1858 202 1910 255 ruo

159 347 244 412 oculo,
270 346 381 400 livorem
404 357 454 412 pro
474 342 558 394 liuore
581 341 701 394 animam
726 355 776 408 pro
796 341 889 393 anima
905 338 1004 409 (daed.
1025 336 1170 392 Ariorem
1183 353 1244 391 esse
1264 336 1344 406 dicit,
1362 351 1448 408 quam
1464 341 1492 391 et
1515 341 1614 393 noster
1642 337 1809 392 Braeharius
1830 336 1911 391 attie-

158 449 213 496 xxr,
238 432 295 502 22).
323 431 404 485 Vides
430 445 498 499 ergo
522 427 678 499 figuratum
708 428 738 481 in
769 431 849 481 utero
881 427 1006 480 animam
1060 425 1773 496 mavitzaugustinusveroquintamPriseilliani
1792 424 1911 479 dimittit

159 523 295 592 accipere.
1060 513 1145 568 simul
1170 518 1200 568 et
1215 517 1338 584 quatuor
1351 513 1485 567 cornibus
1503 512 1630 567 favorem
1646 529 1730 567 suum
1746 513 1863 575 ademit,
1884 516 1910 565 et

194 611 219 663 4.
235 611 304 662 Nam
332 612 360 661 et
379 609 470 660 mater
485 609 595 676 septem
624 605 751 659 liliorum
781 604 843 658 ait:
870 605 925 659 Nec
952 620 1005 675 ego
1060 604 1113 658 soli
1131 603 1321 657 Dsiseientiae
1349 602 1479 672 reliquit:
1496 602 1549 656 hoc
1568 602 1687 672 pulchre
1712 601 1909 672 singulariter,

158 697 227 768 quid
241 705 253 730 ⁸
269 695 347 749 robis
366 695 397 748 in
422 699 503 749 utero
522 694 650 748 membra
672 693 815 763 compegi,
847 694 895 747 sed
921 694 1004 748 usus.
1059 698 1090 746 ut
1105 691 1239 759 rsor‚ille
1255 691 1380 756 sentivit,

75 814 77 821 ·
158 786 191 840 Et
206 785 309 838 iterum
324 784 384 854 ipsa
396 783 523 853 loquitur
540 799 545 834 :
564 783 619 836 Nec
632 797 686 852 ego
699 782 826 835 animam
844 781 1005 848 vobisdedi,
1095 779 1121 832 6.
1139 780 1208 833 Nam
1227 778 1396 849 ambiguum
1409 777 1523 832 videtur
1549 794 1742 850 nequaquam,
1767 784 1798 833 nt
1819 777 1910 847 parri·

156 872 204 926 scd
222 873 295 926 Deus
320 871 538 940 eonapaginator
562 871 703 940 corporis,
732 874 759 924 et
787 870 904 924 liniator
927 870 1007 924 omni
1059 867 1173 920 tasmei
1197 883 1297 922 sensus
1315 868 1441 938 attingit,
1459 872 1489 920 ut
1513 873 1700 938 regeneretur
1724 883 1828 938 eorpus
1854 883 1910 919 me-

156 960 448 1030 earneetlignrator,
464 958 591 1011 animam
610 958 689 1012 robis
710 958 789 1012 dedit
816 960 852 1026 (ll
869 960 938 1013 Mae.
957 975 1004 1024 ru,
1059 956 1161 1011 tullum
1185 956 1377 1022 insensatum,
1399 956 1453 1010 nisi
1480 972 1545 1010 cum
1575 973 1625 1009 sna
1646 957 1753 1024 anima,
1782 971 1848 1009 cum
1875 956 1910 1009 sit

154 1049 211 1117 22).
240 1051 272 1102 nt
296 1048 371 1117 apud
399 1047 498 1100 lsaiam
523 1047 562 1100 sie
591 1047 681 1101 dicit:
709 1050 839 1102 Dominus
867 1050 938 1102 Deus
959 1050 1008 1116 qui
1060 1044 1094 1097 de
1123 1045 1221 1110 Adam,
1250 1044 1340 1099 factus
1368 1050 1411 1098 est
1437 1043 1466 1098 in
1496 1042 1623 1098 animam
1655 1044 1758 1108 rivam,
1785 1049 1813 1097 et
1845 1049 1909 1114 post

155 1140 276 1206 manauit
292 1139 394 1202 calum,
411 1141 435 1188 et
448 1136 577 1190 solidarit
590 1141 700 1202 terram,
715 1142 739 1190 et
755 1152 813 1205 pua
833 1138 862 1189 in
883 1152 914 1189 eu
931 1141 1004 1201 stou,
1059 1135 1251 1203 transgressor
1277 1133 1419 1204 apparuit,
1459 1137 1486 1186 et
1524 1139 1589 1204 post
1618 1138 1766 1205 peecatum
1808 1132 1910 1203 genuit

65 1259 68 1262 <
155 1225 205 1279 dat
224 1229 319 1293 [tottam
339 1225 490 1278 bominibus
508 1227 556 1292 qui
575 1240 656 1293 super
675 1241 734 1278 cum
753 1229 827 1289 salet,
843 1229 868 1278 et
891 1227 1005 1293 spiritus
1059 1221 1152 1275 Kaim.

154 1314 555 1380 calcantibuseum(lsa.aau‚
578 1316 614 1383 ὅ).
640 1313 824 1367 labbitem:
851 1314 932 1379 Quem
960 1314 1006 1367 da·
1093 1313 1120 1363 7.
1147 1311 1294 1363 Perunum
1319 1306 1491 1381 [bominem]
1517 1308 1775 1379 inquitapostolus
1793 1308 1907 1372 l’aulus,

155 1417 212 1456 cere
226 1400 359 1455 uoluisti?
374 1417 532 1455 reoreueeum
555 1403 681 1469 oecidecit
695 1405 892 1471 spiramentum
909 1401 1005 1455 tuum?
1058 1399 1183 1451 introiret
1196 1401 1335 1466 peccatum
1349 1399 1378 1450 tn
1402 1397 1544 1458 mundum,
1566 1401 1653 1465 etper
1665 1402 1805 1466 peecatum
1823 1413 1906 1450 mors.

156 1491 212 1556 (Job
236 1506 309 1555 narr,
335 1491 372 1559 4).
410 1491 442 1543 Et
469 1489 575 1542 isaias:
608 1492 736 1543 Dominus
761 1492 829 1543 Deus
859 1496 930 1557 tetus,
956 1493 1005 1560 qut
1059 1485 1320 1556 Exunoequidem
1345 1485 1433 1540 adam
1447 1485 1531 1554 caepit
1545 1485 1574 1538 in
1593 1484 1648 1538 hoc
1665 1485 1773 1538 mundo
1785 1501 1908 1554 regnare

152 1581 271 1648 pieetttc
286 1593 393 1632 seruum
405 1579 459 1631 sibi
474 1581 502 1631 tn
521 1584 596 1631 utero
612 1577 681 1647 (Iso.
701 1594 766 1644 ran,
783 1579 839 1644 Ἃ).
854 1580 888 1633 Et
905 1578 1004 1632 Esdras
1059 1581 1217 1644 peecatum,
1235 1580 1263 1628 et
1286 1578 1410 1641 regnauit
1426 1578 1454 1628 iu
1465 1591 1507 1628 eos
1530 1578 1578 1642 qut
1596 1577 1680 1629 secuti
1694 1581 1757 1628 suut
1773 1578 1910 1643 perarari·

154 1668 325 1731 Sotusestu‚
352 1667 434 1730 Deus,
460 1671 485 1719 ct
508 1682 563 1719 uera
580 1668 726 1734 plasmatio
746 1672 804 1733 tuo,
838 1683 885 1720 uos
910 1683 1003 1721 sumus
1024 1638 1173 1717 Bcationis
1201 1663 1270 1717 Adae
1295 1663 1512 1729 similitudinem,
1543 1667 1570 1717 et
1597 1669 1749 1733 propterea
1768 1663 1909 1732 judicium

154 1770 235 1824 opera
254 1770 382 1807 etiannum
397 1759 515 1820 tuarum,
535 1757 606 1807 sieut
625 1756 727 1808 loeutus
752 1770 777 1808 es
792 1758 840 1823 qut
855 1759 953 1809 visitas
975 1758 1005 1808 in
1058 1766 1092 1804 eu
1107 1767 1158 1804 uno
1183 1755 1212 1803 tn
1233 1751 1480 1805 condemnationem
1504 1754 1588 1808 (Rom.
1613 1767 1639 1819 r,
1665 1754 1773 1817 tn-tat.
1791 1753 1823 1805 Et
1844 1768 1908 1805 rur-

106 1874 109 1878 ·
153 1846 265 1896 matrice
290 1845 455 1911 plasmatum
474 1858 580 1912 eorpus,
605 1848 719 1911 prestas
739 1845 867 1910 rnembra,
898 1859 1001 1898 caasser·
1058 1856 1121 1892 sum
1139 1856 1144 1893 :
1164 1841 1216 1892 Per
1229 1857 1316 1892 tinum
1334 1857 1437 1894 noram
1454 1841 1543 1894 Adam
1560 1841 1651 1910 gratia
1673 1857 1793 1910 regnare
1808 1843 1907 1911 coepit,

152 1935 272 1985 uatortu
292 1934 423 1997 ipsaemet
443 1948 554 2000 aqetam,
571 1937 618 1985 tua
642 1934 851 1986 arrationarem
868 1933 1003 1987 meresibus
1057 1943 1110 1998 per
1129 1928 1328 1998 justitiaeque
1351 1929 1483 2000 regnarit
1509 1929 1538 1982 in
1565 1929 1707 1983 omnibus.
1734 1929 1813 1993 Quod
1840 1946 1907 1982 vero

150 2022 260 2088 patitur
275 2020 481 2087 plasmationem
509 2025 640 2073 secreturus
667 2025 728 2085 tuae,
752 2036 783 2073 ea
805 2037 864 2090 qua
891 2024 920 2074 tn
943 2024 1002 2089 ipso
1056 2015 1235 2084 supradictus
1252 2016 1570 2087 Hieronymuseximius
1584 2032 1672 2071 novas
1689 2018 1799 2071 animas
1814 2018 1907 2070 creari

153 2113 245 2160 creata
268 2112 317 2173 cst,
335 2113 365 2159 ut
389 2109 567 2162 seruetur.dt
596 2107 705 2176 quanda
726 2110 824 2162 iterum
851 2109 1003 2163 reddiderit
1056 2117 1121 2156 crim
1137 2103 1221 2156 sociis
1235 2105 1377 2174 praedicat,
1405 2110 1434 2158 et
1459 2105 1579 2175 siugulis
1601 2105 1907 2175 corporibussingulae

152 2195 271 2258 mretrtct,
288 2209 347 2262 qaia
370 2195 558 2247 inenarrata
580 2197 695 2261 fueruat,
719 2197 848 2264 imperas,
873 2201 903 2250 ut
926 2201 951 2250 et
972 2199 1002 2250 in
1056 2189 1155 2258 inseri,
1181 2198 1242 2246 eta
1266 2193 1348 2247 beato
1363 2194 1524 2264 brigustiuo
1552 2193 1672 2249 dubium
1689 2194 1767 2264 poni,
1784 2194 1906 2264 quaestio

79 2279 83 2285 '
118 2301 124 2317 ·
152 2282 288 2347 mensures,
313 2284 360 2334 poc
382 2287 431 2351 est,
455 2285 596 2348 mamillis,
622 2284 775 2351 praeteatur
796 2285 846 2351 lae,
869 2287 999 2352 fructum,
1056 2277 1782 2352 durnetobscuraetnednsoperosus,arduuset
1802 2281 1905 2336 diluci-

152 2372 349 2436 mama'tlarum,
383 2376 409 2424 et
432 2373 576 2424 nutriatur
604 2371 676 2439 quod
705 2373 873 2440 plasmatum
905 2379 944 2428 est
971 2377 1001 2428 e'u
1055 2365 1711 2435 lis,tllssssxlsissflblllflselwli000⁵⁰lubill⁵·

151 2457 372 2525 uterotltsb'sde.
388 2475 445 2524 verr,
463 2463 477 2510 l
495 2459 561 2526 seq.)
1091 2458 1117 2509 8.
1135 2457 1294 2511 llireximus
1314 2458 1394 2512 robis
1409 2459 1488 2512 illam
1511 2460 1724 2514 adnotationem
1744 2459 1906 2514 ltammetis

188 2550 213 2599 5.
236 2549 330 2600 Cesset
344 2546 461 2599 assertio
480 2545 649 2615 pravissima
676 2547 762 2600 nullis
785 2548 1000 2603 auctoritatibus
1054 2543 1183 2599 haeretici
1199 2546 1229 2599 in
1245 2547 1333 2600 linem
1350 2547 1478 2617 epistulae
1491 2549 1608 2617 hujusce
1621 2548 1746 2619 ascripti.
1762 2548 1853 2603 Simul
1876 2553 1906 2600 et

152 2634 327 2688 confirmata.
347 2637 440 2688 Cesset
462 2635 551 2700 Plato,
569 2634 621 2704 qui
634 2634 703 2688 dicit
726 2636 834 2689 sontem
857 2654 918 2689 esse
940 2639 1000 2691 ani·
1054 2633 1170 2703 qualem
1186 2634 1349 2688 invenimus
1365 2636 1439 2704 apud
1464 2637 1587 2705 majores
1610 2641 1720 2706 partera
1746 2637 1825 2690 illam
1841 2653 1904 2690 ora.

153 2737 276 2775 marum.
299 2722 395 2776 Cesset
414 2722 598 2791 Esunogenes,
614 2723 664 2792 qui
678 2723 747 2777 dicit
763 2724 832 2777 nibil
849 2731 912 2794 post
927 2742 1000 2778 rnor-
1054 2720 1140 2773 tionis
1158 2725 1304 2790 vualterius,
1334 2739 1420 2792 quum
1447 2724 1615 2795 inquiristis.
1641 2725 1785 2791 Maturius,
1810 2725 1905 2780 utui-

152 2815 210 2864 tem
226 2810 372 2863 honriuem
388 2810 528 2864 futurum.
548 2812 641 2864 Cesset
656 2812 865 2882 Epicu1·us,qui
882 2819 1000 2867 testatur
1053 2823 1117 2861 cero
1139 2808 1190 2877 uit,
1219 2809 1246 2863 id
1272 2817 1322 2873 est,
1353 2811 1484 2869 velocius
1514 2812 1607 2879 citiam,
1642 2813 1780 2868 festinius.
1820 2813 1906 2868 Vides

152 2898 188 2951 ad
215 2899 335 2952 invicem
353 2914 463 2952 earum,
492 2899 587 2953 Cesset
604 2899 806 2954 nefandissima
829 2907 906 2954 secta
934 2901 1000 2956 Sad-
1018 2928 1036 2981 C
1054 2896 1121 2967 quia
1136 2897 1303 2952 adverbium
1319 2904 1370 2965 est,
1388 2917 1404 2953 a
1419 2901 1505 2954 verbo
1526 2906 1657 2967 enataret,
1681 2902 1708 2956 id
1726 2907 1778 2967 ast,
1795 2903 1905 2956 accele-

152 2987 329 3047 ducaeorum.
352 2987 589 3041 resurrectionem
622 3004 740 3057 negans.
767 2989 862 3042 Cesset
890 2989 997 3043 Aristo·
1054 2992 1110 3053 rat,
1130 2986 1348 3042 festinat:iude
1364 2992 1392 3041 et
1406 2988 1573 3042 adverbium
1590 2989 1773 3060 compositivi
1794 2991 1904 3060 gradus

151 3074 355 3144 telcs,pa1·iter
375 3077 404 3127 et
419 3076 522 3139 Manes,
540 3074 642 3127 similis
657 3092 766 3138 eorum,
784 3077 832 3147 qui
848 3076 916 3130 dicit
936 3094 999 3131 cer·
1055 3075 1204 3141 maturius,
1222 3076 1305 3128 sicuti
1322 3081 1364 3129 est
1383 3077 1575 3147 insipientias,
1598 3079 1750 3149 stultitius,
1779 3079 1901 3149 aptius:

152 3179 204 3233 pus
220 3177 279 3215 esse
295 3164 445 3216 fantasma.
465 3164 561 3218 Cesset
582 3163 785 3228 Priscillianus,
801 3164 851 3234 qui
875 3181 933 3218 nen
956 3167 998 3220 la·
1054 3162 1115 3215 haec
1129 3163 1261 3216 adverbia
1285 3179 1341 3216 non
1371 3180 1387 3216 a
1412 3180 1441 3217 se
1461 3170 1532 3231 orta,
1561 3165 1609 3218 sed
1629 3167 1665 3220 ab
1680 3165 1744 3220 aliis
1772 3168 1904 3237 partibus

151 3259 271 3315 atteram,
299 3251 347 3304 sed
371 3251 534 3320 portionem
561 3250 610 3303 [lei
632 3269 692 3305 esse
718 3253 843 3306 urstisium
872 3254 998 3308 hominis
1053 3249 1371 3321 orationisprepagata.

151 3341 315 3402 cantitetur,
332 3340 432 3392 Nostra
447 3339 535 3408 igitur
551 3340 670 3392 assertio
684 3341 749 3393 talis
766 3346 817 3403 est,
834 3358 919 3411 quum
938 3358 998 3396 non
1087 3340 1113 3391 9.
1144 3338 1295 3391 Aduolatio
1317 3339 1613 3395 Mummetisbrabum
1640 3342 1784 3413 principis.
1814 3344 1903 3398 Ortus

151 3427 268 3497 propria
291 3428 448 3487 voluntate.
474 3426 523 3478 sed
548 3425 650 3478 divinis
674 3426 827 3496 Scripturis
850 3429 998 3483 credentes
1051 3430 1094 3479 est
1116 3426 1248 3480 llammet
1274 3427 1436 3496 haereticus,
1465 3429 1591 3483 Arabum
1622 3432 1900 3502 pseudo-propheta-

151 3514 305 3584 loquimur.
324 3513 413 3566 Derim
431 3512 549 3566 brrmani
569 3514 694 3582 corporis
713 3531 773 3567 esse
789 3516 942 3570 tinctorum
967 3517 996 3570 iu
1051 3529 1116 3566 runs
1137 3513 1257 3583 sigillus,
1279 3517 1444 3571 antichristi
1460 3533 1625 3587 praecessor,
1656 3524 1785 3590 tempere
1805 3521 1901 3592 impc-

152 3607 232 3655 utero
247 3601 402 3654 mulierum
419 3616 425 3654 :
442 3601 492 3670 qiu
514 3599 596 3653 linxit
613 3617 735 3671 corpora
759 3618 872 3657 necesse
894 3610 945 3670 est,
965 3610 997 3660 ut
1050 3601 1270 3657 retonsarum
1295 3621 1369 3657 anno
1393 3605 1525 3677 septima,
1542 3612 1674 3661 currente
1698 3623 1755 3661 aera
1781 3625 1901 3663 sexcen-

150 3692 275 3744 auimam
293 3688 559 3759 laciateorporibus
584 3707 600 3742 a
623 3705 653 3743 se
668 3689 808 3762 figuratis.
837 3692 890 3746 Sed
914 3699 941 3747 et
963 3711 996 3748 ea
1050 3688 1153 3743 tesima
1178 3689 1418 3763 quinquagesima
1443 3710 1479 3746 vr.
1501 3696 1533 3748 ln
1549 3695 1603 3748 hoc
1625 3700 1754 3764 tempore
1772 3697 1902 3752 lsidorus

149 3791 214 3846 ques
235 3777 402 3839 aracharius
428 3777 578 3847 episcopus
601 3777 632 3831 in
660 3779 718 3832 suis
737 3779 921 3856 dogmatibus
944 3799 996 3853 per
1051 3776 1225 3847 Hispalensis
1250 3779 1280 3833 in
1300 3787 1396 3834 nostro
1422 3781 1556 3852 dogmate
1575 3783 1686 3851 claruit,
1704 3785 1901 3840 etSisebotus

149 3880 262 3919 omnem
280 3881 360 3918 suam
378 3865 527 3919 Ecclesium
541 3865 609 3920 dicit
622 3868 832 3937 agnoscendam
846 3869 923 3924 inter
937 3887 995 3925 eae·
1049 3864 1147 3919 T01010
1174 3869 1280 3937 tegula}
1306 3869 1418 3922 culmen
1446 3871 1580 3924 obtinuit.
1609 3872 1699 3935 Quem
1724 3875 1900 3943 prudiclum

148 3956 209 4005 tera
224 3953 261 4006 ita
276 3953 401 4007 institnit
418 3970 423 4007 :
440 3973 454 4002 a
465 3954 581 4007 Animas
594 3955 745 4009 bominum
759 3973 886 4010 necessa
898 3958 932 4012 ab
942 3959 995 4012 ini·
1049 3954 1203 4009 uelandum
1220 3957 1389 4026 prophetam
1406 3959 1493 4012 tantis
1511 3959 1656 4014 miraculis
1671 3977 1735 4015 eiam
1760 3977 1900 4033 sequaces

147 4040 272 4094 tlointer
287 4044 402 4094 caeteras
419 4040 624 4095 intellectuales
637 4051 762 4110 naturas,
780 4061 830 4098 nee
852 4045 881 4098 in
905 4048 993 4101 semel
1048 4042 1092 4095 sui
1106 4058 1267 4099 coruscasse
1292 4051 1454 4109 narrantur,
1481 4053 1512 4101 ul
1535 4049 1619 4103 eliam
1645 4049 1731 4103 adure
1751 4067 1811 4104 5¹¹ae
1835 4052 1900 4106 libi·

146 4128 492 4196 creatassicutorigenes
510 4128 593 4199 fingit
609 4145 615 4182 :
633 4145 728 4201 neque
744 4147 808 4184 eum
825 4135 993 4203 corporibus
1047 4129 1122 4182 dinis
1138 4147 1253 4185 uxorem
1270 4133 1386 4186 alterius
1402 4135 1542 4204 auferens,
1568 4137 1597 4190 in
1623 4138 1756 4209 conjugio
1778 4139 1899 4195 sibimet

146 4232 198 4287 per
221 4217 328 4270 coitum
349 4217 535 4280 seminantur,
554 4216 627 4271 sieut
647 4218 827 4286 luciferiani,
851 4227 879 4275 et
902 4222 992 4293 Cyril·
1012 4219 1212 4299 Dcotlularit:
1233 4226 1261 4274 et
1276 4227 1306 4274 ut
1325 4223 1436 4276 nullum
1452 4224 1620 4295 prophetam
1646 4224 1742 4280 fecisse
1758 4228 1896 4298 legimns,

146 4305 200 4368 lus,
228 4310 256 4358 et
282 4305 364 4356 nrnlti
399 4303 565 4358 Latinorum
588 4313 811 4377 praesumptores
835 4309 988 4374 estimant,
1047 4306 1336 4380 ineamelum‚eujus
1358 4310 1534 4366 intellectum
1564 4313 1691 4383 gerebat,
1716 4315 1895 4383 praesideret.

145 4393 226 4464 qreasi
251 4399 361 4446 naturae
385 4392 589 4462 consequentia
615 4394 781 4449 saeuiente:
804 4397 852 4450 sed
868 4397 990 4453 dicimus
1045 4395 1132 4450 llorte
1146 4413 1213 4450 vero
1229 4397 1437 4453 interveniente
1451 4415 1515 4454 cum
1537 4417 1566 4452 se
1582 4401 1627 4454 die
1657 4403 1743 4455 tertia
1766 4418 1896 4458 resurre-

144 4495 247 4549 corpus
262 4484 372 4533 tanturn
389 4496 441 4549 per
456 4480 582 4550 coangii
595 4483 727 4550 copulam
743 4485 924 4554 germinari:
940 4487 990 4541 Dei
1044 4489 1156 4538 uturum
1172 4485 1365 4555 polliceretur,
1381 4488 1603 4542 custodientium
1618 4490 1824 4560 negligentiae
1851 4510 1896 4546 en·

143 4567 327 4638 rerojudicie
342 4568 487 4638 coagulari
497 4568 527 4621 in
543 4569 636 4637 vulsa,
649 4575 677 4624 et
692 4573 806 4642 conligi,
823 4578 909 4644 atque
932 4575 987 4628 lor·
1045 4570 1130 4626 nibus
1147 4578 1275 4642 repertus
1296 4579 1337 4628 est
1361 4575 1520 4630 devoratus.
1543 4577 1673 4631 Obtinuit
1697 4578 1895 4649 principatum

142 4660 235 4723 mari3
250 4659 413 4712 otlormate
426 4657 487 4727 jam
503 4673 622 4728 corpore
639 4661 764 4715 animam
789 4663 878 4716 creari
902 4668 930 4717 et
943 4664 987 4717 in·
1044 4661 1234 4716 aurtisdeeem
1257 4663 1362 4733 quibus
1384 4664 1503 4734 expletis
1528 4667 1656 4735 sepultus
1679 4671 1722 4720 cst
1748 4667 1776 4720 in
1808 4668 1896 4723 inler-

141 4744 514 4815 lundi,utriratinutern
543 4746 630 4800 boum
649 4764 682 4802 ex
700 4750 798 4802 anima
810 4757 943 4804 constans
959 4757 988 4806 et
1043 4752 1256 4815 num‚'rerao.
1277 4768 1301 4804 a.
1323 4769 1346 4805 c.
1368 4769 1432 4807 xvir.
1452 4755 1598 4808 l'ensrunt
1625 4754 1713 4810 Mauri
1742 4754 1772 4808 iu
1797 4756 1896 4827 llispa·

140 4845 271 4900 corpote,
301 4834 330 4882 et
358 4829 521 4900 egrediatur
545 4831 625 4884 rivus
648 4847 681 4885 ex
705 4840 786 4886 utero
812 4836 915 4903 plenus
933 4835 986 4889 hu·
1042 4835 1089 4888 nia
1106 4842 1233 4908 ternpore
1256 4839 1386 4893 Rodcriei
1413 4841 1498 4912 regis,
1520 4843 1735 4897 annoarabum
1763 4859 1893 4914 nonage-

141 4933 227 4971 mana
243 4916 443 4969 substantiam
460 4917 539 4980 Quod
553 4934 617 4971 rere
634 4919 733 4972 beatus
753 4921 943 4992 Hieronymus
958 4927 987 4976 et
1042 4924 1115 4978 simo
1144 4927 1248 4996 prime,
1278 4944 1335 4982 aera
1360 4929 1512 4984 millesima
1542 4932 1697 4986 centesima
1723 4948 1783 4998 1111,
1814 4948 1893 4986 anno

139 5005 272 5076 egregius
286 5005 462 5075 Augustinus
476 5006 510 5059 de
531 5007 719 5075 opinionibus
736 5009 839 5063 animm
867 5010 986 5065 diversae
1041 5014 1166 5069 Arabum
1189 5033 1332 5071 cccccrrur
1348 5019 1391 5070 ⁴⁶.

139 5098 303 5159 sanxerunt,
328 5098 355 5146 et
379 5097 478 5147 contra
490 5110 519 5147 sc
533 5094 656 5148 invicem
681 5097 824 5151 contraria
849 5102 985 5154 tractave-
1077 5105 1119 5156 to.
1135 5104 1162 5158 Si
1178 5105 1258 5159 illum
1286 5106 1390 5159 librum
1415 5108 1445 5161 ll.
1463 5108 1575 5180 Eulogii
1590 5109 1714 5180 dirigere
1739 5125 1798 5164 non
1839 5127 1892 5182 po·

138 5187 215 5250 runt,
231 5187 259 5236 at
271 5182 382 5236 illuster
397 5181 586 5252 Hieronymus
601 5183 732 5253 quintam
747 5185 915 5256 opinionem
940 5204 985 5241 ve-
1039 5191 1129 5257 testis,
1145 5193 1189 5246 vel
1206 5193 1269 5247 illas
1293 5195 1416 5266 syllabas
1439 5212 1503 5268 quas
1522 5198 1553 5252 in
1579 5199 1679 5254 ordine
1695 5205 1772 5263 sunt.
1789 5199 1820 5255 id
1838 5208 1890 5265 est,

171 5333 186 5435 ἱ
204 5323 301 5377 llelias
314 5340 347 5378 ex
363 5322 484 5393 Vulgata
503 5340 510 5378 :
527 5326 578 5381 Nec
592 5340 638 5392 epo
653 5327 724 5395 ipsa.
1038 5330 1157 5401 antiqua
1176 5337 1284 5397 tamen,
1300 5334 1415 5405 scripta,
1433 5337 1581 5393 intervallo
1602 5339 1727 5410 quodum
1748 5341 1828 5396 inter
1844 5359 1893 5415 ps·

205 5394 267 5460 lla,
279 5393 366 5475 doceb
379 5410 429 5462 pro
444 5394 502 5448 tot.
1036 5401 1194 5472 ragrapbos
1208 5408 1334 5459 vocante.

171 5471 182 5497 ·
201 5467 351 5519 asteriscis
364 5468 473 5532 notata,
484 5481 543 5520 non
557 5466 653 5535 prima
667 5467 715 5521 sed
730 5469 853 5523 secanda
881 5487 981 5542 manu,
