3930 6098
72 270 74 273 ·
106 244 160 299 445
957 243 1144 301 epistole.
1806 246 1858 302 lto

105 391 179 443 esse,
194 379 299 430 eteum
314 374 462 429 hominem
476 373 659 430 nominatum
672 373 767 429 luisse,
794 375 866 429 Nem
883 374 952 429 dnm
972 375 1039 430 Aet
1052 375 1106 429 hoc
1120 374 1226 447 incipio
1241 375 1361 445 perdere
1372 375 1449 446 qnod
1460 373 1556 430 credo.
1574 394 1589 427 a
1605 377 1677 431 Ante
1690 376 1767 432 enim
1782 393 1856 447 prae-

105 464 176 518 dicit
189 463 279 535 lilium
291 465 419 531 hominis,
435 462 559 518 ostendit
582 479 649 517 eum
664 462 756 518 litium
772 479 833 518 esse
848 461 953 519 itariae.
1010 463 1146 518 miserat:
1179 484 1191 513 ι
1224 465 1281 534 Ego
1301 480 1357 518 nou
1382 463 1513 535 intelligo
1541 465 1618 520 aliud
1646 465 1804 530 sedentem,
1828 470 1857 521 et

104 553 163 608 Ista
188 569 252 624 quae
276 553 425 608 Vincentio
442 552 639 607 eruditissimo
664 552 777 624 objicis,
802 553 954 623 Evangelio
1009 552 1087 607 aliud
1102 553 1267 619 scabellum,
1284 552 1332 607 sed
1349 557 1439 608 totum
1469 555 1499 607 iu
1523 554 1634 609 Christo
1658 556 1779 610 thronus
1801 560 1854 610 est.

105 642 286 696 sanctissimo
312 642 410 713 injice,
431 645 458 696 at
481 641 554 696 illud
581 641 687 696 iterum
717 643 779 713 ejus
804 642 954 714 eloquium
1008 641 1115 705 Quaerit
1129 647 1155 696 et
1175 642 1253 708 dicit,
1270 657 1359 712 quare
1384 643 1428 696 rel
1447 658 1546 714 quare,
1575 644 1720 715 quomodo
1743 645 1780 700 sit
1808 659 1856 698 ne·

104 727 178 784 ride.
194 730 338 784 Abrohom
361 732 513 785 eesuttuuit
538 736 570 786 ut
592 731 697 785 uideret
710 731 782 787 diem
807 747 913 798 meum3
929 735 954 786 et
1009 729 1065 784 scio
1084 746 1091 784 z
1108 735 1246 785 ettamen
1260 731 1345 785 credo
1369 730 1447 802 quod
1469 731 1514 785 sit.
1531 751 1544 779 ι
1561 733 1722 803 Quomodo,
1747 733 1854 804 inquis,

103 820 212 876 victitet
225 823 337 889 pachus
347 821 483 892 est(touo.
502 838 563 889 vui,
579 821 622 890 56)
639 837 646 876 :
663 826 692 876 et
706 837 844 893 cognosce
864 823 953 877 Abra·
1008 817 1135 873 dicemus
1151 835 1234 874 verus
1249 819 1323 874 Deus
1338 823 1366 873 et
1381 834 1465 873 rcrus
1480 820 1586 873 homo?
1600 819 1673 875 Audi
1690 819 1852 890 quomodo:

104 908 172 963 haru
197 911 353 976 subiectam
374 917 546 979 creaturam,
562 927 620 965 non
634 910 756 966 formam
776 912 954 966 incarnatam
1009 907 1170 963 Secundum
1186 923 1302 963 carnem
1317 907 1414 977 homo,
1431 909 1589 963 secuudum
1600 908 1718 963 verbum
1736 909 1853 964 Deusd:

103 998 221 1053 vidisse·
240 1000 274 1053 Et
292 998 361 1053 scito
378 999 446 1069 quia
462 999 523 1053 haec
547 1008 560 1032 ⁸
575 1014 633 1053 non
649 1000 807 1055 secuudum
821 1005 953 1055 naturam
1008 996 1057 1052 sed
1072 1013 1138 1052 earo
1154 1001 1183 1052 et
1205 998 1329 1051 Verbum
1350 1013 1425 1051 unus
1441 997 1539 1062 Filius,
1561 998 1634 1052 Deus
1649 1012 1731 1051 verus
1746 1003 1773 1050 et
1793 1013 1855 1051 cer·

104 1084 199 1139 carnis
220 1087 375 1156 profertur,
403 1088 451 1140 sed
475 1087 633 1142 secundum
658 1087 798 1142 unitatem
821 1104 954 1160 personae
1007 1090 1063 1141 tus.
1081 1090 1351 1141 Amatrenatusut
1367 1086 1437 1140 dicis
1461 1092 1604 1157 ternpore,
1630 1085 1678 1140 scd
1702 1086 1855 1156 sempiter-

103 1173 247 1229 lirmatnr.
263 1174 342 1229 Absit
363 1175 471 1230 anima
492 1175 574 1232 nohis
588 1181 619 1230 nt
635 1175 817 1231 incarnatum
849 1178 953 1232 Filium
1007 1178 1199 1231 nusaPatrs.
1216 1175 1271 1231 Sed
1288 1191 1407 1246 sequere
1424 1176 1581 1230 clausulum
1600 1179 1714 1229 totam:
1745 1173 1856 1229 duabus

103 1269 171 1317 ante
195 1267 327 1335 tempora
354 1265 501 1318 saecularia
527 1264 654 1333 aliunde,
680 1270 709 1320 et
733 1281 791 1320 non
817 1267 852 1321 de
867 1267 954 1322 llaria
1007 1264 1038 1320 in
1052 1264 1217 1319 substantiis
1241 1281 1362 1331 persona
1385 1265 1444 1319 sola
1461 1270 1503 1319 est
1517 1263 1656 1319 numinis.
1682 1262 1764 1328 Quod
1787 1279 1855 1317 varo

104 1367 220 1423 semper
236 1352 360 1423 virgine,
376 1354 566 1424 proleramus.
580 1353 662 1407 Absit
676 1353 792 1420 iterum,
810 1359 838 1408 et
852 1355 953 1424 procul
1008 1370 1068 1409 non
1083 1354 1234 1408 derelictus
1249 1352 1302 1408 luit
1320 1370 1336 1408 a
1351 1353 1515 1422 Divinitate,
1538 1354 1597 1424 iam
1613 1356 1752 1423 quantuni
1778 1351 1856 1406 valui

104 1442 139 1494 sit
153 1458 169 1494 a
188 1441 321 1496 sensibus
336 1441 453 1510 nostris,
468 1446 500 1495 ut
515 1457 568 1512 per
586 1441 723 1497 unionem
736 1458 868 1514 perseum
882 1443 923 1498 illi
938 1459 954 1497 a
1007 1443 1036 1498 iu
1052 1443 1147 1514 priore
1162 1441 1283 1514 epistola
1299 1441 1423 1496 dilucide
1438 1441 1586 1495 doctorum
1602 1439 1711 1495 ssuouta
1725 1440 1854 1508 firmavi;

104 1530 190 1585 hieria
202 1530 319 1585 initium
336 1532 448 1586 demus.
1009 1538 1038 1587 et
1052 1537 1144 1586 totum
1167 1531 1222 1586 hoc
1242 1530 1389 1594 recensiri,
1413 1544 1568 1584 onerosum
1592 1529 1755 1600 logentibus
1771 1529 1830 1585 ridi
1847 1546 1854 1585 τ

137 1621 184 1673 30.
201 1619 293 1674 Velim
315 1619 363 1674 hic
383 1620 556 1690 respondeas
577 1619 659 1687 mihi,
683 1624 780 1675 utrum
810 1620 952 1676 Christum
1009 1621 1247 1691 preserrtmcum
1267 1624 1327 1674 ate
1349 1618 1450 1673 dilecte
1469 1617 1629 1673 nonluerit
1656 1623 1854 1687 extenuatum,

104 1705 272 1778 inutraque
296 1713 512 1763 naturarerum
536 1712 565 1763 et
585 1725 676 1763 uuum
699 1709 828 1780 proferas
849 1710 952 1765 Filium
973 1677 1101 1765 Bnecin
1116 1709 1213 1782 alique
1227 1714 1307 1779 parte
1322 1714 1430 1762 temere
1444 1707 1592 1762 violatum.
1620 1706 1715 1762 Sancti
1730 1709 1854 1779 Fulgen-

106 1796 208 1863 Deum,
224 1813 260 1850 an
276 1796 306 1850 in
322 1813 380 1851 una
394 1799 494 1865 Deum,
510 1798 539 1852 iu
558 1797 614 1852 alie
636 1798 790 1868 separatim
806 1799 952 1854 hominem
1006 1799 1048 1866 tii,
1064 1799 1108 1852 vel
1129 1797 1203 1853 beati
1220 1797 1394 1868 Hieronymi,
1411 1813 1459 1851 seu
1476 1795 1608 1867 praeclari
1624 1796 1788 1866 Augustini,
1810 1797 1854 1851 vel

105 1884 197 1939 solum
213 1890 243 1940 et
265 1901 382 1957 purum.
401 1887 501 1942 Utrum
520 1903 635 1941 carnem
659 1887 764 1942 Christi
787 1889 952 1943 creatricem
1006 1886 1253 1957 alior·um²,ralidas
1278 1902 1361 1940 voces
1390 1885 1510 1952 intexui,
1536 1901 1606 1956 quas
1636 1900 1689 1938 nee
1712 1885 1855 1956 infrigere

105 1973 237 2028 omnium
254 1974 412 2029 secundum
427 1975 565 2029 unionem
581 1991 712 2045 personae
726 1974 806 2044 dicis,
822 1993 859 2030 sn
874 1993 952 2031 crea·
1006 1976 1133 2042 voluisti,
1148 1992 1201 2030 nec
1215 1975 1349 2043 debuisti,
1365 1975 1485 2031 forsitan
1500 1989 1552 2028 nec
1569 1973 1691 2028 valuisti.
1717 1975 1782 2028 ilrec
1802 1990 1855 2045 pro

104 2066 198 2116 turam
214 2063 556 2134 apertavocsdeiendisl
574 2065 694 2129 Quodsi
710 2081 776 2120 euru
792 2071 953 2120 creaturam
1006 2071 1092 2137 captu
1106 2064 1211 2118 virium
1227 2080 1356 2118 mearum
1381 2063 1496 2136 digessi,
1512 2067 1612 2117 elnon
1635 2068 1774 2133 quantum
1802 2062 1854 2117 de·

104 2141 228 2218 tauhun,
252 2156 281 2207 et
300 2168 356 2206 nou
369 2152 492 2207 adstruis
507 2157 675 2220 creatorem,
702 2158 729 2208 te
756 2154 851 2224 ipsum
878 2170 954 2208 com·
1006 2155 1066 2222 bui,
1082 2156 1124 2209 rel
1141 2157 1282 2224 quantum
1305 2153 1430 2224 dignitas
1451 2151 1578 2207 materias
1603 2151 1777 2222 postulabat,
1807 2152 1854 2206 sed

105 2240 208 2311 probas
238 2247 488 2312 transgressorem,
512 2242 562 2313 qni
593 2242 787 2312 praetermisso
821 2244 954 2298 Creatore
1007 2249 1146 2315 quantum
1163 2258 1246 2313 posse
1259 2242 1330 2295 mihi
1345 2241 1462 2308 exstitit,
1474 2241 1565 2314 posui.
1595 2240 1755 2296 Praesertim
1776 2240 1854 2312 quia,

106 2328 177 2383 colla
191 2328 315 2384 inclinas
338 2335 486 2385 creaturae.
504 2329 548 2384 Dii
568 2330 657 2396 euim,
674 2330 723 2402 qui
744 2347 803 2385 non
825 2332 955 2386 iecerunt
1007 2340 1039 2388 ut
1052 2349 1097 2387 me
1111 2332 1234 2402 amplius
1249 2330 1334 2397 nosti,
1346 2330 1520 2386 hebetudine
1540 2329 1683 2384 detineort
1698 2328 1815 2400 linguae,
1828 2332 1856 2383 et

106 2418 208 2472 eoelurn
224 2422 384 2486 atterram,
401 2424 520 2490 pereant
536 2419 639 2474 desub
654 2420 734 2474 coelo.
763 2421 796 2475 Et
822 2421 871 2475 ubi
901 2421 955 2475 erit
1008 2421 1170 2494 praepedior
1194 2419 1303 2492 ingenii
1327 2419 1471 2474 tarditate.
1485 2421 1577 2474 Tuum
1602 2422 1653 2485 est,
1681 2415 1857 2488 reverendis-

106 2506 176 2561 illud
193 2507 271 2578 qnod
295 2507 440 2578 legimus:
468 2508 587 2574 Quorum
605 2512 709 2578 patres,
736 2512 761 2562 et
788 2525 822 2564 ce
856 2510 955 2580 quihus
1008 2512 1090 2579 sime,
1117 2511 1239 2581 probare
1259 2508 1335 2581 quud
1353 2508 1421 2577 dixi,
1446 2514 1475 2562 et
1491 2508 1625 2579 deinceps
1655 2523 1712 2560 non
1740 2520 1857 2577 progre-

108 2597 230 2651 t'llrr'stus
258 2599 307 2664 qui
333 2602 372 2651 est
392 2598 537 2652 secuudum
560 2613 679 2670 curnem,
704 2600 774 2652 Deus
802 2598 955 2654 turedtctus
1009 2602 1075 2655 dere
1089 2601 1119 2654 in
1135 2599 1213 2654 aliud
1227 2598 1304 2670 quod
1319 2615 1376 2652 non
1392 2598 1480 2669 possit
1493 2595 1617 2652 delendi.

107 2689 134 2741 ia
157 2687 269 2742 secuta.
287 2689 376 2742 Amen
398 2687 487 2758 (Rom.
513 2703 549 2754 ιι,
571 2688 607 2759 5).
638 2689 672 2742 Et
689 2687 758 2742 illud
774 2688 850 2743 beati
870 2690 956 2743 toan·
1046 2690 1089 2743 32.
1105 2688 1235 2758 Illudque
1250 2687 1355 2741 iterum
1370 2685 1490 2741 tunnilii
1510 2685 1640 2740 reducito
1667 2685 1783 2740 menti:
1810 2683 1857 2738 Iti·

108 2776 172 2830 nis:
196 2776 304 2831 Scimus
323 2778 390 2846 quia
403 2778 490 2831 Filius
517 2778 563 2831 liei
583 2779 665 2843 uenit,
686 2780 714 2830 et
728 2792 844 2831 caruem
863 2776 956 2833 induit
1009 2777 1133 2843 stinctio,
1153 2776 1257 2844 unitio,
1269 2777 1430 2831 alternatio.
1450 2775 1599 2830 Distinctio
1616 2779 1659 2829 est
1681 2774 1768 2844 enim,
1792 2789 1859 2845 quse

109 2863 198 2918 nostri
224 2880 320 2932 causa,
346 2868 374 2918 et
398 2880 497 2934 passus
520 2869 572 2931 est,
597 2870 625 2918 et
647 2866 825 2932 resurrexit3
850 2866 893 2920 hic
917 2871 956 2921 est
1009 2865 1166 2920 secundum
1196 2869 1312 2919 naturas
1340 2864 1477 2936 loquitur,
1509 2869 1541 2917 ut
1571 2863 1733 2918 inconfusas
1757 2877 1857 2916 eornm

108 2967 184 3005 verm
201 2950 397 3017 Dertaetuiw
416 2955 648 3023 etquattuor.
671 2970 697 3020 v,
714 2952 771 3024 20).
789 2955 822 3007 Et
853 2955 1198 3036 Pauluscproprietates
1222 2953 1360 3008 ostendat.
1394 2952 1489 3007 Unitio
1513 2968 1579 3022 quae
1610 2952 1639 3005 in
1656 2967 1713 3006 una
1736 2966 1858 3022 persona

108 3039 212 3094 iterum
230 3056 237 3094 :
261 3042 360 3097 Notum
378 3041 454 3096 uobis
472 3043 520 3108 sit,
544 3042 658 3109 fratres,
677 3044 743 3110 quio
766 3043 955 3112 acceptum,
1009 3044 1149 3098 unitatem
1163 3042 1286 3097 duarum
1300 3041 1399 3095 asserit
1414 3046 1592 3095 naturarum.
1607 3040 1778 3106 Alternatio,
1792 3054 1856 3110 quae

109 3129 179 3197 quod
190 3129 390 3198 evangelizari,
412 3145 465 3185 non
481 3135 520 3185 est
533 3129 680 3185 secuudum
697 3131 839 3199 hominem,
870 3146 955 3200 acque
1008 3131 1066 3187 ins
1092 3129 1393 3196 hnmanadiviuis,et
1411 3127 1855 3199 divinahumauis:utruurqua

109 3219 138 3270 ab
153 3217 262 3271 bomine
276 3220 368 3286 occepi
381 3218 465 3286 itturt;
490 3234 576 3288 neque
602 3219 700 3286 didici,
716 3220 764 3274 sed
783 3235 834 3290 per
852 3220 954 3274 reectu-
1008 3221 1113 3276 inuno
1136 3220 1216 3288 Filio,
1244 3225 1275 3273 ut
1301 3217 1496 3282 inconlusuru,
1524 3217 1563 3271 ita
1586 3215 1753 3282 indivisum,
1786 3215 1854 3269 assi-

108 3308 204 3360 tionem
226 3307 544 3375 decrevissemus
570 3307 625 3377 ll).
640 3309 721 3374 Quod
740 3309 764 3363 si
791 3310 953 3364 Creatorem
1008 3316 1100 3380 gnat:
1129 3309 1203 3364 lianc
1228 3307 1460 3372 alternationem,
1484 3306 1551 3360 dum
1579 3305 1639 3377 ipse
1662 3303 1854 3373 nonnescias,

109 3409 172 3448 eum
189 3410 222 3449 ex
249 3395 328 3449 omni
352 3401 431 3465 parte
461 3396 563 3464 credis,
589 3413 648 3451 uon
678 3401 771 3453 solum
792 3414 858 3453 eum
887 3401 954 3451 ante
1009 3399 1134 3471 qualiter
1156 3396 1344 3468 pretergredi
1366 3411 1453 3450 causa
1469 3395 1601 3450 vincendi
1622 3394 1779 3465 procuras?
1803 3394 1855 3449 Se·

107 3482 195 3537 Adam
213 3482 284 3537 ralis
305 3483 377 3537 nolis
405 3485 549 3555 probabis,
579 3502 679 3541 verum
708 3487 794 3542 etiam
810 3487 846 3543 ab
870 3485 953 3541 initio
1007 3488 1132 3543 eundum
1159 3488 1232 3541 hanc
1247 3485 1469 3541 alternationem
1497 3483 1639 3538 Vincentii
1663 3482 1754 3538 nostri
1781 3482 1856 3537 dicta

110 3572 167 3627 sine
183 3571 267 3626 initio
279 3570 367 3629 fuisse
381 3573 527 3628 defendes.
1007 3577 1147 3647 intellige,
1165 3580 1194 3630 et
1209 3576 1294 3645 plane
1314 3590 1380 3629 eum
1403 3588 1463 3628 non
1487 3572 1593 3627 dicebis
1619 3588 1736 3627 errasse.
1755 3571 1856 3635 Quaero

140 3663 172 3716 31
201 3660 242 3715 De
270 3661 368 3715 anima
390 3677 456 3716 vero
482 3662 586 3718 Christi
612 3664 751 3734 disputas,
781 3669 809 3721 et
831 3682 894 3720 eam
919 3668 953 3721 de
1006 3667 1104 3737 igitur,
1121 3665 1266 3720 etiterum
1282 3678 1392 3735 quaero,
1418 3669 1450 3716 ut
1469 3666 1550 3716 atuo
1565 3661 1730 3732 hujusmodi
1748 3664 1857 3715 asserta

108 3748 218 3803 semine
231 3749 320 3803 David
335 3765 395 3804 non
410 3766 469 3804 esse
486 3750 624 3819 decertas,
643 3751 783 3823 quasinos
797 3753 954 3809 desemine
1008 3757 1107 3811 demas
1124 3752 1291 3825 perenniter
1305 3752 1413 3817 animo,
1438 3765 1491 3804 nec
1514 3751 1549 3805 de
1573 3756 1631 3805 tam
1645 3749 1855 3805 difficilioribus

108 3852 169 3892 eam
186 3838 273 3893 David
288 3839 445 3894 dixerimus
464 3840 646 3910 descendere,
671 3841 771 3895 autde
793 3844 955 3913 proprieta-
1008 3842 1219 3917 questionibus
1244 3841 1365 3911 abrupte
1393 3844 1421 3894 et
1445 3839 1551 3894 leuiter
1575 3839 1711 3908 disputet,
1736 3839 1853 3909 dequo,

108 3926 140 3980 tis
170 3932 283 3982 naturae
319 3928 506 3982 humanitatis
535 3930 645 3984 diversa
681 3931 797 3984 sentire.
830 3931 955 3987 Dicimus
1007 3933 1091 3998 absit,
1106 3946 1210 3985 nornen
1226 3928 1358 3983 catholici
1373 3928 1486 3999 perdas,
1503 3932 1531 3982 et
1547 3925 1755 3981 iulirmioribus
1771 3941 1854 3979 scan-

108 4014 184 4069 enim
201 4030 260 4069 non
275 4015 351 4087 quod
375 4015 551 4084 humanitas,
577 4017 603 4072 id
622 4023 665 4072 est
691 4036 793 4090 corpus
808 4026 835 4074 et
860 4021 955 4076 anima
1008 4022 1105 4078 delum
1128 4021 1179 4074 has
1197 4034 1204 4072 ε
1222 4017 1290 4090 quia
1307 4019 1368 4071 brec
1383 4017 1465 4071 malae
1480 4015 1646 4070 assertionis
1667 4014 1783 4083 inventa
1803 4030 1854 4068 au·

109 4101 139 4156 ab
164 4103 249 4157 initio
267 4103 355 4158 luerit
368 4110 529 4174 corporata,
557 4106 605 4160 sed
623 4106 692 4177 quia
706 4123 757 4177 per
769 4108 954 4163 indissoluhi-
1008 4111 1099 4173 dacia,
1122 4108 1252 4179 perlidioe
1276 4111 1304 4161 et
1319 4106 1477 4177 impietatis
1493 4109 1535 4159 est
1556 4121 1664 4171 massa3
1681 4105 1782 4174 etjam
1807 4120 1855 4158 an·

108 4189 161 4244 lem
176 4191 258 4247 verbi
285 4192 335 4247 Dei
350 4193 578 4264 conjunctionem
593 4196 691 4249 uniter·
712 4196 820 4267 inipso
849 4197 954 4268 princi·
1008 4200 1126 4271 tiquitas
1153 4214 1169 4252 a
1204 4195 1370 4252 doctoribus
1397 4193 1566 4249 inlustribus
1593 4192 1729 4249 radicitus
1753 4208 1854 4264 empu-

107 4279 151 4348 pio
166 4279 276 4335 exstitit
291 4284 416 4351 operata.
432 4281 590 4348 Quomodo,
607 4283 703 4338 nescio
721 4300 729 4338 :
747 4284 815 4356 quia
837 4287 951 4341 intelle·
973 4283 1076 4342 litata,

109 4372 149 4422 ctu
166 4368 282 4440 assequi
295 4371 487 4438 nonbvaleo,
503 4373 659 4428 secundum
675 4374 754 4444 quod
768 4374 867 4430 beatus
883 4393 953 4446 pro·
1044 4378 1086 4431 33.
1114 4372 1284 4438 Nestoriani,
1309 4376 1341 4426 ut
1365 4371 1405 4426 ait
1429 4375 1525 4425 noster
1553 4371 1651 4424 lumen
1675 4369 1811 4430 {sidocus
1839 4385 1857 4424 a

108 4454 158 4511 lert
184 4459 390 4529 Augustinus:
419 4480 433 4508 κ
462 4461 528 4528 lior,
552 4461 689 4532 ait,{lldes
718 4463 824 4531 credet,
850 4464 953 4519 intelli·
1007 4462 1137 4519 Nestorio
1169 4460 1485 4531 Constantinopolitano
1516 4459 1650 4531 episcopo
1685 4458 1855 4530 nuncupati,

109 4547 232 4614 gentiam
249 4563 308 4602 non
324 4548 453 4620 requirat
470 4564 477 4602 :
496 4565 531 4604 ue
558 4555 681 4605 autnon
702 4552 851 4607 inventum
871 4559 953 4624 putet
1008 4552 1057 4623 qui
1073 4552 1106 4606 B.
1126 4550 1242 4606 lderiam
1258 4549 1405 4620 Virginem
1419 4549 1554 4613 nonnul,
1571 4548 1619 4602 sed
1636 4547 1761 4602 hominis
1777 4563 1854 4602 asse·

109 4631 281 4699 incredibile,
314 4640 362 4690 aut
387 4641 534 4707 repertum
564 4654 623 4694 non
646 4640 742 4696 credat
764 4641 951 4712 singulare.»
1006 4640 1065 4695 ruit
1083 4639 1269 4710 genetricem,
1293 4643 1325 4691 ut
1347 4637 1433 4690 aliam
1459 4653 1611 4707 personam
1637 4638 1743 4704 carnis,
1768 4637 1855 4692 aliam

109 4721 208 4779 Taliter
226 4729 255 4779 et
280 4724 308 4780 S.
326 4725 517 4797 hieronymus
532 4727 670 4799 eloquens
698 4728 766 4785 dicit
782 4746 818 4786 :e
843 4731 952 4786 iliraris
1005 4729 1110 4785 faceret
1131 4726 1254 4783 deitatis.
1280 4728 1336 4781 Nee
1361 4742 1448 4779 unum
1478 4725 1621 4781 Christum
1638 4727 1723 4782 verbo
1751 4726 1803 4781 Dei
1826 4731 1855 4781 et
1891 4713 1893 4717 ¹

110 4809 271 4884 riignorem
284 4813 505 4870 derdivlntrstis
521 4816 700 4888 mysterium,
715 4834 780 4872 curu
791 4835 836 4874 me
856 4819 951 4885 ipsum
1005 4833 1090 4873 carne
1113 4817 1243 4882 credidit,
1265 4816 1313 4870 sed
1342 4814 1506 4886 separatim,
1522 4820 1609 4886 atque
1629 4814 1797 4886 sejunctim
1814 4815 1854 4868 al-

110 4900 238 4955 nesciam.
255 4900 789 4974 iuterrogasmequornododirinites
808 4912 836 4961 et
858 4907 950 4961 incar·
1005 4912 1099 4962 terum
1119 4905 1180 4973 liei,
1209 4905 1330 4959 alterum
1360 4903 1486 4958 hominis
1510 4905 1683 4975 praedicerit.
1712 4903 1854 4957 hiemento

109 4988 179 5042 natio
195 5005 288 5043 unum
312 4989 359 5055 sit,
376 5005 440 5043 rum
462 5007 516 5061 ego
532 4992 658 5047 nesciam
679 4994 825 5064 quomodo
845 4995 948 5049 vivam.
1005 4995 1076 5050 illud
1096 4993 1205 5066 egregii
1220 4993 1374 5064 Augustini
1395 4993 1590 5064 responsionis
1610 4992 1781 5064 eloquium:
1803 4992 1854 5046 Illa

111 5072 193 5131 Deum
224 5077 410 5146 intellexisse,
444 5078 600 5134 credidisse
636 5086 701 5136 est:
738 5083 826 5136 [teum
855 5099 950 5152 nosse,
1004 5100 1127 5155 persona
1146 5098 1232 5156 quam
1248 5083 1528 5154 geuuitPatarante
1550 5083 1663 5149 secuta,
1687 5080 1780 5151 ipsam
1803 5097 1852 5152 ge·

110 5162 218 5220 adorare
234 5170 286 5221 est.
313 5165 424 5223 Sufficit
439 5168 510 5223 mihi
527 5169 599 5222 scire
614 5170 691 5240 quod
706 5170 791 5225 oredo
815 5172 880 5242 plus
900 5188 949 5225 au·
1005 5171 1069 5228 nuit
1096 5173 1181 5244 Virgo
1196 5187 1262 5226 cum
1288 5187 1383 5226 earne.
1407 5173 1499 5241 Atque
1523 5171 1595 5225 illud
1623 5169 1652 5224 S.
1667 5169 1785 5223 loannis
1801 5169 1851 5224 ad-

109 5256 159 5308 tem
173 5270 226 5309 nec
241 5256 316 5321 volo,
333 5271 385 5310 nec
405 5256 501 5328 cupio.
525 5257 553 5312 Si
577 5258 702 5329 amplius
726 5258 798 5313 seire
819 5261 946 5328 voluero,
1004 5266 1106 5316 verte:
1129 5264 1186 5328 Epo
1200 5276 1260 5316 sum
1289 5280 1305 5312 α
1320 5266 1349 5315 et
1367 5280 1398 5326 ω,
1425 5263 1532 5329 primus
1557 5262 1582 5312 tl
1605 5259 1779 5324 novistimtt
1804 5262 1853 5331 qui

138 5404 149 5429 ⁸
167 5397 249 5452 Forte
264 5398 328 5453 hoc.
1039 5412 1050 5438 ⁰
1071 5403 1111 5456 De
1123 5402 1283 5457 redundare
1299 5401 1419 5455 videtur.

138 5469 150 5509 b
169 5469 252 5523 Deest
266 5485 320 5524 non
341 5469 371 5524 iu
386 5484 439 5524 ms.
459 5471 496 5525 lix
515 5471 756 5542 consequentibus
776 5476 872 5528 eutem
900 5489 949 5543 pa·
1039 5475 1053 5517 d
1072 5475 1133 5538 hle,
1149 5477 1265 5528 Deum..
1277 5487 1417 5527 caruem...
1434 5485 1528 5533 uuum,
1541 5473 1594 5523 etc.

108 5539 143 5590 tet
157 5538 349 5595 adhibendam
362 5557 423 5595 esse
439 5543 633 5614 negationem.
1038 5554 1049 5582 ⁰
1071 5546 1136 5616 teg.
1156 5549 1184 5599 et
1194 5547 1323 5599 bumana.
