3930 6098
109 257 157 311 rer
560 208 561 212 Ν
684 245 866 303 liltlitttllt
885 246 1114 305 conenmrsrs
1130 205 1286 305 sonsum

108 390 181 447 ritus
198 393 321 445 sanctus.
339 383 467 440 Procedit
481 382 604 438 charitas
632 381 724 437 Putris
751 398 769 436 a
798 383 891 451 Patre,
921 386 953 436 ot
972 391 993 443 Α
1008 382 1156 454 discipulis
1170 383 1231 439 eil:
1248 384 1334 440 Verbo
1358 398 1419 452 que
1434 384 1538 440 locutus
1553 401 1612 441 sum
1635 386 1721 456 notu,

109 480 211 551 diliget
226 477 343 543 Filium3
360 473 492 544 procedit
505 472 593 527 etiam
618 470 744 526 charites
765 469 859 526 Filiia
881 470 952 526 Filio
1008 476 1033 526 et
1047 475 1104 528 otta
1130 478 1194 528 suut
1222 473 1316 542 (donn.
1339 488 1377 539 rr,
1404 474 1459 541 ol).
1485 473 1564 529 Unde
1590 474 1680 545 igitur
1701 489 1720 546 p

108 573 140 624 nt
159 568 260 636 diligat
281 565 404 618 Patrem.
432 561 522 632 Igitur
554 560 704 631 utriusque
729 575 788 614 una
819 559 952 626 charitas,
1008 560 1103 628 verbu,
1120 560 1176 616 uisi
1193 561 1297 616 mentis
1309 561 1344 615 ab
1366 560 1594 633 iutimo‘ilgitnr
1617 563 1703 619 rerba

105 655 241 728 quonium
256 651 407 722 utriusque
433 666 508 704 nnus
527 647 651 721 Spiritus
666 649 701 703 ab
717 653 953 720 utroque-proco·
1009 649 1108 719 qnitur
1123 649 1251 705 Christus
1278 649 1401 720 Spiritus
1415 655 1444 704 et
1458 650 1514 704 vila
1528 657 1606 721 snut,
1628 653 1698 724 quia
1723 664 1724 675 ¹

108 745 187 798 dens.
1008 736 1059 808 qni
1075 738 1109 792 de
1120 737 1204 792 corde
1219 736 1324 792 Christi
1337 738 1476 808 procedit,
1493 740 1551 794 vite
1566 746 1618 793 est.
1646 741 1707 795 Non

141 828 270 885 Christus
296 826 438 882 clamabat
454 825 552 881 dicens
569 842 576 880 :
593 825 624 882 Si
645 827 790 894 quiasltit,
805 827 897 879 nmini
917 823 955 879 ud
1010 825 1161 883 Diriuilate
1184 842 1235 880 cor
1258 825 1304 892 sit,
1333 825 1428 879 cernis
1454 826 1587 882 videlicet
1621 828 1724 898 pertico

105 932 156 982 me,
182 920 208 971 et
231 916 306 971 litut
328 917 418 986 (locu.
446 930 495 981 ru,
519 913 572 984 ΒΤ).
595 914 648 981 oui
661 912 747 968 credit
760 915 791 968 iu
812 928 863 981 me,
882 911 956 967 sicut
1008 913 1086 986 qnod
1100 914 1150 969 tali
1166 914 1303 969 vocabulo
1317 913 1406 968 voluit
1420 913 1568 970 interioris
1591 916 1724 972 substant:

105 1006 175 1061 dicit
196 1005 353 1075 Scriptura,
382 1006 497 1074 flumina
522 1002 555 1056 de
578 1006 669 1056 uentre
691 1001 748 1071 ejus
762 1003 851 1071 fluunt
877 1016 956 1070 aqua
1009 1006 1098 1056 strare
1112 1008 1333 1069 sacromentum,
1356 1004 1392 1059 de
1414 1019 1471 1074 quo
1493 1002 1562 1058 dicit
1586 1003 1724 1074 proceder

105 1097 183 1150 nirae.
211 1092 365 1164 subjungit
392 1092 591 1162 evangelista:
620 1091 674 1145 ltoc
703 1094 793 1145 mamm
824 1089 899 1144 dicit
923 1090 956 1144 de
1009 1093 1072 1145 tum
1087 1091 1136 1162 qui
1154 1089 1210 1146 rita
1231 1095 1283 1146 est.
1305 1093 1378 1163 Ergo
1407 1091 1535 1162 procedit
1561 1091 1686 1163 Spiritus
1712 1110 1724 1146 s

106 1185 214 1254 Spiritu
228 1199 309 1254 quem
334 1184 473 1252 accepturi
490 1185 569 1236 erum
586 1180 722 1235 crederates
741 1182 845 1236 inerim
865 1180 954 1250 (loun.
1012 1176 1093 1246 Filio,
1121 1190 1149 1232 ct
1176 1182 1218 1233 est
1256 1179 1341 1234 unius
1377 1176 1565 1250 ejusdemque
1593 1181 1722 1238 substant

104 1289 153 1339 vn,
173 1273 230 1342 39).
260 1275 351 1343 Aqua
367 1269 434 1324 virae
462 1269 593 1337 flumine,
619 1269 796 1340 evengelista
820 1269 951 1336 docente,
1011 1266 1091 1321 Filio.

109 1360 327 1415 inundationem
344 1358 465 1414 dicimus
479 1358 601 1430 Spiritus
616 1358 715 1425 sancti,
732 1374 788 1428 qnu
799 1357 883 1412 docet
894 1356 955 1412 Sal·
1352 1376 1465 1430 cpppq
1486 1376 1529 1428 pv·

110 1455 192 1504 rator
210 1450 240 1503 io
259 1464 289 1503 se
310 1449 458 1503 credentes
486 1446 665 1517 irrigandos·
692 1444 876 1516 lindeigitnr
898 1444 956 1500 liu-
1079 1502 1084 1511 ,
1151 1500 1156 1513 ,
1370 1434 1373 1439 ’
1553 1501 1558 1514 ,
1677 1502 1683 1514 ,

112 1538 200 1605 mine,
215 1537 270 1591 uisi
287 1535 391 1592 deiide
406 1535 508 1591 Christi
529 1535 674 1589 monentia
690 1533 747 1589 ilii
769 1534 846 1589 unde
867 1532 966 1606 {iidesp
1013 1500 1363 1569 T³⁸²⁸m⁰m⁰pr⁰smmm
1376 1515 1411 1554 η
1428 1501 1573 1567 Ευωψθὶὀ
1588 1507 1614 1554 ⁶³
1629 1502 1724 1570 ΕΜ

110 1625 166 1680 uisi
180 1641 214 1680 ex
228 1624 333 1680 Christi
348 1623 498 1680 doctriua?
521 1622 770 1687 Quemadmodum
794 1621 885 1693 igitur
904 1622 956 1678 do·
1047 1621 1078 1675 ln
1089 1621 1243 1690 Evangelio
1261 1623 1342 1675 Luem
1351 1621 1391 1676 sic
1405 1623 1527 1694 legitur:
1539 1625 1578 1678 Et
1592 1638 1714 1691 opressus

104 1716 195 1770 ctrina
209 1713 311 1770 Christi
327 1715 361 1768 de
377 1713 500 1780 Christo,
517 1718 546 1768 et
561 1712 632 1767 tides
655 1712 732 1767 illins
754 1710 891 1767 doctrinm
916 1711 952 1765 de
971 1689 991 1745 Β
1007 1715 1064 1764 etus
1078 1711 1108 1764 in
1122 1712 1224 1764 uirtute
1238 1710 1359 1779 Spiritus
1378 1714 1406 1765 in
1432 1712 1573 1768 doliturum
1589 1714 1665 1775 (hirc.
1685 1728 1721 1778 rr,

105 1805 215 1859 Christo
233 1820 239 1858 :
255 1803 295 1858 sic
312 1802 433 1857 ssnmina
448 1817 531 1873 aqua
548 1801 630 1868 virne,
645 1800 672 1855 id
691 1805 735 1855 est
747 1799 871 1871 Spiritus
885 1815 954 1853 ssu·
1007 1799 1151 1853 salvatore
1167 1798 1280 1869 iegitur,
1297 1799 1375 1870 qnod
1389 1800 1425 1854 sit
1440 1799 1529 1853 virtus
1546 1800 1646 1865 Petris,
1659 1805 1688 1854 et
1701 1816 1724 1855 n*

103 1899 165 1949 ctus
181 1892 335 1964 procedite
361 1890 494 1948 Christo:
521 1889 649 1946 Christus
675 1904 801 1960 namque
816 1893 846 1943 et
865 1888 953 1943 homo
1007 1886 1079 1941 ritus
1095 1886 1184 1941 virtus
1200 1887 1366 1959 appelletur,
1383 1888 1518 1961 Nnuqnid
1534 1888 1590 1942 alie
1604 1889 1694 1943 virtus
1712 1888 1724 1945 t

105 1982 258 2052 perfectus,
274 1986 303 2035 et
319 1980 394 2035 Deus
408 1978 560 2050 perlectus.
582 1979 618 2032 Ex
631 1993 689 2049 qno
712 1976 854 2048 periectus
868 1978 952 2044 Dens,
1008 1982 1035 2031 cl
1050 1977 1105 2030 alia
1119 1975 1209 2030 virtus
1217 1974 1359 2047 Spiritus?
1375 1977 1436 2031 Non
1453 1977 1550 2049 utique
1569 1994 1575 2032 :
1593 1977 1646 2032 Sed
1661 1982 1724 2033 uter

105 2070 245 2140 Spiritum
260 2074 395 2122 sanctuni
406 2068 435 2122 in
449 2083 479 2122 sc
494 2066 686 2127 credentibus.
702 2065 782 2138 qnia
798 2081 829 2121 sc
852 2081 952 2137 proce·
1007 2069 1053 2119 tus
1068 2065 1183 2130 dicitur,
1194 2070 1227 2119 nt
1242 2079 1298 2119 rina
1321 2066 1470 2137 utriusque
1489 2067 1648 2121 substantia
1671 2083 1724 2121 mor

105 2157 156 2226 dit,
173 2157 303 2228 tergitur,
328 2156 469 2222 iuiuudit;
495 2155 576 2225 cujus
598 2154 706 2210 tlneuta
727 2154 813 2210 corde
834 2153 952 2209 creden·
1007 2152 1130 2217 Quidest
1144 2154 1429 2224 cutemquodeitzlu
1444 2157 1545 2209 virtute
1564 2155 1724 2226 Spiritustl

104 2247 177 2301 tium
192 2250 307 2300 ceterum
321 2244 387 2299 rite
402 2244 529 2299 lontibus
552 2243 705 2299 inundent.
1008 2242 1244 2313 majoremroluit
1254 2243 1405 2298 ostendero
1416 2243 1539 2315 Spiritus
1549 2243 1638 2299 suncti
1649 2244 1724 2299 virtu

140 2337 328 2394 Samaritanae
344 2352 459 2408 quoque
474 2336 563 2391 dicit:
581 2337 634 2403 Qui
649 2335 877 2404 biberiteunquc
891 2336 953 2402 troc,
1007 2329 1132 2386 virtute?
1143 2331 1206 2386 Nou
1220 2331 1350 2387 omnino.
1366 2332 1438 2397 Quid
1455 2338 1573 2404 estergo
1583 2331 1660 2404 qnod
1671 2332 1710 2388 eit

104 2427 178 2480 sitiet
187 2428 286 2480 ilerum
302 2440 309 2478 :
324 2427 373 2492 qui
387 2430 476 2478 nutem
490 2423 715 2493 tideritecoquu
727 2438 811 2492 quom
824 2437 871 2490 epo
882 2423 953 2477 dubo
1008 2425 1064 2475 tute
1087 2421 1229 2490 Spiritus?
1251 2421 1313 2475 Non
1338 2421 1417 2475 enim
1439 2428 1585 2476 externam
1615 2420 1724 2477 Christo

103 2515 138 2581 ei,
153 2515 294 2568 conciliet
309 2514 491 2566 iuaetcruum.
516 2510 569 2567 Sed
585 2526 659 2580 aqua
676 2526 758 2580 quom
769 2526 817 2578 epo
833 2510 904 2566 dubo
917 2513 953 2578 ei,
1008 2508 1159 2564 ostendere
1175 2509 1320 2574 virtutem,
1338 2515 1366 2564 et
1380 2510 1456 2563 reiut
1480 2510 1595 2565 aliunde
1613 2526 1724 2564 concess

101 2603 182 2671 petire
195 2617 225 2657 eo
239 2603 302 2669 sons
321 2615 401 2672 aqua
415 2601 539 2655 solientis
556 2601 586 2653 iu
606 2601 692 2654 ritum
709 2603 838 2654 aetemmm
863 2600 952 2668 (icon.
1007 2597 1169 2669 propriam
1180 2614 1246 2669 quae
1261 2614 1325 2652 cnm
1342 2598 1510 2669 silSpiritus
1528 2600 1628 2665 sancti,
1645 2599 1681 2653 sit
1704 2615 1724 2653 e*

104 2705 139 2756 rr,
154 2693 206 2756 13).
218 2690 300 2755 Quod
312 2689 382 2745 alibi
398 2688 520 2743 ssumiuu
544 2686 656 2741 dixerat
679 2703 763 2758 aquae
779 2686 864 2756 rirae;
877 2702 956 2741 nnnc
1008 2685 1069 2740 mul
1083 2689 1111 2739 et
1126 2685 1189 2740 Filii
1200 2690 1337 2757 tanquam
1352 2685 1383 2740 iu
1399 2703 1456 2741 uns
1478 2691 1582 2742 nature
1596 2702 1654 2741 non
1679 2686 1709 2741 in

104 2777 354 2850 appellationtem
374 2775 739 2848 aquaesaiienlisinritum
755 2775 954 2840 eeternam;in
1007 2774 1118 2828 diversa
1133 2778 1162 2828 et
1176 2774 1319 2829 manendo
1335 2774 1422 2828 simut
1444 2775 1474 2829 in
1494 2791 1553 2828 uuo
1570 2773 1643 2829 alter
1672 2789 1724 2844 pro

104 2872 227 2938 utroque
253 2866 390 2937 Spiritum
416 2870 548 2919 sanctum
577 2863 676 2917 voleus
704 2862 839 2934 intelligi,
867 2878 954 2934 quern
1009 2863 1107 2931 altero,
1123 2862 1246 2933 Spiritus
1264 2862 1398 2918 videlicet
1420 2866 1534 2918 sanctus
1558 2880 1590 2918 ex
1617 2863 1702 2930 Filio,

103 2953 336 3011 manifestissime
362 2953 461 3009 dicite
488 2968 518 3006 se
546 2952 608 3006 dari
636 2967 702 3006 cum
730 2951 822 3006 dicit:
845 2951 954 3022 Aquom
973 2967 1075 3047 Cvero
1091 2951 1125 3007 de
1151 2953 1257 3006 Patre:
1284 2951 1334 3007 sed
1358 2952 1447 3006 Filius
1470 2952 1623 3019 nascendo,
1644 2951 1724 3024 Spiri

104 3059 188 3115 quom
203 3058 250 3112 eqo
267 3043 337 3097 dolio
358 3044 393 3109 ei,
408 3041 455 3114 fiet
481 3043 551 3095 ineo
571 3041 633 3107 scus
654 3055 741 3110 uquae.
767 3039 849 3104 Quod
872 3039 951 3094 euim
1008 3045 1123 3095 sanctus
1138 3038 1328 3110 procedendo.
1352 3039 1415 3092 Non
1439 3040 1516 3110 quod
1536 3039 1653 3094 alternis
1675 3043 1724 3095 ten

102 3134 161 3199 det,
181 3147 215 3185 ex
230 3128 385 3200 semetipso
406 3127 455 3183 det
470 3143 477 3182 ε
495 3129 543 3183 dat
557 3133 653 3182 eutem
679 3127 790 3182 iontem
805 3143 888 3199 aana
911 3143 952 3181 sa·
1005 3128 1040 3184 de
1053 3130 1135 3183 Pelre
1146 3128 1284 3198 procedat
1299 3127 1342 3182 vel
1356 3127 1436 3194 Filio,
1453 3127 1502 3181 scd
1524 3129 1598 3199 quod
1619 3129 1697 3184 nullo

103 3219 200 3275 lieutis
214 3218 245 3273 in
263 3219 351 3273 ailam
373 3223 524 3283 ueternum,
549 3216 632 3270 idest
652 3216 791 3287 Spiritum
810 3220 951 3270 sanctum·
1006 3217 1103 3271 niente
1118 3221 1249 3287 tempore
1264 3216 1299 3271 de
1315 3217 1398 3270 Patre
1413 3217 1549 3288 procedat
1559 3216 1642 3271 simui
1657 3222 1685 3271 et
1701 3217 1724 3272 F,

105 3309 134 3363 in
170 3321 200 3361 se
227 3303 410 3360 credentibus
443 3303 653 3375 copiosissimo·
671 3303 803 3373 largitur.
827 3304 951 3358 tiemon-
1041 3305 1146 3360 Beatus
1161 3305 1265 3360 Paulus
1280 3305 1427 3376 aposlolus
1454 3304 1552 3359 scribit
1568 3305 1601 3360 ed
1626 3305 1724 3360 Celata

104 3401 209 3462 straus,
224 3409 240 3447 a
254 3409 283 3446 se
298 3391 463 3463 procedere,
484 3405 570 3460 quem
590 3405 650 3443 ase
674 3388 743 3444 dicit
769 3390 952 3446 credentibus
1006 3394 1081 3447 nium
1094 3395 1158 3447 estis
1167 3392 1225 3457 filit
1246 3395 1301 3458 ilci,
1321 3394 1398 3447 misit
1413 3393 1486 3448 Deus
1509 3394 1642 3463 Spiritum
1666 3393 1723 3449 Fili

106 3481 218 3537 donari.
1005 3479 1198 3536 cordavestra
1223 3481 1394 3547 clamantem,
1424 3481 1514 3548 Acro,
1538 3483 1620 3536 Puter
1640 3482 1716 3549 (Gal.

139 3569 301 3638 Resurgens
316 3582 332 3621 e
349 3564 471 3619 mortuis
485 3564 674 3635 etdiscipniis
687 3565 717 3620 in
731 3566 860 3621 conclavi
879 3566 952 3621 resi·
1007 3568 1070 3622 Non
1085 3568 1126 3623 eit
1141 3584 1149 3623 ι
1166 3569 1240 3624 llisit
1254 3570 1329 3624 [iens
1352 3569 1491 3642 Spiritum
1517 3585 1611 3625 snum.
1634 3569 1715 3635 Quod

104 3655 247 3722 dentibus,
269 3658 333 3726 post
356 3653 432 3723 pacis
457 3653 668 3721 salutationem,
690 3659 719 3708 et
742 3657 806 3726 post
832 3655 950 3709 mande·
1006 3658 1060 3723 ret,
1084 3671 1140 3711 non
1163 3657 1278 3729 penitus
1299 3658 1463 3713 excluderat
1481 3657 1599 3725 Filinm;
1617 3656 1724 3729 quonia

104 3751 162 3801 tem
178 3744 254 3817 pecie
277 3743 474 3814 legationem:
494 3743 659 3813 insufflavit,
675 3747 703 3797 et
724 3743 792 3799 dicit
808 3742 872 3798 eis:
895 3747 952 3798 Ac·
1006 3747 1049 3799 est
1067 3745 1155 3800 etium
1182 3744 1279 3812 Filius,
1310 3746 1553 3818 quemadmodum
1581 3748 1665 3802 Pater
1693 3763 1723 3802 es

104 3836 187 3903 cipite
205 3832 341 3902 Spiritum
365 3833 489 3885 summum
513 3831 601 3896 (locu.
623 3845 670 3893 xx,
696 3830 754 3901 it),
778 3835 809 3884 et
827 3830 950 3902 relique.
1006 3837 1035 3888 et
1049 3837 1171 3905 uterque
1186 3851 1243 3889 nou
1265 3835 1323 3890 duo
1339 3835 1389 3902 dii,
1417 3835 1467 3890 s'ed
1490 3851 1564 3890 unus
1586 3841 1628 3890 est
1657 3837 1724 3890 tiene

103 3921 176 3989 Ouid
197 3921 274 3977 enim
299 3935 351 3991 per
370 3918 606 3987 insufflationem,
628 3918 684 3973 nisi
713 3918 836 3989 Spiritus
860 3918 951 3975 sancti
1006 3921 1083 3977 enim
1098 3938 1221 3994 persona
1239 3927 1361 3995 separat,
1383 3922 1542 3979 substantie
1561 3923 1719 3995 conjungit.

103 4011 315 4084 processionem
330 4008 492 4079 significati
512 4009 618 4063 Nonut
632 4007 716 4063 ssatus
730 4007 779 4063 ille
795 4023 951 4080 corporeus
1006 4015 1103 4065 eutem
1118 4026 1233 4066 omnem
1256 4011 1368 4068 unierre
1388 4012 1588 4084 questionem,
1612 4028 1724 4085 personr

104 4117 138 4157 ex
149 4116 214 4156 aere
227 4102 370 4168 sumptus,
389 4101 418 4151 et
432 4096 604 4167 pulmonum
626 4094 786 4150 ministerio
815 4096 951 4167 peruris
1006 4099 1166 4171 specialiter
1179 4099 1259 4168 dixit,
1274 4099 1386 4154 misisse
1403 4101 1492 4156 ileum
1513 4100 1651 4172 Spiritum
1678 4101 1724 4156 Fili

103 4204 245 4260 organum
260 4186 378 4250 eliusus,
399 4183 523 4254 Spiritus
552 4183 644 4237 sancti
668 4181 756 4238 tuerit
782 4182 949 4252 substantio,
1005 4188 1092 4243 corda
1106 4192 1213 4243 nostra.
1228 4187 1304 4244 Num
1315 4187 1388 4243 alins
1403 4193 1447 4244 est
1461 4188 1583 4260 Spiritus
1600 4189 1664 4243 Filii
1678 4204 1724 4260 qul

105 4291 204 4332 rerum
218 4274 270 4330 teli
290 4288 343 4328 nos
362 4272 448 4327 modo
461 4270 551 4326 voluit
571 4271 700 4338 edocere,
725 4270 863 4343 Spiritum
889 4289 951 4328 san·
969 4288 991 4342 1)
1007 4278 1078 4332 ritus
1102 4277 1210 4332 Putris?
1235 4276 1356 4342 Quodsi
1380 4276 1458 4332 idem
1487 4281 1529 4332 est
1544 4276 1669 4347 Spiritus
1690 4292 1724 4332 an

104 4369 182 4419 cium
197 4377 231 4418 ex
246 4360 342 4432 seipso
356 4359 518 4432 procedere,
534 4363 564 4413 et
579 4358 614 4414 de
629 4358 786 4414 substantia
801 4359 864 4415 Filii
886 4360 950 4431 Spi-
1004 4366 1130 4437 profecto
1144 4365 1272 4437 procedit
1287 4365 1322 4421 ab
1350 4369 1489 4437 utroqne;
1514 4365 1668 4421 nonenim
1690 4365 1724 4421 sic

104 4452 179 4508 ritus
191 4464 308 4523 qnoque
323 4447 413 4503 sancti
427 4446 617 4503 substantiam
632 4463 761 4504 manare.
776 4447 855 4505 Sicut
869 4450 952 4525 Pater
1004 4454 1126 4525 Spiritus
1139 4453 1203 4509 Filii
1218 4458 1357 4525 tanquam
1373 4453 1409 4508 sit
1424 4453 1519 4508 minor
1541 4453 1628 4520 Fili03
1648 4453 1703 4508 hoc

106 4535 169 4593 Filii
187 4535 365 4592 nativitatem
379 4536 413 4591 de
427 4552 480 4591 ena
493 4535 652 4592 substantie
676 4539 775 4594 rolens
800 4539 951 4594 ostendere
1004 4541 1050 4609 tit,
1065 4541 1109 4598 rel
1124 4541 1204 4609 dicit,
1216 4557 1276 4597 nou
1289 4546 1332 4597 est
1354 4542 1519 4598 catholicus.
1536 4541 1599 4606 Qua
1616 4542 1651 4596 de
1666 4558 1698 4597 re

104 4629 302 4697 propagatam,
316 4640 349 4679 ec
365 4639 417 4695 per
431 4623 486 4678 hoc
501 4623 603 4680 Filium
615 4624 742 4681 sibilore
761 4627 951 4682 cousubstan-
1006 4644 1095 4701 qnare
1117 4629 1229 4685 dicatur
1252 4629 1374 4701 Spiritus
1399 4630 1474 4696 Filii,
1505 4631 1560 4685 uisi
1586 4631 1655 4703 quio
1682 4646 1724 4703 prr

104 4712 411 4785 tielem,'loqnitnrin
431 4713 544 4769 Pselmo
564 4713 659 4769 eidem
687 4714 782 4770 Filio:
813 4715 863 4771 Fu
877 4720 952 4771 utero
1006 4718 1181 4788 Filio;sicnt
1200 4718 1306 4775 dicitnr
1332 4719 1455 4791 Spiritus
1482 4720 1583 4787 Patris,
1607 4719 1676 4791 quia
1698 4736 1725 4792 pr

104 4807 167 4860 core
183 4803 327 4870 ludicrum
338 4803 421 4870 omui
434 4805 459 4856 te
473 4800 556 4872 (Psoi.
573 4817 627 4869 cu,
640 4801 677 4872 3).
695 4803 759 4857 Nou
784 4804 863 4875 quud
887 4809 953 4859 ute·
1006 4809 1099 4862 Patre.

104 4907 168 4948 rum
184 4893 259 4946 neus
277 4890 362 4945 Peter
384 4887 527 4955 hebuerit,
543 4890 651 4962 dequo
677 4890 783 4947 Filium
806 4896 873 4947 unte
899 4907 952 4947 su·
1040 4895 1083 4951 ltd
1100 4894 1300 4968 Philippenses
1311 4899 1410 4952 autem
1433 4895 1571 4963 scribens,
1592 4896 1668 4951 iuter
1695 4911 1724 4951 ce

104 4982 169 5036 cula
182 4980 330 5051 genuerim
354 4979 404 5034 sed
422 4995 479 5051 quo
504 4977 670 5034 testificatus
695 4978 790 5045 inerit,
814 4980 892 5051 quod
911 4979 954 5035 Fi·
1006 4983 1069 5039 ait:
1089 4985 1152 5038 Scio
1178 4986 1250 5039 mim
1269 4987 1336 5054 quic
1364 4985 1413 5040 boc
1440 4985 1510 5040 miili
1529 4986 1669 5055 proveniet
1693 4986 1723 5039 iu

104 5069 177 5125 lium
193 5069 297 5124 nonde
311 5066 413 5134 nihilo,
429 5083 488 5121 non
509 5067 627 5122 alterius
641 5067 676 5122 de
699 5066 742 5122 rei
756 5067 952 5134 subsistentis,
1002 5086 1054 5140 per
1067 5076 1185 5127 rosham
1197 5075 1356 5138 orationem,
1377 5077 1402 5128 et
1427 5073 1706 5128 subministrationem

105 5157 154 5212 sed
168 5156 331 5229 propriadc
351 5159 454 5210 natura
465 5153 681 5226 substantiaque
700 5155 845 5226 genuerit.
863 5156 910 5212 Sic
925 5160 954 5212 et
1005 5160 1072 5215 iesu
1083 5159 1196 5216 Christi
1211 5161 1324 5232 (Philip.
1343 5177 1364 5230 r,
1376 5161 1433 5232 m).
1461 5161 1543 5216 lesus
1559 5161 1700 5224 Christus,

107 5244 195 5300 Filius
214 5243 389 5300 insufflando
403 5242 474 5297 daus
497 5241 637 5313 Spiritum
655 5246 784 5298 sanctum
804 5245 951 5316 apostolis,
1006 5246 1106 5304 homo.
1122 5248 1259 5319 Nunquid
1274 5249 1310 5304 de
1324 5249 1453 5304 humano
1472 5249 1576 5321 spiritu
1594 5249 1724 5321 loquebal

105 5332 230 5388 ostendit
242 5333 278 5388 de
291 5348 342 5387 sua
363 5329 525 5386 substantia
546 5329 712 5402 procedere,
728 5346 817 5403 quem
837 5333 887 5390 teli
908 5333 954 5388 in·
1007 5335 1106 5403 stolus,
1120 5336 1183 5392 hac
1196 5338 1312 5409 quando
1327 5337 1457 5393 dicebat?
1471 5339 1502 5392 lu
1524 5354 1608 5393 cruce
1636 5352 1724 5409 namq

106 5419 268 5475 sufflatione
280 5420 372 5476 voluit
389 5419 508 5475 donare.
1007 5423 1136 5480 Christus
1150 5426 1313 5482 humanum
1326 5426 1424 5499 posuit
1446 5426 1591 5499 spiritum,
1609 5426 1724 5496 ¹evangel

143 5508 183 5562 tie
196 5512 373 5564 sacramento
395 5506 525 5580 corporis
551 5504 741 5578 etsangninis
763 5506 808 5564 sni
831 5508 953 5581 loquens
1006 5516 1111 5584 stante,
1125 5513 1224 5586 quide
1245 5513 1295 5571 illo
1310 5513 1402 5572 dicit:
1421 5516 1458 5572 Bt
1477 5516 1608 5571 inclinato
1629 5515 1719 5585 cupite
