3930 6098
104 268 173 321 ron
356 225 382 323 s
671 264 699 318 s.
720 262 859 322 aaaron
877 262 1118 321 tnannnansrs
1137 261 1293 319 sersaoni
1789 264 1854 361 roso

102 400 268 457 tudaeorum
281 401 318 455 sit
331 416 385 470 pro
400 414 458 470 quo
474 413 531 452 non
552 396 691 453 Dominus
706 398 735 453 iu
750 413 833 453 cruce
848 414 945 452 orave·
966 399 1139 453 homnibus
1163 397 1270 467 impiis,
1296 396 1384 451 etiam
1404 412 1457 466 pro
1480 411 1540 450 non
1564 395 1750 450 credentibus
1774 401 1803 450 et
1823 397 1852 451 ιι

103 489 151 555 rit,
169 489 265 545 dicens
281 505 320 542 :a
344 489 438 552 Pater,
455 486 572 558 ignosce
596 485 663 553 illis,
682 501 740 540 uon
765 486 842 541 anim
859 486 952 541 sciunt
1004 502 1056 540 sua
1077 485 1227 556 impietate
1250 484 1439 557 pereuntibus
1462 484 1535 539 facta
1556 482 1701 538 credenda
1722 482 1785 537 sit:
1805 482 1852 537 sed

104 578 174 651 quid
198 577 306 632 faciunt
328 578 403 646 (Luc.
427 593 484 638 ιιιι,
500 575 556 645 tt),
576 595 590 625 ι
606 590 672 629 cum
696 580 796 645 aperte
817 576 878 646 ipse
894 577 951 631 flo-
1003 590 1057 646 pro
1071 574 1177 643 quibus
1187 572 1321 628 omnibus
1331 571 1429 643 impiis
1440 571 1595 626 Dominum
1610 574 1758 626 mortuum
1769 569 1851 635 dicat,

104 667 200 722 miuus
219 666 346 720 ιιιιιει
374 667 480 735 Eopro
510 663 552 718 eis
576 678 657 733 rogo,
682 679 740 718 non
762 679 815 734 pro
841 663 951 718 mundo
1004 662 1115 733 etquid
1140 663 1305 733 generalem
1320 661 1548 730 redemptionem
1563 659 1632 713 velit
1657 657 1783 728 intelligi
1802 674 1851 728 pu·

103 767 182 823 rogo,
200 752 249 806 sed
264 766 315 821 pro
329 749 375 803 his
389 765 462 821 quos
476 748 580 803 dedisti
595 749 667 804 mihi
683 751 717 804 ιι
733 751 841 806 mundo
858 753 949 822 (Joon.
1004 756 1099 806 tamus
1113 751 1191 822 quod
1203 751 1265 821 ipse
1281 750 1339 804 suis
1353 748 1457 816 verbis,
1474 764 1538 818 quae
1554 747 1641 819 paulo
1655 746 1789 818 superius
1803 761 1851 817 po-

102 854 169 906 xvn,
186 840 214 908 9)
232 849 255 893 ⁸.
276 860 291 888 ιι
313 838 368 894 Sed
388 837 558 909 quinetiam
580 837 611 891 in
630 838 693 908 ipso
708 838 821 894 infideli
843 840 952 912 populo
1004 839 1115 894 suimus
1135 839 1290 909 diligenter
1305 842 1441 908 exponat,
1453 835 1551 890 diceus
1566 852 1573 889 ι
1591 833 1657 905 [Qui
1672 832 1752 887 euim
1771 847 1852 885 vene·

103 932 132 983 ιι
159 933 236 995 ιιιι,
262 931 290 981 ιι
320 927 438 980 ιιιιιιιι
468 925 562 992 multi,
595 941 647 996 pro
671 927 775 997 quibus
796 934 827 981 ut
853 944 870 982 a
900 945 951 982 suo
1004 932 1049 982 rat
1071 926 1211 982 universis
1233 925 1416 981 credentibus
1440 923 1537 979 omnia
1557 927 1674 993 peccata
1698 920 1850 986 dimittere,

103 1031 199 1071 errore
230 1021 434 1071 convertantur
456 1018 484 1068 et
512 1016 659 1070 salventur
678 1017 818 1071 Dominus
838 1017 952 1071 miseri·
1005 1015 1164 1086 agenerali
1187 1014 1368 1086 indulgentia
1387 1029 1439 1068 nec
1462 1012 1611 1067 ludaicum
1635 1009 1730 1066 voluit
1749 1008 1852 1062 crimen

103 1105 229 1159 corditer
255 1104 356 1169 oravit,
372 1108 400 1157 et
423 1102 499 1172 quod
525 1103 616 1157 oravit
639 1102 794 1156 efficaciter
818 1103 950 1168 obtinuit,
1005 1103 1177 1177 excluderat
1210 1105 1244 1160 Ut
1258 1119 1323 1158 vero
1351 1101 1475 1174 proillis
1498 1100 1633 1155 omnibus
1657 1098 1758 1169 impiis
1780 1113 1852 1151 mors

37 1186 41 1191 ’
104 1197 133 1247 ιι
149 1191 276 1263 perfecit.
296 1193 328 1246 Et
347 1194 421 1245 recte
447 1190 476 1244 B.
491 1189 589 1244 doctor
604 1190 682 1259 dicit,
706 1191 783 1245 velot
798 1192 851 1245 sub
867 1190 953 1245 tinius
1007 1193 1121 1247 Domini
1136 1193 1225 1248 fuerit
1238 1192 1380 1263 impensa,
1398 1191 1503 1262 quibus
1518 1187 1658 1243 universis
1673 1186 1853 1242 credentibus

106 1296 229 1351 persona
243 1280 279 1333 ad
293 1284 385 1333 totum
401 1279 483 1332 illum
506 1278 652 1333 infidelem
668 1279 821 1350 populum]
837 1280 887 1351 qui
899 1295 953 1350 pro
1007 1281 1106 1337 omnia
1127 1286 1242 1352 peccata
1264 1281 1393 1336 dimittit.
1409 1301 1424 1328 a
1443 1280 1477 1334 lit
1491 1278 1658 1349 generalem
1679 1274 1852 1345 redemptio

106 1374 134 1424 te
151 1384 216 1422 cum
233 1367 384 1421 crucifixus
406 1370 479 1420 esset
494 1366 608 1439 oravit}
634 1367 705 1432 Ouia
722 1369 850 1436 profecto
874 1374 951 1423 etex
1006 1386 1085 1435 nem,
1100 1370 1159 1424 sive
1174 1370 1339 1441 generalem
1354 1367 1562 1439 indulgentiam
1578 1388 1593 1415 ιι
1609 1366 1674 1420 ιιιο
1694 1364 1799 1419 dixisse
1813 1363 1852 1415 in-

105 1457 167 1524 iflo,
184 1462 212 1511 et
231 1457 261 1510 iu
282 1456 331 1510 illo
352 1455 459 1526 populo
484 1458 512 1509 el
526 1455 653 1523 fuerunt,
671 1461 699 1509 et
718 1462 794 1524 sunt,
812 1462 840 1511 ιι
858 1462 953 1526 erunt,
1005 1457 1163 1528 telligatur,
1188 1457 1259 1530 quia
1281 1472 1334 1511 nec
1348 1456 1489 1526 populum
1514 1453 1674 1518 Iudaicum,
1700 1467 1755 1505 nec
1768 1450 1853 1504 ullum

106 1561 160 1617 pro
184 1545 289 1616 quibus
305 1545 403 1599 oravit.
427 1544 491 1598 Haec
510 1544 595 1598 verba
612 1545 639 1598 B.
666 1545 766 1599 Leonis
781 1546 820 1599 ita
835 1545 954 1600 omnino
1007 1561 1098 1616 genos
1119 1545 1272 1600 hominum
1297 1545 1332 1600 ab
1347 1544 1397 1599 iffa
1416 1543 1624 1613 redemptione,
1651 1547 1679 1596 ct
1703 1539 1853 1610 indulgeu-

104 1650 165 1689 esse
181 1633 375 1704 intelligenda,
392 1632 478 1687 etiam
492 1631 553 1703 ipse
570 1633 600 1687 in
619 1633 681 1687 aliis
697 1633 766 1688 locis
783 1635 951 1689 corumdem
1007 1635 1048 1688 tia
1069 1634 1232 1689 inveniatur
1244 1634 1403 1688 exclusum.
1423 1633 1477 1688 Sed
1491 1632 1522 1686 iu
1537 1631 1594 1685 illis
1609 1629 1716 1696 verbis,
1732 1644 1784 1699 pro
1799 1626 1855 1698 qui·

105 1739 273 1779 sermonum
288 1723 323 1778 ad
338 1723 479 1793 populum
494 1725 552 1776 tam
567 1723 641 1777 clare
665 1724 792 1794 exponit,
815 1730 848 1779 ιι
862 1725 953 1780 dehis
973 1698 1061 1777 Bbus
1085 1723 1262 1793 exponendis
1292 1722 1348 1778 ista
1371 1721 1581 1792 replicavimus,
1616 1718 1686 1773 illud
1712 1717 1854 1772 evidenter

104 1812 215 1867 nemini
242 1811 432 1866 dubitandum
457 1811 503 1865 sit.
530 1810 620 1883 [Sicut
642 1812 719 1866 enim
743 1813 868 1883 quodam
892 1813 954 1867 loco
1008 1811 1266 1882 ostenditur,quod
1278 1808 1726 1883 «proditortudasanullatenus
1737 1805 1773 1861 ad
1784 1804 1855 1860 Chri

105 1899 145 1955 eit
160 1916 166 1954 :
184 1899 323 1954 Dominus
349 1902 446 1953 noster
469 1898 509 1952 ita
522 1899 650 1952 humano
673 1899 772 1969 generi
794 1917 846 1955 sua
863 1905 953 1954 morte
1009 1899 1046 1955 sti
1067 1899 1296 1970 redemptionem
1321 1899 1486 1971 pertineat:
1504 1899 1560 1953 Nec
1578 1895 1709 1967 potuerit
1723 1893 1853 1964 consequi

107 1987 243 2051 consulit,
260 1991 291 2042 ut
313 1991 524 2042 sacramentum
546 1987 646 2041 salutis
665 1987 751 2041 etiam
766 1988 835 2059 ipsis
856 2004 954 2058 perse·
1007 1977 1182 2056 remedium,
1198 1989 1335 2060 quoniam
1358 1987 1503 2042 festinavit
1525 1986 1558 2043 ad
1577 1986 1728 2054 laqueum,
1755 1987 1784 2038 et
1797 1982 1880 2037 ideo,

107 2076 254 2132 autoribus
275 2092 333 2130 non
348 2079 467 2147 negaret
475 2090 484 2145 ;
500 2075 551 2146 qui
577 2076 655 2129 enim
682 2081 800 2132 venerat
816 2077 955 2132 universis
1008 2077 1052 2133 ilfi
1066 2077 1159 2149 passio
1182 2076 1287 2131 Christi
1302 2076 1373 2131 nihil
1389 2076 1507 2147 profuit,
1525 2074 1593 2146 quia
1612 2075 1644 2128 in
1659 2087 1763 2129 eorum
1779 2072 1854 2127 dam·

105 2165 288 2220 credentibus
309 2164 407 2219 omnia
428 2168 545 2235 peccata
558 2164 713 2231 dimittere,
730 2181 747 2219 a
769 2166 896 2235 generali
910 2165 955 2220 in·
1009 2166 1157 2221 nationem
1170 2165 1293 2232 transiit,
1306 2165 1355 2236 qui
1366 2165 1442 2237 apud
1453 2164 1558 2219 inferos
1567 2164 1627 2234 jam
1641 2160 1740 2234 puniti
1755 2160 1855 2215 cedem

106 2252 254 2332 dulgentia
282 2267 334 2307 uec
356 2250 506 2307 iudaicam
529 2252 619 2306 voluit
644 2253 753 2306 crimen
780 2252 953 2326 excludere]
1010 2254 1118 2325 ptiouis
1143 2253 1297 2308 [lominicis
1318 2253 1472 2324 participes
1496 2267 1632 2305 essenon
1658 2253 1802 2320 poterant.
1825 2248 1855 2301 fit

106 2340 178 2394 Item
193 2338 261 2393 alibi
277 2339 312 2392 ιι
326 2337 428 2393 ιοιιιι
447 2338 570 2393 Domino
581 2343 677 2393 nostro
690 2341 810 2412 loquens
822 2358 829 2396 :
843 2341 954 2413 [Cujus
1010 2345 1116 2411 ιιιιιι,
1140 2342 1218 2396 velut
1240 2341 1278 2396 ad
1298 2341 1392 2412 ipsum
1418 2339 1574 2406 infelicem,
1596 2344 1625 2392 et
1643 2336 1792 2408 perditum
1806 2335 1855 2390 alio

106 2427 211 2498 inquit,
228 2428 315 2481 etiam
330 2426 404 2481 circa
419 2427 616 2481 interfectores
629 2444 696 2481 suos
716 2433 796 2483 tanta
809 2434 871 2484 erat
892 2430 956 2502 pie·
1011 2430 1072 2484 foco
1088 2429 1128 2483 ita
1143 2428 1320 2499 increpando
1344 2427 1481 2499 loquitur,
1504 2426 1600 2482 dicens
1616 2441 1623 2480 ε
1638 2424 1854 2495 Redemptorem

107 2514 174 2568 tatis
199 2514 321 2580 allectio,
338 2519 369 2568 ut
392 2514 525 2569 decruce
553 2515 719 2585 supplicans
744 2517 819 2587 patri
842 2533 900 2571 non
925 2533 955 2571 se
1010 2517 1097 2572 etiam
1119 2520 1212 2584 tuum,
1237 2515 1341 2571 netibi
1363 2519 1494 2586 parceret
1516 2511 1680 2567 vendidisti.
1709 2508 1855 2580 Nonquia

107 2601 257 2668 vindicari,
282 2602 404 2656 sediliis
420 2603 581 2672 postularet
603 2603 721 2673 ignosci,
738 2604 836 2659 dicens
853 2622 859 2660 :
877 2627 891 2655 «
902 2607 956 2660 Pa·
1011 2611 1039 2660 ιι
1054 2606 1151 2676 ipsum
1174 2605 1304 2670 redemit,
1329 2620 1414 2674 quem
1427 2604 1487 2673 jam
1506 2600 1639 2672 superius
1664 2599 1743 2654 idem
1761 2599 1856 2652 Ductor

107 2693 160 2756 ιιι,
178 2689 290 2744 dimitte
305 2690 371 2756 illis,
389 2690 539 2744 nonenim
555 2691 649 2745 sciunt
665 2691 733 2762 quid
753 2693 870 2747 faciunt.
888 2696 956 2750 »lte
1010 2694 1045 2749 ad
1060 2694 1285 2764 redemptionem
1302 2692 1453 2763 pervenire
1468 2707 1527 2745 non
1539 2688 1666 2760 potuisse
1677 2686 1853 2742 monstravit.

108 2777 188 2848 cujus
210 2778 311 2849 utique
333 2777 473 2833 orationis
497 2779 624 2849 potentia
642 2779 708 2846 fuit,
737 2786 768 2834 ιι
788 2781 956 2851 predicatio
1011 2783 1067 2838 Nec
1083 2783 1160 2854 quod
1181 2783 1356 2851 Redemptor
1374 2779 1452 2834 illius
1476 2776 1680 2847 intelligendus
1695 2773 1745 2842 sit,
1768 2772 1855 2844 quiin

109 2867 233 2939 apostoli
256 2867 334 2922 Petri
355 2882 389 2922 ex
412 2867 458 2921 his
481 2869 531 2938 qui
555 2865 688 2923 dixe'runt
705 2885 711 2923 :
731 2855 879 2939 «Sanguis
893 2871 956 2941 ejus
1012 2887 1063 2925 sua
1086 2870 1234 2941 impietate
1250 2869 1417 2940 permansit,
1441 2871 1469 2920 et
1485 2866 1579 2937 periit,
1601 2863 1651 2919 ιιι
1677 2863 1750 2935 quia
1763 2862 1792 2915 iu
1812 2861 1856 2914 ilfa

107 2969 195 3027 super
207 2971 271 3024 nos,
285 2960 313 3010 et
328 2971 414 3027 snper
427 2955 501 3011 filios
517 2962 630 3011 nostros
645 2978 658 3007 ιι
678 2959 835 3012 multorum
848 2959 884 3013 ad
899 2975 957 3030 poe-
977 2958 1139 3047 Cgenerafi
1162 2956 1363 3027 redemptione
1387 2953 1528 3027 passionis
1544 2951 1649 3009 Christi
1671 2950 1814 3021 potuisset
1830 2953 1856 3002 et

107 3043 259 3098 nitentiam
282 3043 369 3098 corda
390 3049 578 3110 converteret,
595 3051 623 3098 et
641 3060 698 3098 oua
713 3045 759 3099 die
774 3046 956 3116 baptizaren·
1011 3047 1072 3118 ipse
1096 3048 1216 3101 fortasse
1238 3044 1374 3114 consequi
1392 3043 1563 3108 remedium,
1579 3042 1602 3094 si
1622 3056 1679 3094 non
1703 3039 1856 3093 festinasset

106 3134 155 3187 tur
168 3132 223 3186 tria
239 3132 299 3186 fere
312 3131 404 3186 millia
424 3131 610 3199 Judoeorum;
634 3132 773 3203 fieretque
789 3155 803 3182 a
825 3134 956 3189 omnium
1011 3134 1046 3188 ιι
1060 3134 1197 3206 laqueum
1208 3138 1235 3187 et
1250 3133 1314 3187 ideo
1329 3133 1370 3186 sic
1381 3131 1405 3186 ei
1422 3131 1508 3185 dicit:
1521 3129 1746 3198 Redemptorem
1774 3124 1854 3180 etiam

107 3235 166 3276 una
180 3219 287 3286 anima,
305 3224 333 3274 et
353 3235 402 3274 cor
417 3235 505 3274 uuum
532 3224 699 3290 paratorum
715 3237 767 3292 pro
789 3237 823 3276 eo
839 3223 955 3292 mori,a
1010 3226 1095 3277 tuum
1110 3221 1276 3289 vendidisti,
1291 3221 1359 3292 quia
1380 3234 1445 3274 vere
1460 3218 1548 3273 etiam
1572 3217 1663 3284 ipsius
1687 3214 1856 3284 Redemptor

109 3324 196 3380 quem
211 3311 402 3380 poposcerant
418 3307 566 3379 crucifigi]
1010 3310 1103 3378 flerat,
1125 3310 1149 3365 si
1163 3310 1199 3365 ab
1213 3327 1247 3364 ιο
1262 3310 1348 3364 ιιιιιι
1363 3315 1429 3379 post
1452 3311 1563 3362 tantum
1585 3308 1699 3360 reatum
1715 3303 1763 3375 pie
1790 3308 1817 3357 et
1828 3301 1855 3355 fi·

146 3398 211 3452 flaec
223 3396 257 3451 de
273 3397 451 3467 expositione
471 3396 654 3467 superiorum
670 3397 822 3452 verborum
839 3414 874 3453 ex
888 3398 958 3470 ipsis
1010 3399 1109 3455 deliter
1123 3397 1333 3468 indulgentiam
1357 3399 1496 3466 posceret.
1521 3393 1611 3449 Nimis
1632 3394 1755 3448 omnino
1775 3390 1853 3462 profi·

107 3483 184 3538 beati
209 3484 313 3539 Leonis
337 3483 431 3538 verbis
455 3485 612 3554 posuimus,
636 3482 744 3554 quibis
763 3485 847 3540 dictis
868 3486 959 3542 conti·
1011 3504 1080 3543 xum
1104 3493 1157 3554 es't,
1175 3492 1204 3541 et
1227 3487 1257 3540 in
1279 3486 1390 3540 ratione
1408 3484 1477 3540 fidei
1498 3482 1658 3538 exercitatis
1673 3480 1795 3536 minime
1809 3494 1854 3534 ne-

109 3584 168 3625 nuo
191 3569 352 3640 subjungit,
377 3570 472 3625 diceus
489 3586 495 3624 :
513 3569 553 3624 ιιι
575 3571 649 3624 hauc
672 3569 882 3641 indulgentiam
901 3577 960 3627 tra·
1012 3575 1175 3639 cessarium,
1191 3579 1224 3630 ut
1238 3574 1272 3629 de
1286 3573 1408 3644 singulis
1420 3572 1505 3643 hrrjus
1518 3570 1596 3626 beati
1610 3569 1854 3625 doctorissenteu·

111 3658 188 3712 ditor
208 3659 296 3714 ludas
309 3658 460 3729 pervenire
481 3674 540 3712 nou
554 3658 648 3729 potuit
664 3675 670 3712 :
688 3657 842 3732 [Quoniam
858 3660 956 3730 perdi·
1011 3663 1070 3730 tiis,
1087 3663 1137 3717 ubi
1153 3662 1248 3733 aliqua
1264 3659 1405 3731 ejusmodi
1419 3659 1529 3714 occasio
1545 3675 1606 3713 esse
1622 3661 1728 3728 potest,
1744 3657 1818 3710 sicut
1829 3655 1855 3708 in

109 3746 195 3801 tionis
219 3746 306 3812 tilius,
322 3746 368 3800 cui
390 3746 521 3802 diabolus
543 3746 633 3801 stabat
655 3762 672 3800 a
695 3746 812 3816 dextris,
833 3749 913 3817 prius
927 3749 959 3803 in
1011 3751 1074 3807 istis
1096 3750 1277 3820 paucissimis
1292 3750 1398 3804 factum
1413 3755 1467 3815 est,
1488 3747 1642 3818 diligenter
1659 3746 1760 3801 omnia
1774 3760 1853 3816 expo·

109 3835 339 3907 desperationem
354 3836 476 3899 transiit,
490 3850 578 3906 quam
594 3841 804 3890 sacramentum
815 3836 959 3906 generalis
1012 3843 1127 3895 uantur.
1145 3838 1218 3894 lllud
1240 3842 1354 3893 tantum
1368 3836 1506 3892 attentius
1520 3835 1631 3890 videtur
1646 3850 1708 3888 esse
1722 3848 1856 3888 commen·

109 3925 318 3996 redemptionis
342 3924 471 3980 Christus
501 3923 643 3994 impleret.
674 3923 738 3978 Nou
769 3930 884 3979 mortno
905 3940 957 3995 pro
1012 3926 1153 3993 dandum,
1179 3925 1255 3997 quod
1273 3926 1321 3980 ubi
1337 3948 1351 3975 «
1372 3924 1505 3996 generale
1528 3923 1768 3994 chirographum,
1786 3944 1796 3968 ι
1817 3919 1854 3972 ιιι

109 4012 208 4085 impiis
230 4013 364 4067 omnihus
388 4014 520 4078 flomiuo,
549 4012 688 4084 potuisset
707 4012 781 4066 forte
805 4012 892 4066 eham
912 4012 959 4068 bic
1013 4016 1207 4087 «generalem
1231 4014 1405 4086 pactionem,
1428 4033 1442 4063 ιι
1460 4011 1699 4066 ιιιιιιιιιοιιιιιι
1723 4011 1855 4065 ιιιιιιιιι

111 4101 248 4173 consequi
270 4100 442 4168 remedium,
458 4101 481 4154 si
496 4116 552 4155 non
567 4100 730 4154 festinasset
743 4099 779 4155 ad
795 4097 956 4171 laqueum]
1012 4103 1154 4177 generalis
1173 4102 1319 4157 damnatio
1340 4102 1430 4156 totius
1445 4100 1566 4155 humani
1589 4098 1715 4170 generis,
1735 4112 1800 4169 quea
1820 4094 1855 4148 io·

109 4191 140 4245 ln
156 4189 262 4260 quibus
283 4189 379 4244 verbis
401 4193 496 4259 potest
517 4188 622 4258 aliquis
643 4187 740 4241 miuus
763 4189 957 4256 considerans,
1012 4194 1143 4249 troducta
1158 4196 1201 4246 est
1215 4207 1268 4262 per
1283 4191 1384 4258 Adam,
1398 4189 1585 4260 intelligenda
1597 4188 1656 4243 sit:
1674 4192 1704 4242 et
1718 4186 1769 4241 ubi
1787 4206 1801 4235 a
1811 4199 1854 4255 ge-

110 4283 138 4332 et
162 4277 259 4331 miuus
273 4277 437 4346 intelligens
458 4275 499 4328 ita
513 4275 686 4341 existimare,
705 4281 736 4330 ut
750 4276 827 4346 quod
849 4276 958 4331 dictum
978 4280 1141 4344 nneralcm
1155 4278 1395 4348 redemptionem,
1413 4299 1427 4328 ιι
1443 4278 1515 4332 vel«
1529 4274 1695 4347 generalem
1708 4273 1853 4344 indulgeu-

111 4372 155 4420 ιιι
170 4369 380 4419 sacramentnm
403 4365 545 4435 generatis
559 4364 777 4436 redemptionis,
793 4370 822 4420 et
844 4371 959 4420 mortuo
1012 4367 1112 4422 ιιιιιιι
1139 4365 1233 4438 ponit,
1255 4385 1268 4417 a
1292 4371 1412 4437 propter
1435 4366 1566 4420 omnium
1590 4363 1757 4429 hominum,
1781 4383 1794 4413 s
1817 4357 1852 4412 vel

110 4469 163 4527 pro
177 4452 312 4507 omuibus
325 4452 423 4522 impiis
448 4453 580 4520 Domino,
597 4454 637 4508 ita
659 4454 853 4525 accipi'possit
877 4455 959 4526 quasi
1013 4456 1144 4511 omnium
1168 4455 1317 4509 nationum
1342 4477 1353 4502 a
1377 4470 1468 4526 genus
1493 4475 1507 4502 ιι
1530 4452 1640 4508 ιιιιιιιι
1663 4449 1853 4522 accipiendum

111 4542 202 4597 stilla
224 4541 366 4612 generatis
381 4542 553 4612 redemptio,
569 4547 599 4597 et
619 4543 667 4597 illa
683 4558 762 4597 mors
778 4543 892 4597 Domini
906 4560 958 4614 pro
1012 4544 1058 4598 sit.
1075 4544 1109 4597 Et
1124 4543 1173 4598 ubi
1190 4561 1203 4594 ιι
1219 4559 1271 4614 pro
1285 4543 1420 4598 omnibns
1434 4541 1557 4613 impiis»
1573 4539 1729 4595 Dominum
1740 4542 1852 4594 mortem

643 4666 742 4721 NOTAE
761 4665 928 4724 huvittttt
949 4667 1120 4724 llOCTOlllS
1138 4665 1330 4723 SORBONICI.

147 4797 160 4822 ⁸
176 4788 237 4842 Non
255 4786 350 4843 minus
366 4791 448 4841 caute
469 4787 524 4841 ista
550 4789 669 4868 tegenda
685 4796 769 4855 sunt;
791 4790 860 4844 dicit
883 4791 961 4846 enim
1016 4798 1093 4847 ctum
1108 4793 1180 4847 nihil
1196 4793 1230 4847 ιι
1251 4793 1356 4848 virtute
1372 4791 1510 4847 orationis
1524 4790 1628 4845 Christi
1642 4790 1780 4857 detrahit,
1796 4785 1853 4861 quia

111 4859 202 4914 Deum
224 4874 282 4913 non
304 4873 399 4912 orasse
414 4873 468 4929 pro
484 4860 615 4912 omuibus
639 4859 698 4913 suis
722 4861 960 4931 persecutoribus,
1016 4868 1049 4918 ut
1061 4863 1231 4918 obfirmatos
1244 4863 1426 4935 respiciebat,
1441 4861 1587 4916 oriebatur
1600 4877 1617 4914 a
1631 4862 1780 4916 voluntate
1793 4873 1853 4914 con·

112 4934 211 5000 utpote
227 4945 280 4998 pro
300 4928 357 4982 iltis
381 4928 432 5009 qui
451 4927 480 4981 in
495 4930 590 4984 cordis
614 4930 658 4984 sui
684 4930 788 4985 duritia
812 4931 962 4986 obfirmate
1015 4934 1155 4989 ditiouata
1171 4938 1198 4988 ιι
1213 4934 1403 5001 antecedenti,
1419 4931 1497 5005 quod
1512 4931 1692 5002 scilicetejus
1708 4931 1853 4986 efficaciam

112 5005 195 5081 eraut
208 5003 428 5068 perseveraturi.
446 5000 503 5053 floc
518 5000 552 5080 ab
564 5001 714 5054 ffincmaro
731 5002 766 5055 ad
778 5001 926 5056 Nicolaum
939 5003 961 5073 f,
1016 5005 1102 5059 vellet
1113 5021 1163 5059 eos
1180 5005 1313 5076 experiri,
1332 5004 1488 5059 dummodo
1504 5003 1539 5057 ab
1554 5001 1759 5056 obfirmatione
1773 5015 1853 5056 cassa·

111 5077 188 5125 inter
209 5085 321 5123 errores
343 5070 530 5124 Gotteschalct
555 5078 730 5130 recensetur.
753 5073 897 5143 simulque
916 5089 962 5127 re·
1015 5079 1091 5143 reut,
1106 5081 1218 5129 atvero
1233 5075 1337 5129 electos
1348 5081 1377 5130 et
1389 5073 1607 5140 convertendos,
1621 5090 1637 5126 a
1652 5074 1802 5127 voluntate
1814 5070 1852 5124 ab

111 5141 239 5223 ιιιιιιιι;
256 5146 319 5195 tum
335 5141 412 5211 quia,
430 5141 533 5221 inquit,
549 5141 602 5220 fuit
616 5147 697 5194 vetus
718 5159 798 5196 error
814 5143 960 5198 Praedesti-
1015 5149 1119 5200 soluta.
1147 5146 1206 5200 Nisi
1214 5145 1359 5209 ,malueris
1381 5145 1475 5199 dicere
1499 5144 1660 5198 orationem
1684 5144 1765 5198 illam
1780 5143 1855 5197 suisa

112 5215 304 5275 aetianorum,
330 5216 392 5265 tum
416 5226 483 5281 quia
506 5211 542 5266 de
563 5227 625 5281 eJus
640 5213 870 5281 persecutoribus
890 5214 961 5269 dixit
1014 5232 1067 5286 pro
1083 5215 1217 5270 omnibus
1240 5216 1409 5283 absolutam,
1434 5217 1513 5286 quia,
1538 5216 1604 5268 ficet
1619 5215 1653 5268 de
1673 5213 1749 5267 facto
1767 5224 1854 5268 omues

113 5283 213 5337 Petrus
228 5283 276 5351 (ff,
293 5281 325 5351 ιι)
343 5296 349 5336 ;
368 5281 509 5352 Negantes
524 5281 679 5336 Dominum
694 5282 744 5354 qui
755 5299 803 5337 eos
818 5285 896 5340 emit.
911 5285 960 5339 ιιι
1014 5287 1197 5358 resipuerint,
1214 5287 1377 5341 habuerunt
1397 5290 1494 5340 tamen
1515 5285 1592 5340 illius
1608 5283 1750 5339 beneficio
1770 5281 1855 5338 media

113 5367 179 5406 rum
203 5352 264 5408 hoec
281 5352 370 5406 verba
398 5351 595 5432 Lugdunensis
619 5353 749 5407 Ecclesia
775 5353 961 5426 intelligenda
1015 5357 1188 5411 adsalutem
1213 5355 1611 5421 necessariaetsufdcientia,
1654 5355 1711 5409 uod
1732 5355 1767 5409 ad
1783 5355 1854 5408 abso·

114 5428 181 5500 sunt
195 5423 351 5477 secundum
367 5422 533 5484 efficaciam,
549 5426 581 5475 nt
596 5428 661 5477 ante
676 5423 811 5491 diximus,
830 5425 959 5496 illudque
1014 5428 1104 5482 lotam
1117 5433 1145 5482 et
1159 5427 1303 5483 efficacem
1319 5427 1497 5482 voluntatem
1520 5431 1563 5480 sat
1577 5430 1629 5480 cst.
1666 5440 1719 5497 ege
1744 5425 1776 5480 f).
1790 5423 1855 5478 Tho·

115 5490 193 5569 infra
215 5499 311 5561 aperte
334 5492 493 5563 subjungit.
511 5492 592 5557 Quod
616 5500 712 5549 autem
729 5495 778 5549 illa
797 5497 889 5550 oratio
905 5512 959 5566 pro
1015 5513 1103 5562 mam,
1120 5499 1279 5571 quaestione
1293 5501 1323 5553 ff
1341 5497 1442 5568 pertis.

116 5559 251 5615 omnibus
266 5562 380 5630 emissa,
403 5579 461 5618 non
476 5562 562 5619 luerit
576 5579 645 5636 erga
659 5581 760 5621 omues
774 5566 877 5622 sortita
892 5565 959 5622 effe·
