3930 6098
102 279 153 330 tau
876 273 1070 331 EPISTOLAE.
1800 277 1853 331 bib

103 417 210 466 nostros
234 410 345 480 (uecta.
368 425 452 477 xxvn,
484 408 540 479 25).
568 410 641 465 llem
666 410 746 481 ipse:
775 410 948 479 corrumdam·
966 410 1070 475 aquea
1085 425 1146 464 cum
1155 409 1354 478 jejunaverint,
1375 426 1429 464 reon
1444 411 1593 466 scandiam
1607 427 1683 466 uoces
1707 428 1808 474 eonem,
1826 415 1852 467 et

104 503 149 552 tur
162 499 199 553 ab
213 499 304 559 idolis,
326 498 425 564 quibus
439 501 677 568 sacrificaverunt:
691 503 717 552 et
731 499 891 554 erubescetis
904 515 952 554 su·
1005 502 1030 552 si
1041 499 1189 553 obtulerint
1202 499 1433 553 holocaustomata
1446 504 1472 553 et
1485 504 1619 563 uictimas,
1637 517 1691 555 non
1704 505 1852 571 suscipiam

100 603 150 658 per
171 587 354 653 nortmanos
375 588 518 654 elegantis,
535 589 720 654 censueritis
742 588 816 642 uelut
838 604 952 654 quercea
1006 602 1053 648 co,·
1074 602 1134 641 cum
1154 586 1257 654 gladio,
1280 589 1306 639 ct
1322 586 1403 653 sume,
1430 591 1456 640 ct
1467 592 1544 656 peste
1559 605 1606 656 ego
1630 605 1788 660 consumam
1808 604 1852 644 cos

105 676 285 745 defluentibus
301 676 386 742 toliis,
403 677 513 730 ctuelul
526 675 626 730 borlas·
636 676 738 742 absque
752 691 835 743 aqua.
851 678 888 730 Et
902 679 953 729 crit
1007 677 1072 746 (ter.
1099 677 1142 742 tl,
1160 677 1212 743 lt).
1234 673 1317 729 Vides
1331 674 1539 744 prohilritume
1562 676 1683 732 nomino
1699 677 1851 749 prophetis

104 764 240 831 tortitudo
262 767 353 818 uestra
375 767 405 819 ut
427 765 526 831 saeida
546 769 662 833 stuppa,
687 768 713 818 et
742 780 810 834 opus
833 768 953 819 uestram
1006 763 1065 816 suis
1080 778 1131 833 pro
1152 763 1230 817 vobis
1243 763 1403 817 oraticnem
1424 764 1526 817 levare.
1545 764 1691 835 conspicis
1707 764 1852 820 orationes

105 857 186 918 quasi
204 853 346 907 scintilla:
368 858 394 906 et
414 853 592 908 succendetur
606 857 763 918 utrumque,
786 857 812 907 et
830 869 885 907 uon
902 856 953 907 cn't
1007 856 1114 906 vestras
1133 856 1161 906 et
1185 852 1431 907 holocaustomata
1446 851 1569 922 reprobe
1590 869 1661 907 esse.
1679 854 1766 909 Audis
1787 870 1853 909 con-

106 946 151 1007 qui
170 943 331 1009 restinguat
343 940 409 1007 lisa.
423 956 442 1006 r,
466 939 577 1008 aaut).
602 940 736 1006 adverte,
750 957 767 995 o
782 941 848 995 rino
872 941 952 995 furo·

105 1030 142 1083 ris
170 1029 222 1083 Dei
251 1030 407 1100 crapulate,
434 1044 522 1099 opere
550 1033 643 1083 vestra
671 1031 788 1084 ssarnma
818 1029 951 1095 existere,

105 1133 168 1189 qaue
193 1117 419 1183 devorationem,
439 1134 498 1172 non
520 1117 755 1188 propitiationem
773 1117 852 1172 robis
876 1118 953 1171 extri-

1006 945 1182 995 summatum
1203 939 1390 994 israeliticum
1414 941 1555 1011 poputum
1577 941 1683 1010 gladio,
1707 946 1797 1012 peste,
1826 945 1854 995 el

1006 1029 1099 1084 tame:
1116 1034 1144 1083 et
1158 1045 1216 1100 qua
1229 1029 1324 1082 fronte
1340 1029 1578 1083 restaurationem
1590 1034 1655 1099 post
1669 1044 1853 1084 consumma·

1006 1118 1114 1172 tionem
1125 1116 1289 1188 exspectas?
1305 1117 1459 1188 Nunquam
1478 1117 1556 1172 enirn
1573 1118 1651 1188 quod
1667 1121 1855 1172 consumatur

105 1207 161 1261 bet.
184 1206 268 1264 Certe
284 1206 443 1274 considero,
459 1206 527 1278 quia
541 1206 633 1275 magis
652 1206 865 1262 succendemini
881 1222 953 1277 ope-

104 1296 183 1350 ribus
209 1295 319 1361 uestris,
336 1311 423 1367 quam
438 1295 556 1368 aliquod
572 1295 819 1351 demolumentum
842 1297 952 1367 adjuto·
1006 1294 1113 1348 maris?
1128 1295 1191 1349 Non
1206 1310 1261 1355 me,
1278 1294 1328 1348 sed
1341 1299 1435 1364 ipsam
1448 1299 1542 1349 vatem
1559 1296 1686 1349 ausculta
1704 1311 1710 1349 :
1729 1295 1807 1361 Quod
1831 1299 1855 1349 si

105 1385 138 1440 rii
154 1384 307 1456 acquiritis
320 1385 411 1439 robis.
1008 1385 1110 1438 diceris
1125 1387 1153 1437 in
1168 1383 1247 1437 eorde
1273 1387 1336 1437 tuo:
1353 1383 1443 1448 Quare
1461 1389 1594 1438 venerunt
1608 1384 1676 1437 milti
1696 1384 1750 1438 liae
1760 1386 1774 1439 t
1784 1399 1854 1453 pro·

138 1477 184 1529 20.
203 1474 237 1528 Et
251 1490 315 1529 carn
331 1473 483 1544 propbeta,
500 1473 558 1527 imo
571 1475 645 1528 Deus
660 1490 712 1544 per
726 1473 898 1544 prophetem
914 1473 954 1526 di·
1003 1476 1068 1541 pter
1089 1472 1292 1525 multitudinem
1309 1474 1465 1537 iniquitatis
1488 1476 1540 1526 ture
1552 1473 1673 1525 revelata
1694 1476 1759 1526 sunt
1776 1487 1855 1526 nerc-

105 1568 156 1619 et:
173 1563 228 1629 Oui
240 1567 400 1632 eestinguat
415 1579 468 1618 nou
481 1567 543 1625 erit,
557 1563 621 1634 quis
636 1577 707 1634 rogo
721 1569 778 1617 tum
789 1577 886 1616 vecors
900 1568 952 1629 est,
1007 1561 1140 1615 cundiam
1165 1565 1222 1627 tua,
1247 1561 1360 1629 polluta
1375 1564 1441 1614 sunt
1452 1561 1557 1630 planta
1578 1564 1631 1614 turc
1644 1562 1710 1629 (lor.
1726 1575 1784 1626 xm,
1795 1561 1853 1631 ti).

104 1651 154 1723 qni
175 1651 419 1723 exstinguendum
442 1656 524 1721 patet
543 1652 619 1724 qnod
644 1651 781 1706 Dominus
804 1652 952 1707 incensum
1008 1649 1041 1703 Et
1064 1653 1097 1703 ul
1115 1654 1286 1720 perpetuam
1308 1649 1523 1720 genuinamque
1548 1653 1639 1714 tuam,
1663 1663 1680 1701 o
1699 1648 1854 1712 insensate,

105 1756 162 1794 non
179 1739 353 1794 exstinctum
369 1738 499 1811 profert?
516 1740 571 1794 Nec
587 1738 664 1794 enim
682 1739 764 1805 dixit,
783 1740 833 1810 qui
846 1738 952 1794 exstin·
973 1708 993 1762 B
1007 1737 1166 1792 vecordiam
1182 1738 1349 1804 affirmaret,
1366 1736 1529 1807 parabolice
1545 1736 1679 1807 deinceps
1694 1735 1853 1807 expressit:

104 1833 173 1900 gnei
190 1844 248 1882 non
270 1834 322 1895 est,
347 1829 396 1882 sed
422 1844 476 1883 non
499 1832 561 1884 crit.
586 1830 724 1884 Futurum
747 1835 870 1900 tempus,
896 1846 953 1884 non
1008 1827 1037 1882 Si
1052 1830 1261 1895 malarepotest
1284 1826 1407 1894 AEtbicps
1423 1826 1521 1895 pettcm
1536 1835 1556 1888 ⁶,
1579 1840 1626 1879 eos
1643 1828 1769 1894 poteritis
1790 1824 1855 1878 berte

105 1933 232 1989 praesens
248 1918 483 1988 tempuspasuil,
507 1923 539 1971 ut
560 1918 736 1988 sempiterno
752 1933 800 1971 vos
819 1917 953 1972 incendio
1007 1917 1106 1982 facere,
1131 1929 1192 1968 cum
1211 1914 1362 1968 didiceritis
1383 1915 1454 1968 mole
1478 1915 1544 1983 (ter.
1564 1929 1623 1979 xru,
1649 1917 1705 1983 23).
1733 1913 1811 1968 Unde
1831 1912 1854 1966 si

106 2004 300 2076 depascendos
313 2004 451 2060 firmaret.
471 2006 541 2060 ltem
556 2007 694 2062 ieremias
709 2011 860 2078 postquam
877 2006 954 2062 dixe·
1007 2009 1087 2075 potes
1103 2002 1256 2073 aliquando
1266 2001 1430 2073 AEthiopem
1443 2002 1594 2057 ostendere
1608 2003 1715 2064 album,
1732 2007 1781 2056 aul
1795 2016 1854 2055 non

108 2099 149 2148 rel
166 2110 173 2147 ε
191 2096 376 2149 &araneola
397 2099 436 2149 csl
451 2097 537 2149 inerte
557 2096 653 2150 danius
676 2096 759 2157 luda,
786 2099 955 2163 negauerunt
1007 2092 1165 2147 variantem
1194 2091 1340 2146 coloribus
1368 2090 1489 2162 pardas;
1516 2091 1626 2162 poteris
1655 2097 1685 2146 et
1714 2095 1745 2146 tn
1775 2089 1855 2162 qnod

107 2194 154 2241 mc,
172 2182 200 2233 et
214 2177 364 2232 dicerunt:
390 2179 450 2234 Non
464 2182 504 2232 est
519 2180 585 2248 ipse,
599 2194 685 2244 neque
700 2182 789 2232 ueniet
803 2194 886 2248 saper
905 2194 954 2233 nos
1008 2186 1154 2252 exspectas
1172 2179 1379 2250 redemptionis
1399 2178 1516 2251 adispici
1539 2181 1658 2235 bonnm.
1683 2178 1763 2244 Quod
1787 2177 1855 2248 quia

106 2268 208 2322 matum
220 2267 356 2335 gladium,
372 2272 399 2322 cl
421 2268 589 2333 tamennon
604 2267 755 2321 uidebimus
772 2268 840 2337 (ter.
866 2284 891 2334 v,
911 2272 953 2337 tt,
1007 2268 1184 2340 impossibile
1207 2269 1292 2336 nosti,
1319 2273 1346 2323 te
1374 2274 1548 2339 perpetuum
1569 2269 1629 2340 jam
1654 2267 1762 2338 perisse
1786 2282 1855 2320 con·

109 2357 162 2422 tr),
187 2354 318 2410 addidit:
342 2357 404 2410 Haec
425 2371 487 2423 ergo
507 2360 629 2410 evenient
650 2357 717 2409 iltis.
736 2358 799 2410 Hae
821 2356 888 2410 dicit
904 2360 953 2411 Do·
1008 2373 1113 2429 gruum
1129 2361 1172 2412 est
1189 2373 1247 2412 nan
1262 2363 1364 2426 sponte
1381 2357 1474 2412 fateri.
1494 2357 1653 2426 Sequitur:
1672 2359 1709 2412 m
1728 2357 1853 2411 dieseon·

108 2446 196 2498 minus
211 2447 397 2498 ecercituum:
410 2443 482 2510 Quia
496 2445 578 2499 terrai
594 2448 659 2498 estis
673 2444 784 2498 uerbum
799 2446 884 2507 alud,
898 2461 955 2500 ecca
1007 2447 1077 2500 nabo
1092 2462 1136 2500 eos
1152 2447 1383 2516 quasistipulam,
1400 2461 1460 2512 quae
1471 2451 1550 2500 uento
1564 2450 1693 2516 raptatur
1707 2449 1736 2499 in
1751 2445 1854 2499 deserto

108 2548 152 2600 ega
167 2531 202 2586 do
223 2532 306 2586 uerba
326 2548 386 2587 mea
400 2536 429 2586 iu
444 2548 490 2587 ονε
507 2537 552 2587 tuo
568 2535 668 2601 mnam,
685 2535 711 2586 ct
721 2533 857 2603 poputum
871 2538 955 2587 istum
1009 2535 1105 2605 (ibid,
1127 2535 1182 2605 il).
1210 2535 1281 2589 Cum
1299 2535 1372 2588 Deus
1398 2535 1575 2600 disseminet,
1593 2532 1657 2605 quis
1674 2537 1716 2587 est
1731 2533 1783 2586 iste
1805 2530 1855 2602 qui

109 2622 191 2688 ligna,
219 2625 246 2675 et
273 2621 381 2675 vorabit
404 2637 446 2676 eos
472 2621 566 2691 (tota,
597 2624 640 2687 te,
662 2622 714 2689 te).
741 2622 834 2685 Vides,
857 2623 953 2690 stulte,
1008 2623 1170 2694 colligendo
1195 2639 1243 2677 vos
1262 2626 1434 2693 congreget?
1459 2622 1576 2677 Addidit
1596 2639 1603 2676 :
1624 2624 1687 2677 Hac
1710 2637 1769 2676 sors
1795 2625 1853 2681 tua,

1007 1212 1191 1262 restauratur.
1207 1205 1396 1278 conquereris
1411 1206 1541 1274 forsitan,
1558 1222 1648 1276 quare
1668 1206 1852 1260 itaconsum·

109 2709 954 2780 quieverbaliomininousunl·robisialcimentumsatn·
1005 2727 1127 2783 parsque
1160 2726 1293 2766 mensura
1324 2716 1386 2773 lua,
1427 2712 1494 2766 dicit
1517 2714 1649 2766 Dominus
1677 2710 1770 2781 (ibid,
1797 2708 1853 2777 εδ).

109 2799 151 2866 tis,
164 2798 216 2853 sed
227 2798 440 2853 consummatio
451 2798 575 2853 flammae
586 2800 730 2855 restantis.
747 2799 840 2855 Sedet
854 2815 954 2854 conse·
1008 2800 1097 2855 Audis
1113 2804 1219 2854 sortem
1244 2804 1334 2866 lnam,
1351 2804 1380 2855 et
1394 2800 1483 2870 pertis
1496 2804 1553 2853 tare
1568 2813 1743 2862 mensuram,
1766 2796 1854 2851 disse·

110 2886 235 2958 quentia,
250 2886 350 2956 impie,
361 2886 516 2958 diligenter
529 2888 656 2955 adverte,
669 2894 698 2943 et
711 2895 739 2944 te
751 2888 878 2960 undique
888 2904 955 2944 con·
1010 2889 1218 2943 minationem?
1230 2888 1287 2944 Cur
1301 2904 1359 2942 non
1372 2889 1460 2959 pudet
1470 2893 1507 2953 te,
1524 2887 1777 2959 congregationem
1790 2899 1855 2955 quae

111 2976 215 3030 lassum
230 2975 304 3031 dote.
327 2976 398 3029 Nam
415 2981 480 3047 post
502 2977 592 3031 multa
606 2993 671 3048 ques
686 2983 714 3031 te
728 2977 849 3031 viriliter
873 2981 954 3031 trun·
974 3009 994 3063 G
1012 2977 1135 3032 eliorum
1160 2981 1204 3031 est
1228 2978 1375 3047 requirere
1398 2977 1526 3031 sortem?
1548 2976 1603 3031 Sed
1629 2980 1658 3030 el
1683 2974 1751 3029 alibi
1777 2974 1856 3027 idern

111 3069 181 3130 eant,
197 3062 309 3119 addidit
323 3065 410 3119 etiam
426 3064 502 3119 haec:
517 3067 622 3131 Defecit
638 3069 832 3135 sufflatorium,
848 3070 877 3120 in
892 3070 955 3133 igne
1010 3066 1150 3138 propbeta
1163 3064 1235 3119 dixit
1251 3081 1257 3119 :
1276 3066 1306 3120 Si
1328 3069 1433 3119 steterit
1450 3066 1564 3132 Mogses,
1590 3069 1616 3119 et
1641 3064 1752 3120 Samuel
1765 3076 1855 3116 corum

110 3158 296 3222 consumptum
311 3157 351 3207 est
363 3154 515 3222 plumbum,
533 3156 642 3221 trustra
656 3158 784 3223 conflauit
798 3157 929 3223 conditor·
944 3172 954 3208 .·
1008 3173 1058 3213 inc.
1075 3171 1129 3209 non
1143 3148 1183 3208 est
1196 3158 1289 3208 anima
1298 3169 1357 3207 inea
1371 3154 1409 3208 ad
1422 3155 1554 3223 populum
1568 3155 1650 3207 istem
1665 3152 1730 3219 (ter.
1747 3167 1792 3216 xv,
1817 3153 1853 3217 lt.

109 3242 214 3295 mabtia
229 3245 300 3295 enirn
315 3257 407 3295 corum
421 3258 475 3295 non
494 3247 533 3295 est
552 3248 730 3311 consumpta;
753 3247 896 3311 argentum
911 3259 953 3296 re-

109 3329 222 3397 probrnn
240 3333 333 3383 uocate
353 3344 405 3390 eos,
436 3333 502 3394 guia
523 3332 655 3384 Dominus
676 3319 793 3398 projecit
821 3346 863 3384 cos
887 3331 964 3399 (ter.-

112 3432 145 3484 ιι,
163 3420 210 3478 ne,
234 3417 291 3487 30).
317 3417 464 3487 tutelligis,
489 3418 587 3485 miser,
603 3419 671 3488 quia
694 3419 754 3472 haec
779 3417 904 3485 afflictio,
929 3423 957 3472 et

111 3504 259 3575 captivitas
283 3505 378 3559 minor
402 3513 444 3558 est
470 3521 558 3576 qnam
588 3505 726 3576 iniquitas
749 3505 861 3560 restra?
890 3507 956 3560 Ecce

112 3591 214 3647 aesna
232 3591 264 3647 iu
280 3593 347 3662 igne
365 3593 435 3648 dicii
449 3593 552 3647 missos
570 3610 620 3648 vos
636 3610 696 3648 esse
720 3595 871 3666 propbeta,
889 3595 958 3666 quia

113 3680 248 3734 maiitiam
263 3687 386 3735 vestram
401 3696 454 3751 per
470 3682 523 3735 hoc
536 3697 593 3735 non
605 3681 676 3736 vidit
688 3698 749 3736 esse
765 3684 954 3753 purgandam.

112 3769 142 3823 lat
154 3771 260 3824 iterum
273 3773 339 3840 post
349 3771 447 3838 multa,
465 3786 529 3842 quae
542 3777 569 3826 te
585 3775 706 3843 tuosque
718 3772 806 3826 libere
815 3773 955 3842 plectunt,

113 3859 195 3914 etiam
213 3860 276 3914 haec
296 3861 394 3914 intulit
409 3877 504 3914 sermo
518 3861 651 3915 divinus:
670 3864 709 3915 Tu
726 3878 788 3930 ergo
803 3863 859 3916 noli
878 3878 957 3916 oretre

104 3965 159 4017 pro
172 3950 276 4018 populo
290 3949 348 4010 troc,
372 3965 419 4002 uec
433 3964 557 4003 assumas
569 3966 622 4019 pro
638 3954 676 4003 cis
690 3951 798 4004 taudem
815 3955 840 4004 et
854 3955 956 4004 oratio·

113 4052 178 4098 nem,
199 4052 247 4091 nec
268 4038 385 4091 obsistas
406 4037 483 4099 milri,
507 4041 572 4102 quia
597 4055 651 4092 uon
672 4039 817 4093 euaruliam
841 4043 865 4092 tc
888 4041 953 4106 (ter.

105 4139 145 4190 ιι,
165 4124 215 4192 tl).

144 4215 188 4269 et.
204 4211 333 4277 Qualiter
347 4213 424 4267 enim
439 4211 638 4268 liberationem
653 4221 809 4285 exspectas,
825 4215 953 4282 oinscie,

1009 3247 1163 3315 Postquam
1183 3242 1337 3298 teremiam
1361 3258 1413 3312 pro
1433 3241 1511 3296 robis
1535 3257 1617 3295 orare
1638 3239 1796 3312 prohibuit,
1819 3253 1854 3292 ue

1009 3349 1076 3388 eum
1092 3332 1184 3387 solum
1208 3332 1290 3403 quasi
1313 3332 1479 3403 despectum
1500 3331 1531 3385 in
1545 3330 1681 3401 sullragio
1709 3329 1853 3392 redderet,

1011 3438 1075 3476 max
1092 3419 1118 3475 ei
1133 3419 1223 3475 socios
1234 3419 1342 3490 junxit,
1359 3434 1412 3489 per
1426 3434 1551 3490 quorum
1572 3416 1811 3472 memorationem
1828 3420 1857 3469 ei

1009 3510 1125 3566 ruinam
1147 3514 1271 3564 vestrum
1295 3509 1482 3576 demonstrat,
1500 3512 1669 3579 perpetuam
1685 3505 1855 3577 designarit,

1009 3603 1037 3655 et
1053 3598 1236 3653 insolubilem
1251 3602 1358 3652 reatum
1374 3596 1503 3652 criminis
1515 3598 1601 3651 vestri
1618 3597 1760 3667 probavit.
1784 3596 1855 3650 Eze-

1009 3686 1094 3741 chieli
1116 3702 1209 3740 sermo
1235 3685 1349 3739 divinus
1371 3685 1475 3739 clamat
1489 3687 1518 3738 et
1540 3684 1632 3739 dicit:
1654 3686 1708 3738 Fili
1727 3684 1854 3748 bominis,

1008 3790 1087 3829 uersa
1112 3777 1152 3828 cst
1174 3774 1241 3827 mibi
1263 3774 1357 3827 domus
1383 3774 1470 3827 lsrael
1488 3777 1519 3826 in
1541 3777 1666 3827 scorteum.
1690 3772 1786 3828 Omnes
1809 3771 1856 3825 isti

1008 3869 1147 3924 stetinum,
1173 3862 1325 3932 plumbum,
1357 3864 1383 3915 el
1408 3862 1513 3926 terrum
1542 3866 1570 3915 in
1590 3861 1709 3914 medium
1735 3862 1856 3927 ternans

1008 3957 1097 4006 scoria
1112 3955 1220 4019 argenti
1235 3953 1303 4018 (acti
1315 3953 1399 4004 sunt:
1413 3954 1559 4019 propterea
1573 3949 1627 4003 teo
1643 3945 1718 4002 dicit
1723 3951 1855 4003 Dominus

1009 4045 1097 4095 Deus:
1123 4043 1160 4094 llo
1176 4040 1250 4106 quod
1262 4043 1333 4093 uersi
1355 4041 1418 4093 estis
1434 4054 1523 4092 omnies
1539 4043 1569 4092 in
1592 4041 1717 4099 scoriam,
1732 4041 1857 4108 propter·

1009 4146 1041 4183 ea
1064 4145 1120 4183 eece
1146 4145 1193 4197 ego
1217 4127 1383 4196 congregabo
1406 4143 1453 4181 uos
1475 4131 1504 4180 in
1518 4127 1605 4180 medio
1623 4127 1773 4180 Jerusalem
1794 4143 1856 4180 core·

1008 4221 1165 4286 gregatione
1179 4220 1296 4284 argenti,
1321 4221 1347 4270 et
1366 4218 1445 4283 terri,
1462 4220 1487 4270 ct
1510 4219 1613 4276 stanni,
1636 4219 1661 4268 el
1684 4215 1803 4284 plumbi,
1828 4219 1857 4268 iu

106 4317 174 4356 curn
199 4301 254 4356 ista
269 4301 359 4372 legis?
374 4317 425 4356 eur
443 4306 473 4357 ut
497 4302 569 4372 lapis
584 4302 673 4357 durus
689 4302 858 4370 consistens,
878 4319 955 4358 nun·
976 4306 1129 4360 [inedium
1153 4306 1291 4371 fornacis:
1312 4309 1338 4358 et
1351 4304 1512 4359 succendam
1528 4309 1586 4357 cain
1600 4305 1659 4370 igni
1673 4303 1711 4358 ad
1727 4308 1858 4358 constan·

106 4405 196 4460 qaam
211 4390 370 4445 mollescis?
389 4391 473 4446 Vides
490 4392 557 4462 qaia
572 4393 754 4463 omnipotens
774 4393 859 4461 Deus,
876 4392 958 4463 cujus
1012 4395 1086 4448 deam.
1102 4395 1147 4449 Sic
1167 4394 1334 4461 congregabo
1348 4408 1395 4447 uos
1413 4397 1443 4446 in
1455 4394 1550 4459 surore
1565 4408 1632 4453 meo,
1649 4396 1674 4446 et
1688 4396 1717 4446 in
1731 4396 1856 4454 inantea,

106 4475 213 4532 dixisse
229 4477 397 4546 larissensi,
414 4478 444 4532 in
460 4479 783 4534 vastationevestraest
803 4479 956 4550 protinus:
1011 4487 1037 4536 et
1066 4486 1242 4548 requiescam,
1267 4485 1292 4534 et
1313 4482 1432 4550 conflabo
1456 4497 1504 4534 uos
1530 4479 1636 4550 (Erech.
1664 4496 1732 4545 xxu,
1755 4482 1857 4548 tana).

106 4571 141 4619 cl
165 4571 196 4620 tu
231 4567 460 4638 redemptionem
498 4571 660 4639 exspectare
686 4573 712 4623 le
741 4568 854 4637 asseris,
891 4585 956 4624 cum
1012 4569 1094 4623 Vides
1109 4571 1198 4623 Deum
1213 4569 1341 4639 requiem
1355 4567 1410 4622 sibi
1424 4583 1486 4622 esse
1498 4568 1641 4622 dicentem
1656 4568 1858 4624 conflationem

110 4654 281 4724 prophetam
305 4655 484 4725 prohibitum
507 4658 542 4711 ab
557 4656 685 4711 oratione
705 4672 765 4711 esse
790 4658 957 4728 cognoscis?
1011 4665 1144 4712 vestrum.
1162 4659 1195 4711 Et
1209 4656 1320 4712 addidit
1331 4671 1338 4711 ε
1351 4659 1386 4711 lit
1399 4660 1488 4711 scietis
1502 4661 1567 4723 quia
1578 4673 1625 4725 ego
1638 4661 1781 4725 Dominus,
1797 4673 1858 4713 cum

111 4742 346 4813 licceprophetas
360 4744 572 4816 prohibuitpro
588 4745 836 4800 rabisorationem
850 4745 954 4812 lerare;
1011 4747 1153 4816 effuderim
1185 4746 1400 4812 indignationem
1432 4759 1519 4798 meam
1557 4759 1640 4814 super
1672 4760 1718 4799 nos
1761 4744 1855 4814 (tota,

113 4829 234 4884 nubibus
256 4832 346 4886 vetnit
366 4830 490 4887 imbrem
515 4833 596 4888 vohis
619 4833 720 4905 gratiae
745 4850 851 4888 rorare.
879 4835 957 4889 Unde
992 4838 1066 4900 ii).

117 4930 180 4988 ergo
194 4918 274 4973 robis
287 4935 359 4973 rano
374 4919 551 4990 pollicemini
566 4921 663 4975 venire
683 4922 815 4983 salutern,
830 4938 894 4976 cum
917 4926 959 4976 tol
1045 4926 1089 4977 2⁸2.
1102 4922 1105 4928 '
1118 4923 1152 4976 ut
1174 4926 1206 4975 ni
1229 4920 1390 4976 evidentius
1410 4921 1583 4988 ostenderet,
1612 4921 1723 4975 unitum
1749 4936 1781 4974 ex
1806 4919 1859 4974 hac

119 5009 241 5079 exempla
255 5008 419 5079 perducunt
428 5009 463 5063 ad
475 5010 616 5063 mortem?
629 5009 745 5065 Addidit
757 5010 861 5065 etiam:
878 5011 956 5074 Quod
1011 5010 1090 5065 vobis
1113 5010 1283 5081 probatione
1307 5009 1422 5064 evenire
1438 5010 1606 5080 protectum,
1618 5014 1688 5080 ‘past
1707 5025 1796 5080 parra
1817 5008 1858 5063 sic

123 5093 142 5145 si
159 5097 290 5160 oraveris,
312 5113 367 5151 non
394 5098 542 5152 scandiam
562 5103 596 5152 to.
619 5097 674 5162 Qui
694 5097 839 5152 orationes
861 5105 957 5153 vatum
1012 5099 1122 5154 addidit
1153 5099 1258 5171 (Ezeelt.
1286 5115 1359 5166 xxiv,
1376 5100 1472 5168 a-tt):
1494 5101 1539 5154 Vre
1551 5102 1658 5153 ciuitati
1679 5102 1855 5167 sanguinum,

124 5194 203 5238 assas
228 5201 280 5256 pro
305 5186 515 5240 restauratione
537 5190 628 5241 vestm
646 5186 787 5257 predixit,
809 5192 915 5241 vestras
934 5189 956 5250 Β,
1011 5189 1090 5257 eujus
1104 5205 1151 5257 ego
1165 5189 1297 5257 grandem
1311 5189 1383 5253 tacto
1397 5203 1518 5257 pgram:
1535 5202 1679 5255 corigerens
1695 5201 1738 5240 eos
1753 5187 1855 5252 absque

125 5269 211 5341 ulique
229 5277 486 5343 transgressorum,
503 5290 555 5344 pro
575 5290 681 5345 magno
697 5273 823 5331 ridebit?
840 5276 873 5328 Ei
887 5275 960 5330 dixit
1011 5279 1073 5342 igue
1094 5275 1265 5336 succendam,
1281 5278 1473 5329 consumentu-r
1487 5289 1590 5334 carnes,
1611 5278 1636 5327 et
1648 5278 1780 5339 coquetur
1793 5278 1857 5328 uni-

126 5355 248 5415 bominus
261 5359 296 5415 ad
310 5376 375 5416 me:
392 5363 454 5419 Noli
464 5378 542 5418 orare
553 5379 606 5434 pro
616 5365 720 5433 populo
734 5367 785 5417 isto
800 5367 829 5418 in
846 5363 954 5425 bonum,
1010 5378 1089 5418 uersa
1103 5367 1268 5433 compositio,
1292 5368 1318 5417 et
1340 5378 1402 5417 ossa
1416 5362 1476 5430 ejus
1496 5361 1640 5416 tabescent.
1657 5364 1730 5418 Pone
1751 5378 1858 5430 quoque

152 5496 163 5525 ³
177 5485 236 5542 ue..
251 5489 301 5539 est.

1047 5486 1171 5542 ⁰udde:
1195 5492 1244 5542 aut
1264 5487 1371 5556 pardus
1393 5489 1539 5539 uarietates
1560 5501 1635 5549 suas,
1652 5486 1806 5560 allegitur
1825 5487 1856 5544 in

155 5555 167 5596 b
181 5556 299 5618 Vestras,
314 5555 343 5610 id
357 5560 399 5611 est
413 5557 567 5612 orationes.

1011 5558 1161 5629 propheta,
1178 5563 1206 5612 et
1219 5558 1374 5613 ostendunt
1386 5555 1592 5628 consequentia
1605 5560 1708 5615 textus.
