3930 6098
448 272 493 330 btt
512 271 595 331 VITA
614 274 660 332 ΕΤ
678 275 867 332 Atuatucis
887 274 913 330 S.
936 276 1073 334 soluts.

1581 281 1633 336 itt

81 413 228 478 correptus
250 411 390 479 aegrotare
404 409 499 480 erepit,
516 415 544 464 et
559 411 644 481 longo
668 427 731 465 cor·
750 413 773 467 A
790 411 898 475 Quibus
913 411 960 465 ille
980 412 1148 482 respondit:
1176 413 1276 469 Petitio
1294 430 1357 469 mea
1379 415 1438 470 sola
1458 415 1519 471 haec
1543 422 1634 472 estut

79 499 162 554 modo
178 498 301 569 fatigari.
323 498 396 563 Quid
420 499 524 569 plura?
544 500 589 555 Sic
609 517 653 555 res
678 518 727 556 ac-

79 605 86 642 i
110 587 211 642 habuit
235 587 353 654 exitum,
378 593 410 642 ut
432 603 519 659 quem
541 593 605 658 post
625 590 727 661 viginti

79 692 166 733 usum
188 676 315 731 visurum
341 692 371 731 se
395 693 441 730 rer
462 677 652 732 estimaverat
676 696 728 733 nec

80 782 196 820 unorum
216 767 307 835 spatio
324 766 440 820 videret.
465 772 558 837 Atque
582 783 615 821 eo
641 769 727 823 modo

82 870 108 909 m
133 870 217 908 suurn
241 854 336 908 diviua
365 853 548 908 Providentia
563 855 631 926 agit,
654 861 685 910 ut
700 862 728 911 et

80 943 132 1016 egis
145 943 178 997 ad
193 944 391 1014 episcopatum
406 960 435 997 se
452 943 593 1013 cupientis
614 960 727 1014 promo

80 1038 123 1099 et,
148 1040 174 1086 et
200 1032 276 1102 quod
298 1031 430 1102 episcopo
462 1032 605 1101 pollicitus
632 1033 727 1086 iuerat

80 1126 254 1176 atannorum
266 1137 319 1190 pro
329 1137 363 1174 eo
374 1119 612 1190 supplicationem
621 1120 686 1174 licet
697 1120 726 1174 in

81 1209 169 1264 esitus
184 1209 364 1279 adimpleret.
390 1209 460 1262 Nam
475 1224 540 1262 cum
560 1209 640 1262 omni
662 1209 725 1262 ritae

85 1303 163 1366 ‚tum
180 1297 367 1352 maximeillis
378 1303 486 1367 septem
500 1297 582 1350 anuis
602 1297 726 1351 orationi

81 1404 97 1442 s
111 1387 184 1442 sicut
199 1386 353 1457 Apostolus
370 1385 500 1456 praecipit
514 1402 567 1455 pro
592 1387 727 1441 omnibus

81 1491 121 1530 iro
138 1475 254 1546 regibus
269 1477 297 1528 et
310 1475 444 1527 omnibus
462 1474 510 1544 qni
539 1473 568 1526 in
593 1472 726 1527 sublimi·

91 1563 218 1636 quietam
242 1569 269 1615 et
283 1562 469 1632 tranquillam
491 1563 578 1616 silam
609 1568 727 1633 agerent

82 1657 122 1708 ste
137 1657 165 1706 et
178 1651 307 1706 castitate
323 1651 346 1720 (l
360 1653 429 1705 Tim.
442 1652 480 1718 ιι).
503 1651 614 1705 Eisdem
631 1655 726 1705 autem

82 1787 85 1796 .
106 1741 221 1805 exactis,
237 1739 299 1794 sine
321 1739 479 1793 cessatione
500 1739 640 1810 lacrymas
662 1739 726 1793 lun·

82 1831 144 1886 idue
159 1829 313 1886 Dominum
335 1829 517 1898 precabatur,
539 1844 651 1883 memor
667 1828 728 1898 ejus

82 1919 217 1991 quoniam
241 1917 289 1988 qui
314 1918 458 1971 seminant
478 1918 507 1970 iu
538 1916 670 1987 lacrymis
696 1917 727 1971 iu

83 2012 112 2063 nt
124 2007 207 2080 (Psoi.
225 2005 323 2076 cxxv);
340 2011 367 2059 et
382 2006 473 2059 sciens
488 2006 653 2060 tinemuta
668 2022 726 2061 suec

88 2096 198 2162 abesse,
212 2096 389 2166 cupiensque
404 2093 520 2148 dissolvi
534 2100 563 2147 et
584 2109 645 2148 esse
661 2110 725 2147 cum

83 2187 115 2256 ip.
131 2186 173 2253 ri).

84 2309 131 2348 um
145 2307 203 2361 pree
215 2292 374 2360 infirmitate
387 2290 465 2345 adire
474 2306 527 2344 non
537 2296 635 2359 potest.

113 2403 265 2469 postquam
298 2412 439 2450 annorum
462 2401 573 2465 septem
600 2395 725 2468 spatium

84 2491 111 2554 n,
128 2486 271 2557 sigiberto
286 2485 347 2556 regi
365 2485 395 2539 in
411 2491 536 2539 mentem
555 2485 634 2539 venit
655 2485 724 2556 quid

91 2577 183 2634 Goare
197 2581 256 2630 tam
269 2575 331 2634 sibi¹
348 2590 433 2645 quam
451 2574 558 2645 populo
574 2577 602 2627 et
626 2590 725 2645 proce-

91 2665 257 2737 plecuissel;
288 2669 373 2734 atque
396 2662 545 2732 evestigio
565 2662 665 2732 legatis
689 2663 724 2717 ad

84 2795 89 2820 ,
114 2757 178 2808 orat
201 2753 243 2806 uti
265 2754 298 2805 ad
315 2767 344 2804 se
369 2750 467 2804 venire
484 2750 595 2804 debeat.
612 2749 667 2805 Sed
683 2751 726 2804 vir

85 2857 172 2910 enus,
187 2841 237 2911 qui
251 2841 336 2893 sciret
353 2838 570 2892 dissolutionem
588 2837 643 2892 sibi
662 2854 725 2891 cor-

85 2947 132 2998 ire,
148 2931 249 3001 legatis
270 2928 437 3000 prophetica
456 2941 525 2981 voce
552 2926 723 2996 respoudit:

85 3019 217 3082 ,domino
233 3023 337 3080 vestro,
359 3016 495 3086 quoniam
511 3014 613 3069 faciem
630 3030 724 3069 meam
743 3008 764 3064 C

85 3109 192 3164 raesenti
216 3107 273 3161 vita
295 3106 416 3173 visurus,
434 3104 488 3158 uisi
502 3103 576 3158 forte
600 3103 667 3157 velit
688 3103 724 3157 ad

86 3204 159 3252 tram
182 3197 244 3267 ipse
271 3195 376 3261 venire,
401 3192 540 3264 quoniam
563 3191 726 3246 inllrmitati

86 3287 292 3357 improbemus,
314 3298 455 3354 nusquam
472 3281 609 3352 progredi
627 3281 723 3347 valeo,

86 3391 125 3430 tec
150 3374 254 3428 dirime
277 3372 391 3444 pietatis
418 3370 532 3442 flagella
556 3371 642 3440 longe
669 3369 726 3423 sint
815 3417 820 3428 ,

86 3462 202 3517 leviora.
228 3462 291 3515 tlaec
311 3476 376 3513 curn
401 3459 486 3530 legati
501 3459 537 3513 ad
560 3473 659 3528 regem
684 3472 726 3511 re·

86 3551 200 3615 dissent,
227 3549 409 3603 contristatus
432 3549 479 3602 ille
499 3548 594 3603 dicere
618 3544 723 3615 coepit:
798 3595 803 3606 ,

86 3639 195 3711 liguum
215 3639 301 3692 talem
318 3637 425 3690 habere
451 3636 605 3698 doctorem,
630 3649 725 3705 neque

91 3732 204 3783 tantum
215 3731 374 3780 mereretur
388 3725 532 3795 possidere
549 3723 724 3806 pqutificem.

87 3816 172 3871 idhuc
196 3815 274 3882 alios,
291 3830 343 3884 per
359 3829 430 3884 quos
451 3811 536 3882 petiit
558 3811 669 3873 obnixe,
693 3815 725 3866 ut

87 3920 121 3959 m
139 3903 319 3976 praesentiam
345 3901 388 3954 vir
410 3905 523 3954 sanctus
546 3899 658 3969 fatigati
683 3898 728 3952 di·

87 4010 143 4066 que
161 4009 191 4047 se
215 3990 389 4047 desideranti
404 4004 578 4061 magnopere
602 3986 727 4058 principi

87 4083 121 4143 tui
146 4086 178 4138 ut
202 4084 344 4136 venerunt
367 4094 481 4134 servum
507 4077 611 4133 Christi
635 4078 726 4131 multo

88 4189 95 4226 i
118 4171 297 4227 laborantem
314 4173 342 4222 et
365 4168 504 4238 prolixius
527 4170 726 4237 egrotantem,

88 4260 208 4316 uadibus
215 4257 532 4330 jugiterpersistentem
543 4255 725 4309 invenerunt.

94 4350 238 4422 sepositis
257 4349 299 4402 vir
315 4346 510 4402 sanctissimus
535 4343 595 4398 ait:
622 4341 725 4405 Nolite,

88 4439 231 4508 nosipsos,
257 4440 306 4491 aut
332 4451 430 4505 regem
455 4440 582 4487 vestrum
607 4429 728 4485 ulterius

88 4528 164 4584 niam
180 4531 288 4580 certum
303 4525 394 4579 haheo
407 4528 436 4577 et
449 4523 489 4576 ita
503 4538 536 4575 er
551 4520 658 4591 pietate
680 4533 728 4571 su-

89 4633 112 4685 a,
137 4632 183 4670 me
205 4629 299 4685 neque
320 4616 400 4667 extra
421 4609 546 4681 spatium
569 4607 624 4662 loci
646 4605 729 4660 istius

89 4719 221 4767 rasurum,
238 4718 332 4773 neque
347 4701 436 4755 ullam
451 4698 627 4755 evectionem
643 4695 729 4749 aliam

89 4794 207 4848 situram
221 4791 367 4862 propriam
383 4788 556 4842 subiturum.
567 4786 606 4839 lta
621 4783 650 4836 in
662 4798 729 4853 pro·

90 4898 170 4948 aeus,
191 4880 262 4935 fixus
286 4880 316 4934 in
339 4879 389 4934 Dei
405 4876 537 4931 laudibus
553 4878 582 4928 et
600 4872 729 4927 oratione

90 5101 116 5142 m
142 5088 227 5141 iocum
253 5088 278 5138 el
303 5083 441 5136 ministros
473 5097 491 5134 o
513 5095 573 5146 repe
598 5075 729 5149 postulat.

90 5200 146 5256 lissi
158 5200 200 5255 illi
215 5198 264 5270 qui
278 5198 312 5252 ad
332 5213 397 5252 eum
424 5200 576 5260 venerant,
592 5194 661 5265 quid
677 5192 731 5247 sihi

782 501 806 554 si
823 500 961 571 eiplacet,
980 500 1015 555 de
1034 500 1087 554 hoc
1110 501 1173 555 loco
1188 503 1437 574 amplificationem
1460 504 1632 560 meritorum

783 594 811 643 et
825 603 939 643 causam
968 588 1167 643 retributionis
1183 596 1296 646 aeteruue
1320 592 1374 646 sihi
1388 593 1418 646 iu
1435 608 1524 663 reguo
1546 595 1631 648 coelo·

781 693 846 733 rum
860 677 1002 748 acquirat3
1017 682 1045 732 et
1060 693 1127 732 cum
1142 682 1285 733 extremus
1299 681 1371 735 mibi
1382 682 1412 736 in
1427 681 1480 736 hac
1491 682 1548 736 vita
1568 683 1630 738 dies

780 773 810 820 ct
825 765 938 822 debitus
953 765 1019 819 linis
1034 767 1190 833 adverterit,
1212 769 1380 823 auctoritate
1396 786 1446 823 sua
1461 776 1488 825 et
1504 770 1627 842 imperio

781 854 816 909 ed
838 871 883 909 me
902 853 1094 924 Agrippinum
1121 860 1149 909 et
1174 856 1326 910 Eusebium
1351 859 1511 913 sacerdotes
1535 860 1632 915 venire

781 944 874 1010 saciat,
902 942 951 1015 qui
976 960 1073 999 meum
1096 945 1299 1014 corpusculum
1325 945 1447 1000 debeant
1476 948 1631 1019 sepulturae

781 1031 927 1086 mandare.
945 1032 1003 1086 lloc
1018 1037 1133 1102 accepto
1143 1047 1291 1103 responso,
1315 1034 1349 1088 ad
1367 1049 1464 1104 regem
1479 1035 1529 1105 qui
1552 1036 1631 1092 missi

781 1118 895 1172 luerunt
921 1122 1113 1187 revertuntur,
1137 1120 1224 1174 verbe
1247 1121 1399 1176 sacerdotis
1424 1128 1453 1177 et
1476 1139 1574 1193 preces
1596 1141 1630 1180 ex

781 1206 883 1262 ordine
896 1207 1061 1262 relerentes.
1080 1209 1117 1262 Ea
1130 1225 1177 1263 rer
1198 1213 1230 1262 ut
1244 1212 1387 1280 coguovit,
1411 1212 1536 1281 grauiter
1550 1229 1632 1268 corn-

782 1296 876 1345 motus
893 1290 1045 1360 ingemuit,
1058 1291 1203 1362 faciesque
1219 1293 1279 1361 eius
1303 1293 1456 1349 immutata
1480 1300 1531 1363 est,
1557 1313 1632 1367 quo·

781 1378 859 1433 niam
886 1383 998 1433 tautum
1026 1379 1119 1433 uirum
1148 1380 1203 1434 cito
1241 1397 1271 1435 se
1296 1381 1470 1438 amissurum
1505 1384 1631 1440 videbat.

781 1467 899 1538 Moxque
922 1467 1129 1538 suprascriptos
1153 1468 1188 1522 ad
1214 1485 1243 1522 se
1268 1470 1429 1525 sacerdotes
1463 1474 1632 1539 accersiens,

781 1572 833 1626 pro
848 1558 993 1611 voluntate
1006 1556 1060 1610 viri
1075 1557 1165 1611 sancti
1175 1573 1223 1611 eos
1238 1558 1380 1628 proticisci
1395 1560 1429 1615 ad
1440 1562 1541 1616 cellam
1552 1561 1631 1617 illius

780 1644 872 1716 jubet,
889 1645 1067 1699 mandansul
1080 1661 1145 1716 quse
1160 1645 1207 1699 ille
1218 1647 1387 1718 preciperet
1410 1664 1475 1703 curn
1493 1650 1573 1704 omui
1588 1650 1631 1705 di·

747 1708 767 1762 B
783 1732 900 1804 ligentia
916 1736 943 1785 et
957 1731 1050 1787 studio
1060 1731 1258 1803 adimplerent.

1048 1823 1164 1876 Moritur·
1179 1837 1210 1876 oc
1226 1823 1364 1892 sepelitur.

817 1912 861 1965 28.
872 1909 971 1981 ltaque
988 1913 1051 1980 post
1078 1909 1143 1963 illos
1167 1919 1189 1976 ⁸,
1207 1927 1277 1982 quos
1293 1911 1517 1966 memoravimus
1532 1927 1629 1983 supra,

781 2002 890 2070 septem
908 2013 1009 2061 anuos,
1026 1997 1149 2052 triennio
1164 2002 1192 2053 et
1206 1999 1297 2052 tribus
1322 1998 1470 2054 mensibus
1494 2000 1525 2054 iu
1544 2000 1631 2055 intir-

781 2087 880 2140 mitate
895 2091 924 2140 et
939 2086 990 2141 Dei
1005 2086 1138 2140 laudibus
1152 2087 1256 2141 exactis
1272 2087 1315 2141 vir
1327 2087 1507 2142 beatissimus
1528 2091 1631 2161 plenus

781 2175 893 2230 dierum
914 2181 942 2228 et
961 2174 1097 2246 operibus
1116 2174 1207 2242 bouis,
1234 2176 1402 2248 actibusque
1422 2177 1543 2247 justitiae
1562 2193 1630 2232 cou-

780 2269 949 2330 summatus,
963 2264 1062 2334 positis
1076 2279 1171 2318 coram
1190 2265 1360 2335 supradictis
1384 2264 1581 2320 sacerdotibus
1603 2271 1631 2322 et

780 2353 977 2426 compluribus
1005 2353 1067 2407 aliis
1086 2352 1169 2407 bouis
1192 2358 1220 2407 et
1247 2353 1374 2408 honestis
1398 2354 1573 2420 hominihus,
1600 2355 1631 2410 iu

780 2443 881 2496 cellula
896 2458 946 2496 sua
961 2442 991 2496 in
1006 2457 1063 2514 qua
1078 2440 1183 2496 multos
1198 2458 1287 2496 annos
1303 2443 1361 2497 lieo
1375 2443 1501 2497 serviens
1521 2447 1629 2513 egerat,

779 2530 899 2586 decessit
925 2530 1018 2600 pridie
1046 2531 1140 2584 Nonas
1170 2530 1269 2597 iulias,
1309 2531 1474 2602 relinquens
1509 2546 1630 2601 corpore

780 2619 925 2682 saeculum,
937 2620 1018 2689 eujm
1028 2619 1188 2690 voluptates
1199 2623 1228 2673 et
1237 2619 1378 2674 desideria
1389 2619 1456 2674 olim
1469 2635 1521 2691 pro
1531 2634 1629 2674 amore

779 2708 880 2779 patriae
900 2723 1030 2778 supernae
1054 2708 1226 2778 reliquerat;
1241 2715 1269 2762 et
1284 2710 1319 2763 ad
1335 2724 1402 2763 eum
1420 2724 1506 2779 quem
1533 2709 1629 2764 inces-

779 2800 875 2851 santer
887 2795 1087 2867 concupiverat
1110 2811 1207 2866 regern
1230 2796 1376 2852 Christum
1405 2796 1629 2868 felicitatemque

779 2885 975 2940 coelestisvilee
991 2883 1170 2955 perveniens,
1198 2884 1312 2938 futurus
1337 2884 1378 2939 ibi
1399 2884 1461 2939 sine
1482 2884 1540 2940 fine
1561 2902 1629 2957 pos·

779 2989 873 3029 sessor
892 2978 1066 3027 aeternorum
1091 2972 1242 3039 bonorum,
1265 2973 1314 3044 qui
1335 2972 1381 3027 hic
1397 2973 1472 3027 hona
1489 2989 1553 3044 quae
1578 2990 1630 3044 pn·

778 3067 876 3117 tantur
890 3061 1036 3133 praeseutis
1051 3061 1188 3130 temporis
1202 3077 1267 3115 cum
1285 3061 1411 3131 potuerit
1425 3061 1519 3116 noluit
1536 3062 1630 3132 possi-

779 3152 858 3220 dere,
876 3156 905 3206 et
916 3150 1067 3205 habiturus
1082 3165 1146 3204 cum
1170 3150 1282 3206 Christo
1304 3150 1422 3204 domum
1447 3165 1504 3203 nou
1524 3165 1628 3205 mauu·

778 3239 881 3294 iactam
895 3243 1031 3294 aeternam
1043 3239 1071 3292 in
1083 3238 1171 3306 coelis,
1188 3237 1234 3292 eui
1249 3238 1279 3292 in
1289 3237 1348 3292 suis
1358 3237 1495 3292 membris
1508 3238 1628 3293 domum

779 3345 860 3384 suam
883 3342 1040 3400 pauperem
1057 3333 1086 3382 et
1100 3332 1246 3383 terrenam
1268 3326 1374 3382 lecerat
1385 3327 1551 3399 frequenter
1576 3327 1629 3381 ho-

779 3417 907 3489 spitium.
934 3419 1000 3488 Ejus
1023 3418 1083 3488 jam
1108 3416 1240 3470 exanime
1270 3432 1374 3486 corpus
1397 3416 1573 3488 Agrippinas
1601 3420 1629 3471 et

778 3505 926 3569 Eusebius,
942 3505 1047 3577 aliique
1066 3505 1115 3576 qui
1138 3504 1259 3560 ederant
1282 3505 1443 3560 sacerdotes
1467 3509 1496 3560 et
1519 3503 1629 3560 nobiles

779 3595 832 3650 riri
847 3611 912 3649 cum
934 3609 1047 3649 summo
1066 3594 1177 3648 honore
1200 3599 1230 3648 et
1255 3593 1415 3648 reverentia
1447 3598 1627 3661 curaverunt,

779 3689 865 3756 utque
880 3683 910 3736 in
925 3683 1026 3737 eodem
1041 3683 1104 3737 loco
1115 3687 1143 3735 et
1163 3681 1282 3736 ecclesia
1306 3696 1393 3752 quam
1413 3680 1474 3752 ipse
1496 3687 1628 3737 constru-

779 3776 868 3838 xerat,
884 3771 1040 3841 sepulturae
1055 3770 1238 3824 mandarunt.

992 3860 1121 3913 Auctoris
1136 3857 1202 3926 fides
1218 3862 1244 3911 et
1252 3858 1398 3927 peroratio.

814 3951 858 4002 29.
874 3949 939 4003 llaec
952 3945 1040 4001 habui
1055 3947 1089 4002 de
1103 3946 1165 4001 Vita
1180 3945 1270 4000 sancti
1289 3945 1343 4000 riri
1358 3944 1457 4000 Goaris
1474 3960 1539 4016 quae
1562 3944 1629 3998 scri·

780 4042 873 4109 pturae
888 4036 1067 4102 mandarem,
1081 4039 1195 4106 accepta
1209 4050 1244 4088 ex
1258 4034 1377 4089 vetustis
1396 4039 1425 4088 et
1448 4033 1630 4105 perantiquis

781 4125 1005 4196 exemplaribus,
1023 4139 1148 4204 quorum
1173 4138 1269 4178 rerum
1298 4127 1444 4194 gestarum
1466 4123 1631 4177 narratione

780 4216 928 4270 veritatem
941 4214 1113 4284 fideiutegra
1127 4213 1313 4283 subsequens,
1321 4211 1410 4265 solam
1417 4210 1557 4266 sermonis
1565 4226 1632 4282 quae

746 4309 768 4362 D
783 4302 911 4356 eruditos
920 4318 977 4356 non
993 4317 1095 4371 parum
1118 4300 1264 4355 offendere
1286 4304 1398 4370 poterat
1416 4299 1631 4370 simplicitatem

782 4406 835 4461 pro
849 4393 942 4444 vestra
966 4390 1122 4455 voluntate,
1143 4389 1187 4444 vir
1210 4389 1366 4443 clarissime
1388 4393 1526 4459 paterque
1543 4404 1633 4443 vene-

783 4478 881 4542 rande,
893 4478 1036 4549 corrigere
1051 4477 1158 4544 studui,
1177 4481 1278 4549 optans
1293 4482 1321 4531 et
1335 4476 1477 4547 meipsum
1492 4482 1521 4531 et
1531 4493 1633 4532 omnes

783 4568 833 4638 qui
848 4568 909 4621 haec
922 4566 1023 4621 lecturi
1038 4571 1115 4628 sunt,
1131 4567 1204 4621 tanti
1218 4566 1271 4620 riri
1287 4565 1491 4620 intercessione
1514 4570 1543 4621 et
1572 4582 1634 4620 me·

784 4657 846 4711 ritis
860 4655 934 4726 apud
948 4655 1073 4709 divinam
1089 4670 1204 4726 semper
1228 4654 1358 4725 adjuvari
1380 4655 1575 4722 clementiam,
1602 4660 1633 4710 ut

784 4745 879 4817 quiex
893 4743 1061 4799 infirmitate
1076 4744 1170 4798 carnis
1185 4743 1319 4798 humanus
1335 4748 1363 4797 et
1377 4744 1541 4799 conditione
1554 4760 1633 4799 mor-

783 4833 848 4887 talis
863 4832 930 4887 uitae
955 4832 1044 4886 multa
1068 4831 1198 4902 quotidie
1220 4835 1320 4886 contra
1343 4833 1420 4903 leges
1442 4833 1552 4887 divinas
1572 4832 1633 4902 agi-

784 4938 858 4988 mus,
874 4921 936 4991 ejus
956 4920 1006 4991 qui
1025 4919 1117 4991 quoad
1145 4920 1215 4974 vixit
1238 4920 1350 4991 integre
1372 4920 1431 4991 legi
1451 4920 1555 4976 Christi
1575 4935 1634 4974 ser-

785 5010 854 5064 vivit
882 5009 1055 5075 interrentu,
1081 5013 1109 5062 et
1134 5013 1316 5078 peccatorum
1342 5010 1469 5080 pondere
1492 5006 1635 5064 sublevari

786 5105 814 5154 et
828 5098 863 5153 ad
874 5098 946 5153 bene
962 5097 1115 5152 vivendum
1132 5113 1296 5152 mereamur
1310 5096 1455 5169 opitulari,
1474 5098 1634 5168 [praestante

787 5186 907 5244 Domino
922 5187 987 5241 Jesu
1008 5185 1131 5254 Christo,
1156 5185 1203 5240 cui
1218 5191 1260 5241 est
1281 5202 1346 5240 cum
1368 5186 1449 5239 Patre
1471 5182 1501 5239 'et
1526 5184 1634 5257 Spiritu

110 5304 178 5361 rege
205 5287 291 5342 uellet
313 5284 463 5357 impetrari
491 5281 734 5355 percontabantur
786 5281 883 5330 sancto
897 5275 989 5329 honor
1004 5280 1033 5329 et
1046 5274 1137 5346 gloria
1150 5275 1180 5328 in
1203 5274 1306 5330 saecula
1326 5275 1507 5336 seculorum,
1531 5277 1634 5328 Amen.

90 5389 184 5444 l'itoet
200 5386 305 5441 actibus
320 5386 408 5438 suncti
422 5398 454 5436 oc
478 5381 626 5435 beatissimi
650 5379 750 5516 Goasrqs
768 5375 939 5499 qualessoris,
972 5372 1060 5428 editus
1087 5389 1104 5427 a
1131 5371 1481 5436 Wsuosrusnrodr'ocouo,
1504 5374 1619 5442 rapticit

713 5464 726 5502 e
738 5462 773 5504 rei
786 5461 824 5500 er.

91 5578 205 5634 rimarii
224 5578 348 5633 auctoris
363 5579 469 5641 mente,
484 5578 541 5627 tres
551 5571 734 5643 anniquihus

91 5656 126 5706 :ta
140 5649 195 5703 luit
216 5648 390 5714 valetudine,
413 5645 491 5699 inter
511 5648 621 5714 septem
645 5656 735 5696 anuos

788 5566 851 5622 illos
865 5565 1051 5638 computandi
1066 5569 1142 5619 sunt.
