3930 6098
104 217 175 272 ¹037
715 209 816 266 LIBER
838 209 884 266 DE
904 207 1028 266 TRIBUS
1047 205 1235 265 aristonis.
1783 215 1852 270 t0³8

103 347 327 405 destinationem
344 346 465 401 creduut
480 363 487 400 :
504 361 572 416 ergo
583 349 611 399 at
622 344 736 399 beatum
748 342 953 415 Augustiuum,
973 344 997 396 Α
1011 347 1077 398 sunt
1092 343 1301 414 praedestinate
1310 343 1323 397 t
1332 345 1365 399 ut
1375 343 1399 398 si
1409 349 1519 399 certum
1531 351 1574 401 ast
1584 348 1659 417 apud
1670 349 1851 421 omnipoten-

103 437 264 492 etbeatum
288 434 481 506 Fulgentium,
507 439 535 488 et
551 433 641 504 ipsam
666 432 732 487 fidei
756 431 951 487 ecclesiastice
1007 437 1064 486 tem
1079 433 1180 501 Deum,
1197 432 1246 504 qui
1261 450 1307 487 aas
1323 434 1380 488 sint
1395 435 1590 504 passuri,sine
1605 436 1693 492 dubio
1708 439 1851 496 etdecrs·

103 524 307 580 solidissimam
324 524 474 578 veritatem
496 521 624 577 heretici
646 521 751 575 erroris
769 520 952 575 denotatione
1006 524 1069 575 tum
1084 525 1112 574 et
1128 520 1279 576 definitum
1296 525 1332 576 sit
1347 521 1423 593 ipsos
1437 539 1497 577 essa
1513 540 1656 595 passuros.
1673 526 1751 581 Sicut
1773 528 1850 585 enim

103 612 245 677 intnmat;
260 614 288 664 et
310 609 344 665 ad
365 614 479 664 tantum
501 609 609 664 malum
626 609 687 663 hec
706 608 862 678 pertinacia
884 624 951 661 con·
1007 613 1098 663 certas
1110 625 1208 680 penas
1220 609 1260 663 eis
1272 611 1322 681 qui
1335 610 1415 680 digni
1430 617 1498 665 sunt
1508 613 1730 684 predestinavit,
1743 614 1785 671 ita
1795 632 1853 671 cer-

105 697 246 754 teutiouis
262 696 400 768 perducta
413 702 465 763 est,
480 702 511 751 ut
532 697 617 768 (quod
640 712 725 750 nonio
746 695 832 767 digua
858 696 953 750 dolere
1006 694 1115 749 tissime
1130 696 1244 751 eosdem
1258 697 1325 768 quia
1340 697 1418 767 digni
1427 705 1504 767 suut,
1519 700 1588 771 ipsis
1599 701 1690 773 penis
1705 704 1852 773 predesti-

103 789 209 859 potest)
226 785 287 857 jam
303 785 378 856 apud
394 785 468 852 illos,
483 785 531 857 qni
542 799 628 855 prave
643 784 779 850 sentiunt,
791 783 951 849 orthodoxi,
1007 783 1095 838 navit.
1113 784 1189 839 Sicut
1203 799 1268 839 vero
1288 785 1412 856 injustus
1425 803 1484 841 nou
1497 793 1539 843 est
1553 789 1648 859 dignis
1663 792 1854 862 praeparando

103 881 134 930 et
149 874 200 947 qui
213 873 369 928 orthodoxe
384 872 510 944 sapiunt,
525 872 651 927 heretici
663 873 846 944 deputentur.
871 871 954 935 Qriod

104 963 217 1018 malum
228 961 411 1017 vehementer
425 961 509 1016 nobis
523 961 679 1018 cavendum
692 962 833 1033 propheta
844 960 954 1015 denun-

104 1053 169 1119 tiat,
188 1053 284 1108 dicens
301 1068 307 1106 :
326 1073 336 1099 ι
354 1052 401 1104 Ve
417 1051 467 1122 qui
487 1049 580 1105 dicitis
602 1051 711 1105 malum
729 1050 847 1114 bouum,
867 1049 955 1104 etbo-

106 1157 178 1195 num
195 1140 313 1204 malum,
335 1144 474 1210 ponentes
489 1139 622 1194 tenebras
638 1139 741 1206 lucam,
761 1143 789 1193 et
808 1139 901 1193 lucem
919 1143 955 1191 te-

105 1229 223 1295 achras,
239 1234 378 1300 ponentes
392 1242 523 1282 amarum
538 1227 568 1282 in
579 1226 677 1296 dutce;
690 1232 717 1280 at
727 1227 819 1294 dulce,
836 1226 866 1280 iu
876 1242 955 1280 ama-

107 1333 174 1373 rum
191 1317 256 1388 (leo.
273 1335 300 1386 r,
312 1317 368 1388 ιθ).
385 1339 399 1366 ιι

427 1404 540 1461 CAPUT
561 1404 634 1458 XXX.

182 1515 216 1569 Ut
230 1514 310 1568 ruatis
321 1512 523 1583 predestinata}
542 1525 635 1580 poenae,
653 1512 690 1564 stc
704 1510 772 1563 moti
785 1511 882 1579 poenis.

144 1619 280 1694 Sequitur
292 1618 429 1690 posthaec
443 1617 475 1671 in
489 1616 589 1671 eadem
601 1615 795 1687 responsione.

451 1739 612 1778 urucnauus.

146 1855 161 1881 v
177 1834 240 1898 Qua
256 1832 291 1886 de
304 1846 336 1884 re
352 1829 499 1901 refugiunt
511 1829 605 1884 dicere
621 1829 682 1900 qui,
703 1831 735 1881 ut
755 1826 888 1895 diximus,
916 1843 957 1881 sa-

107 1938 182 1977 num
195 1920 329 1975 videntur
341 1934 450 1990 sapere,
462 1917 603 1989 quosdam
623 1916 840 1989 predestinatos
857 1933 872 1970 a
900 1917 957 1970 lico

109 2026 172 2064 assa
190 2009 225 2083 ad
240 2008 401 2075 interitum,
417 2007 465 2061 sed
481 2005 683 2060 tantummodo
708 2004 853 2075 prescitos
870 2020 876 2058 :
900 2005 957 2058 ele-

109 2103 171 2153 ctos
198 2101 305 2163 autem,
334 2102 360 2150 et
376 2095 533 2166 prescitos,
558 2099 586 2148 at
608 2093 826 2164 predestinatos
846 2108 906 2146 asse
923 2092 958 2147 ad

110 2202 246 2259 regnum,
261 2192 289 2240 et
305 2200 426 2255 reguum
446 2183 502 2238 illis
513 2184 556 2254 (ut
571 2180 706 2252 diximus)
725 2176 959 2252 predestinatum

110 2279 255 2330 eternum
271 2273 306 2328 de
333 2273 438 2343 quihus
462 2272 559 2326 nullus
582 2275 677 2342 potest
702 2271 808 2341 perire.
829 2270 864 2324 Et
886 2269 960 2323 sicut

110 2367 179 2418 sunt
190 2361 388 2434 predestinati
398 2361 491 2432 gratia
503 2359 552 2415 Dei
563 2360 596 2414 ad
610 2374 741 2430 reguum,
757 2359 794 2412 ita
809 2362 876 2412 sunt
886 2374 959 2429 pre·

111 2451 249 2508 destinati
272 2450 428 2505 secundum
455 2449 634 2520 Apostolum,
654 2449 683 2500 in
706 2447 841 2518 operibns
864 2447 958 2510 bouis,

111 2540 142 2594 in
155 2539 262 2611 quibus
277 2538 457 2592 ambularent
470 2537 558 2606 (Epi.
579 2552 608 2599 u,
639 2535 698 2605 l0);
725 2552 776 2607 pro
793 2535 897 2606 quibus
919 2535 960 2588 eis

111 2643 172 2683 nou
185 2627 279 2681 solum
294 2625 386 2698 gratia
400 2624 493 2690 detur,
512 2624 561 2678 sed
577 2631 605 2678 et
620 2624 712 2694 grstia
724 2639 844 2694 regnum
864 2621 962 2677 redda-

111 2722 161 2772 tur
181 2720 332 2770 etarunm.
356 2715 473 2768 Poeuam
489 2717 585 2767 autem
601 2711 700 2767 dicunt
725 2713 753 2765 in
781 2710 959 2779 infidelitate,

113 2806 158 2859 vel
173 2804 327 2876 iniquitate
343 2801 592 2875 perseverantibus
616 2816 631 2854 a
647 2802 704 2855 Deo
729 2799 961 2871 predestinatum

113 2894 273 2949 secuudum
300 2889 678 2960 diviuam'presciantiam,
721 2888 793 2942 sicut
822 2889 961 2959 scriptum

113 2983 200 3039 estin
216 2982 355 3054 propheta
372 2997 379 3036 :
404 3000 418 3030 «
443 2980 605 3050 Preparata
633 2982 674 3032 est
694 2976 806 3031 abbari
833 2971 964 3047 Toplxeth

113 3072 186 3143 (Iso.
206 3087 272 3138 xxx,
288 3072 344 3142 33),
366 3091 376 3118 ι
402 3068 536 3139 quiahoc
551 3067 586 3122 ad
610 3065 830 3121 retributionem
843 3065 962 3136 justitie

112 3160 253 3232 pertinet,
269 3159 340 3213 sicut
353 3156 524 3230 pertiuetad
541 3155 673 3227 gratiam,
686 3159 716 3209 ut
731 3170 763 3209 ex
775 3170 832 3208 unu
849 3154 963 3208 eadem-

114 3264 172 3321 que
190 3263 283 3302 massa
297 3245 406 3318 peccati
429 3245 520 3317 gratia
550 3243 634 3299 electi
654 3243 896 3314 praedestinentur
929 3242 963 3297 ad

114 3338 215 3404 vitam,
244 3336 433 3391 concordante
455 3349 521 3388 cum
549 3333 601 3387 boc
630 3332 793 3404 evangelica
821 3331 962 3387 veritate:

1008 872 1620 947 poenas,sicproculdubiojastusastdiguos
1630 879 1852 948 praeordinando

1007 960 1112 1029 poeuis
1132 961 1290 1032 Utrumque
1302 977 1371 1031 argo
1386 961 1561 1032 praescitum,
1574 968 1728 1036 utrumque
1743 965 1853 1037 prede·

1008 1047 1157 1117 stinctum,
1180 1049 1248 1120 quia
1271 1055 1426 1121 utrumque
1447 1050 1557 1121 justum
1579 1053 1728 1108 manilesta
1751 1055 1854 1109 veritas

1009 1133 1142 1190 declarat.
1169 1137 1225 1190 Nec
1250 1137 1449 1191 necessitatem
1474 1139 1513 1192 eis
1539 1139 1679 1208 pereundi
1705 1157 1756 1195 sue
1784 1158 1855 1213 pre-

1010 1223 1126 1278 scientia
1140 1225 1182 1278 vel
1200 1225 1451 1294 predestinatione
1466 1225 1602 1298 imponit,
1618 1242 1689 1298 qnos
1704 1234 1732 1284 et
1747 1229 1807 1294 diu,
1823 1234 1856 1285 ut

1009 1318 1255 1381 converterentur,
1276 1314 1448 1384 exspectavit
1466 1328 1472 1368 ε
1489 1320 1518 1369 et
1531 1315 1600 1386 quia
1618 1316 1744 1372 converti
1759 1319 1857 1372 uolue-

1010 1405 1087 1467 runt,
1101 1400 1176 1471 justa
1192 1401 1302 1456 ultione
1317 1402 1473 1457 damnavit.

1322 1525 1433 1579 CAPUT
1451 1524 1546 1578 XXXl.

1118 1629 1305 1684 Desertaata'o
1324 1629 1357 1683 B.
1376 1630 1450 1683 Petri
1465 1646 1471 1683 :
1489 1629 1570 1684 Novit
1596 1630 1679 1698 Deus,
1697 1639 1748 1686 etc.

1047 1733 1182 1805 Sequitur
1197 1733 1226 1788 in
1242 1734 1342 1788 eadam
1358 1734 1555 1805 responsione.

1353 1856 1515 1896 arucuxaus.

1047 1964 1060 1998 a
1074 1945 1155 2010 Quod
1169 1951 1197 2000 et
1212 1946 1312 2001 beatus
1329 1947 1429 2002 Petrus
1446 1948 1476 2001 iu
1502 1947 1626 2018 Epistola
1649 1963 1701 2002 sua
1726 1949 1859 2004 distincte

1012 2032 1144 2105 loquens,
1161 2035 1336 2089 demonstrat
1352 2051 1416 2088 curu
1435 2035 1524 2089 dicit:
1554 2036 1670 2091 «Novit
1698 2038 1773 2091 Deus
1796 2038 1859 2109 pios

1012 2122 1046 2176 do
1060 2123 1217 2177 tentatione
1236 2124 1357 2193 eripere,
1389 2123 1504 2195 iniquos
1528 2127 1624 2178 autem
1647 2125 1677 2179 in
1693 2125 1738 2180 die
1757 2126 1861 2196 judicii

1012 2211 1183 2265 cruciandos
1198 2227 1343 2266 reservare
1357 2213 1395 2282 (ll
1420 2214 1492 2266 Petr.
1519 2229 1549 2279 n,
1570 2211 1608 2278 9).
1627 2231 1640 2263 ι
1658 2213 1741 2268 Novit
1768 2214 1857 2281 enim,

1013 2299 1136 2354 verbum
1151 2299 1339 2371 prescientie
1355 2300 1414 2367 Dei,
1432 2301 1466 2355 ad
1483 2300 1616 2354 universa
1640 2302 1700 2355 bec
1728 2301 1804 2370 lacit,
1819 2303 1860 2357 vi-

1013 2387 1126 2454 delicet,
1143 2394 1171 2443 et
1186 2389 1221 2443 ad
1236 2388 1520 2459 predestinationem
1544 2391 1670 2461 piorum,
1696 2406 1760 2461 que
1775 2391 1861 2445 verbo

1015 2477 1171 2547 ereptionis
1199 2478 1340 2544 innuitur,
1375 2483 1404 2531 at
1430 2477 1466 2532 ad
1499 2479 1739 2549 significationem
1767 2495 1865 2559 posue

1014 2566 1234 2636 predestiuute,
1250 2581 1316 2619 cnm
1331 2565 1362 2618 in
1384 2565 1441 2619 line
1457 2566 1625 2620 cruciandos
1652 2567 1755 2638 impios
1775 2584 1861 2623 mon·

1015 2659 1096 2721 strat,
1113 2655 1229 2725 quando
1254 2674 1268 2704 o
1294 2653 1395 2708 reddet
1418 2654 1573 2725 unicnique
1595 2656 1753 2711 secundum
1775 2672 1863 2728 opera

1016 2760 1066 2797 sua
1081 2745 1167 2809 (Rom.
1187 2760 1218 2810 ιι,
1234 2742 1272 2814 6).
1289 2762 1303 2794 ιι
1324 2744 1358 2797 ιιι
1376 2742 1411 2797 ad
1428 2742 1640 2811 discretionem,
1656 2761 1722 2799 curu
1746 2744 1862 2816 iniquos

1017 2847 1074 2885 non
1089 2832 1158 2885 dicit
1183 2833 1336 2886 Dominum
1351 2831 1386 2885 ad
1412 2847 1560 2901 penarum
1581 2833 1723 2886 cruciatus
1747 2834 1863 2905 prede-

982 2918 1133 2989 gstinarc,
1150 2921 1198 2974 sed
1212 2920 1288 2989 juste
1310 2920 1438 2974 desertos
1462 2919 1629 2973 cruciandos
1654 2936 1808 2975 reservare.
1829 2920 1865 2976 Et

1018 3011 1114 3076 aparte
1139 3011 1316 3061 monstratur
1338 3006 1407 3078 quia
1431 3007 1611 3077 prescientia
1638 3008 1699 3063 sina
1721 3007 1865 3080 predesti-

1019 3094 1134 3149 natione
1158 3112 1219 3150 esse
1233 3101 1338 3166 potest,
1355 3095 1567 3166 praedestinatio
1589 3101 1684 3150 autem
1708 3096 1769 3151 sine
1788 3113 1862 3168 pre-

1018 3183 1135 3238 scientia
1150 3199 1210 3238 esse
1231 3200 1288 3238 non
1304 3188 1407 3255 potest.
1435 3183 1576 3247 Quocirca
1600 3184 1661 3237 sola
1684 3183 1866 3255 prescientia

1017 3272 1094 3343 viget
1115 3272 1145 3326 in
1171 3272 1311 3343 reprobis,
1336 3272 1485 3343 inquibus
1510 3271 1706 3343 misericordia
1726 3271 1865 3345 justanti

1018 3364 1155 3433 operatur
1179 3361 1215 3416 ad
1237 3361 1346 3416 donum
1370 3362 1487 3432 gratie3
1515 3361 1694 3432 prescientia
1718 3366 1813 3416 autom
1837 3364 1866 3417 et

116 3448 129 3477 ι
146 3427 199 3494 lta,
214 3426 319 3497 iuquit,
335 3423 490 3492 maledicti,
503 3422 533 3476 iu
547 3421 643 3494 iguem
660 3426 810 3487 eternum,
838 3419 888 3492 qui
911 3435 965 3490 pa-

114 3510 623 3583 r³t¹¹⁵⁶⁵²di⁸b⁰l⁰⁰t³¹¹ss⁹¹i⁵⁰j⁰⁵
642 3509 752 3581 (ΜΨ
782 3524 845 3577 ffl’
874 3506 962 3579 ω’
1020 3541 1093 3595 diter
1114 3544 1271 3612 operantur
1299 3540 1328 3592 in
1353 3538 1460 3603 clectis,
1488 3541 1538 3609 qui
1563 3537 1806 3609 predestinantur
1830 3538 1866 3592 ad

463 3632 619 3672 RESPONMO·
1020 3645 1141 3697 regnum
1158 3627 1305 3699 atquibus
1328 3643 1450 3698 regnum
1471 3627 1693 3697 predestinatur
1712 3631 1866 3693 eternum,

66 3724 70 3730 '
153 3710 335 3778 Quaewfflffi,
354 3725 420 3780 (1¹¹ae
436 3712 479 3762 ⁰³2
494 3707 549 3761 5³18
565 3722 621 3771 tes,
638 3721 702 3776 (111ae
724 3703 864 3758 catlsalssl
881 3702 963 3768 Γθῑὶθι
1020 3717 1096 3788 quod
1112 3717 1146 3771 ad
1167 3717 1274 3771 donum
1303 3717 1428 3786 pertinet
1456 3715 1571 3784 gratie;
1589 3720 1616 3768 et
1630 3715 1810 3785 prescientia
1828 3715 1867 3769 si-

116 3816 171 3873 9¹²⁰
192 3815 250 3872 (1¹¹³
271 3799 317 3853 isli
341 3798 487 3869 refugiunt
501 3793 785 3866 Plaedtsslinaliffilem
806 3791 856 3847 ⁰⁰1
872 3791 966 3847 diffie
1021 3806 1080 3859 mul
1103 3810 1130 3858 et
1154 3802 1368 3876 predestinatio
1393 3818 1475 3873 eque
1496 3818 1528 3856 ac
1538 3802 1696 3872 justissimo
1712 3808 1869 3873 operantur

116 3890 149 3944 in
164 3888 350 3945 dffl⁰⁸fi⁰1¹⁰
365 3882 574 3958 lssPf⁰b⁰¹⁰ml
592 3881 727 3952 N¹¹¹1tl¹¹id
742 3882 803 3935 hm
823 3895 891 3950 018³
902 3879 967 3932 1¹¹⁰³
1020 3892 1050 3945 ιιι
1067 3891 1320 3961 predestinatione
1337 3905 1429 3960 pene
1447 3889 1648 3960 reproborum,
1664 3905 1728 3961 que
1743 3891 1869 3961 pertinet

117 3978 216 4034 divina
232 3973 445 4047 praedestinatio
461 3988 519 4028 nou
539 3977 581 4026 est
597 3970 685 4041 justa,
702 3985 777 4040 que,
799 3984 872 4040 quos
897 3984 968 4039 pre·
1021 3979 1056 4034 ad
1072 3979 1290 4034 retributionem
1303 3977 1433 4049 juppi&
1452 4001 1462 4026 ,

119 4066 202 4122 scirit
228 4067 260 4119 in
282 4062 484 4134 iniquitatibus
510 4075 724 4131 permansuros,
755 4056 968 4129 predestinavit

1019 3450 1242 3522 predestinatio,
1258 3450 1287 3505 id
1311 3456 1354 3505 est
1367 3450 1466 3520 gratie
1492 3449 1675 3521 preparatio,
1699 3449 1865 3505 misericor—

119 4153 236 4210 eternis
251 4151 397 4223 suppliciis
412 4149 567 4221 perituros.
594 4146 729 4218 Nunquid
751 4150 866 4201 nonest
890 4161 966 4210 vera,
1104 4214 1108 4224 .
1173 4210 1178 4221 Ι
1335 4115 1519 4220 'animm'

119 4258 186 4315 que
203 4240 259 4296 nisi
273 4241 441 4295 decerneret
459 4242 518 4291 tam
528 4238 639 4307 justum
654 4251 726 4305 opus
743 4235 793 4290 Dei
812 4233 842 4288 in
856 4231 968 4287 eterui-
988 4226 1009 4280 ll
1075 4213 1264 4266 ⁰¹⁵⁶¹¹²mmu⁷
1278 4212 1432 4263 ‘emm
1452 4208 1564 4278 limma
1587 4223 1621 4263 ΒΨ
1641 4209 1786 4278 ΑΡθὸῑθιθ·

119 4336 193 4400 tate,
208 4344 356 4400 uunquam
372 4326 487 4397 impleri
502 4329 597 4396 posset
613 4323 643 4378 in
658 4321 809 4393 temporat
833 4321 968 4393 Nunquid
1058 4319 1123 4373 Hec
1148 4315 1290 4371 sententia
1319 4315 1347 4369 u.
1377 4314 1452 4369 Petri
1476 4315 1595 4385 apostoli
1610 4331 1670 4369 non
1696 4315 1811 4387 proprie
1835 4315 1870 4371 de

120 4435 181 4474 uon
197 4422 239 4472 esi
253 4434 270 4471 a
285 4415 388 4470 sanctis
415 4414 544 4469 Patribus
568 4411 731 4482 predicata,
748 4415 776 4465 et
796 4410 832 4464 ab
847 4409 969 4463 Ecclesia
1023 4403 1203 4477 prescientia
1217 4416 1246 4458 et
1265 4403 1520 4473 predestinatione
1536 4402 1642 4471 divino,
1659 4403 1709 4458 sed
1730 4403 1871 4475 simplici-

121 4506 262 4563 catholica
276 4506 406 4574 recepta?
429 4502 502 4567 Quid
520 4518 589 4573 ergo
611 4515 704 4554 cause
720 4503 771 4567 est,
791 4503 820 4553 ut
843 4498 968 4568 refugia·
1023 4498 1068 4549 ter
1083 4493 1166 4547 uobis
1193 4491 1358 4562 accipienda
1382 4491 1503 4545 ridetur.
1534 4491 1581 4545 ait
1594 4507 1738 4563 namque:
1756 4515 1770 4544 ιι
1789 4492 1873 4548 Novit

121 4610 188 4649 mus
203 4592 319 4648 credere
335 4590 412 4661 quod
422 4590 492 4643 lidos
502 4593 590 4656 tenet,
603 4586 779 4658 refugiamus
790 4584 883 4639 dicere
893 4584 971 4655 quod
1026 4580 1236 4651 Dominuspios
1251 4579 1285 4634 de
1298 4578 1456 4633 tentatione
1471 4578 1582 4648 eripere
1593 4597 1600 4647 ;
1613 4580 1718 4651 impios
1732 4586 1828 4637 autem
1841 4581 1873 4636 iu

121 4682 230 4737 veritas
244 4681 344 4736 docet?
358 4678 494 4750 Nunquid
509 4693 566 4732 nou
581 4676 670 4730 etiam
684 4674 749 4746 ipsi,
760 4672 810 4745 qui
822 4672 882 4726 hec
897 4672 972 4727 reiu-
1026 4669 1073 4725 dio
1086 4667 1188 4740 judicii
1202 4666 1370 4721 cruciandos
1385 4682 1541 4720 reservare.
1558 4688 1571 4717 ιι
1592 4668 1623 4723 ld
1649 4674 1702 4737 est,
1719 4669 1799 4725 novit
1823 4670 1872 4724 ille

122 4771 219 4844 giunt,
232 4770 293 4838 jam
307 4784 406 4823 omnes
421 4765 560 4837 reprobos
570 4765 605 4819 ab
620 4764 684 4834 ipso
701 4761 801 4816 muudi
811 4759 928 4815 exordio
940 4759 970 4814 in
1026 4759 1084 4813 alta
1099 4761 1129 4812 ct
1141 4758 1248 4810 secreta
1274 4754 1463 4825 dispositione
1488 4755 1636 4825 sapientie
1663 4773 1733 4820 sue,
1755 4763 1783 4812 et
1796 4757 1871 4828 pios,

124 4873 220 4913 massa
249 4855 441 4911 damnationis
466 4857 495 4908 et
516 4850 685 4924 perditionis
712 4852 843 4904 asserunt
872 4847 973 4902 dereli-
1026 4847 1056 4900 in
1071 4844 1207 4917 presenti
1221 4843 1279 4896 vita
1295 4841 1428 4913 periculis
1443 4848 1471 4897 et
1494 4843 1702 4898 tentationibus
1726 4845 1809 4915 plana
1834 4845 1875 4901 la·

123 4946 210 5002 ctos?
227 4945 307 5010 Quod
324 4942 394 5016 quid
409 4947 450 4997 est
466 4942 542 4996 alind
557 4945 697 5011 (utsupra
714 4935 902 5004 ostendimus)
919 4933 974 4989 nisi
1026 4935 1171 5002 borautes,
1195 4948 1246 4986 sua
1270 4931 1372 5002 gratia,
1397 4948 1448 4985 sua
1467 4933 1652 5003 protectione,
1677 4931 1804 5003 eripera;
1828 4935 1874 4989 cui

123 5041 241 5090 eterne
258 5020 482 5098 damnationi,et
492 5028 646 5101 perditioni
658 5022 975 5098 presdestinatos‘ldut
1028 5021 1157 5094 qnotidie
1172 5019 1228 5090 ipsi
1244 5019 1361 5074 dicunt:
1382 5022 1451 5075 vNo
1468 5037 1520 5076 nos
1548 5020 1666 5074 inducas
1690 5020 1719 5074 iu
1739 5021 1872 5075 tentatio-

125 5140 185 5197 qua
201 5123 312 5178 ratione
327 5120 383 5175 dici
399 5124 492 5191 potest
506 5117 582 5189 quod
605 5117 652 5171 isti
672 5121 732 5170 tarn
749 5112 903 5184 multiplici
918 5126 976 5165 ser·
1030 5126 1096 5165 nem
1110 5110 1225 5181 (Metti.
1244 5123 1281 5174 vr,
1299 5111 1353 5175 lt),
1370 5130 1383 5158 ιι
1400 5125 1445 5175 ne,
1467 5118 1516 5163 aut
1530 5108 1769 5180 prosperitatibus
1789 5109 1875 5179 hujus

125 5227 215 5268 moue
238 5211 354 5265 tlrmare
370 5213 519 5274 conantur,
546 5205 654 5276 iniquis
675 5208 703 5257 et
729 5202 826 5274 impiis
846 5201 877 5255 in
895 5200 976 5254 malis
1030 5197 1127 5253 seculi
1151 5196 1317 5264 illiciantur,
1334 5202 1384 5252 aut
1397 5197 1617 5251 adversitatibus
1640 5195 1820 5267 frangantur.
1843 5197 1876 5252 lit

126 5299 188 5355 suis
202 5296 427 5370 perseveraturis
442 5311 541 5367 penas
555 5309 572 5348 a
587 5294 644 5347 lico
673 5307 733 5345 essa
747 5289 974 5361 predestinatus,
1031 5304 1047 5343 e
1070 5284 1214 5341 contrario
1238 5285 1343 5357 impios
1367 5285 1396 5340 iu
1418 5285 1472 5339 hoc
1494 5284 1598 5338 seculo
1624 5284 1770 5348 lloreutes,
1797 5285 1875 5339 etin

127 5389 287 5462 ipsosrero
315 5402 374 5440 nou
394 5401 455 5440 esse
468 5381 687 5454 predestinatos
707 5379 819 5451 poeuis?
832 5378 903 5434 Cum
920 5376 976 5431 uti·
1032 5391 1082 5430 sua
1107 5374 1254 5445 impietate
1277 5373 1354 5428 velut
1376 5387 1512 5443 prospere
1538 5376 1663 5443 agentes,
1693 5389 1877 5445 nequaquam

128 5493 187 5551 que
203 5491 262 5532 non
277 5474 337 5540 alii,
355 5474 404 5529 sed
415 5473 457 5528 itti
472 5470 591 5526 omniuo
606 5486 655 5524 eas
667 5467 778 5541 passuri
792 5466 860 5535 siut,
874 5465 978 5537 quibus
1033 5479 1084 5518 sua
1093 5462 1205 5535 justitia
1226 5461 1383 5532 negligere,
1406 5475 1589 5531 nequaqnam
1602 5460 1758 5531 impunitos
1781 5461 1878 5517 dimit·
