3930 6098
103 317 156 368 377
680 314 874 372 audiuntur
895 315 1078 373 ultuantes
1099 315 1282 371 certium.
1810 321 1860 371 378

103 445 175 500 dens
187 444 305 500 aiebat:
327 446 431 501 fientes
452 446 551 500 cacabi
566 447 662 510 caruis,
679 451 760 514 petro
773 449 854 515 petro
870 448 950 513 refu·
969 450 992 502 l
1008 452 1051 501 tas
1070 446 1118 516 [ot.
1136 443 1304 517 quantitasl.
1323 445 1393 498 Nam
1410 444 1433 498 si
1448 449 1561 517 tempus
1576 445 1715 515 arriserit,
1733 449 1761 501 et
1779 447 1860 501 arixi-

103 536 181 602 qium
194 533 408 604 muocuiPsol.
423 532 492 603 cui).
1010 538 1096 592 liaute
1121 536 1218 591 divina
1242 533 1394 589 clementia
1417 535 1549 590 scaudala
1568 535 1664 606 sopita
1686 537 1859 608 conquiere-

138 623 228 676 Porro
252 622 322 677 illud
341 622 521 693 potissimum
541 626 645 676 nostrae
666 623 770 677 mentis
796 623 886 677 aciem
901 624 955 677 ob·
1009 626 1076 690 rint,
1102 642 1166 697 quae
1190 624 1336 678 simultate
1360 629 1389 678 et
1411 625 1595 695 suggestione
1618 625 1787 680 aemulorum
1809 642 1859 679 no·

104 711 255 780 nabitavit,
274 711 352 782 quod
369 727 420 765 nos
440 711 475 765 ab
496 712 558 783 ipsa
577 716 674 767 sancta
691 713 757 767 sede
777 713 953 782 repellimur,
1008 722 1145 783 strorum,
1172 713 1369 768 membrorum
1397 711 1530 766 videlicet
1550 712 1672 778 Satanas,
1699 715 1858 769 enormiter

105 816 229 869 quorum
244 800 443 871 progenitores
458 804 487 856 ct
500 802 575 855 atari
590 800 669 855 iliam
685 807 812 855 sanctam
833 805 954 855 matrem
1009 819 1161 868 emersere,
1176 808 1301 856 vestrum
1319 799 1516 872 multipliciter
1530 800 1724 856 desideramus
1738 818 1859 873 conspe·

104 889 271 954 Ecclesiam,
299 889 395 944 divino
424 889 529 944 arixilio
560 889 658 960 pieac
685 890 808 945 fideliter
830 890 954 961 petroci·
1009 901 1098 957 ctum,
1115 897 1143 946 et
1158 890 1260 945 vestris
1276 891 1333 944 [leo
1349 888 1445 960 dignis
1459 888 1582 943 animari
1597 889 1757 961 colloquiis,
1773 895 1860 962 atque

106 983 382 1049 nautesprotexcre.
400 979 432 1033 lit
451 978 569 1050 quidem
590 978 768 1051 ultraquam
788 979 953 1051 fariposait,
1009 982 1150 1038 melliflua
1177 978 1376 1035 benedictione
1407 977 1506 1049 potiri.
1540 977 1669 1048 Denique
1701 979 1859 1034 almifluam

105 1068 351 1138 congratulamur,
375 1068 452 1140 quod
479 1068 624 1138 Bulgaros‚
645 1072 673 1122 et
696 1067 752 1122 alia
775 1084 954 1139 paganorum
1009 1071 1209 1143 paternitatem
1225 1073 1348 1123 vestram
1362 1066 1511 1121 humiliter
1526 1082 1686 1137 precamur,
1701 1072 1733 1121 ut
1748 1068 1860 1122 nullum

105 1155 200 1212 feritas
228 1156 265 1212 ad
286 1156 387 1212 limina
406 1163 568 1211 sauctorum
590 1159 786 1227 apostolorum
805 1157 954 1227 inritatur,
1009 1159 1097 1230 regias
1112 1157 1269 1228 diguitatis,
1288 1161 1316 1210 et
1337 1155 1463 1210 nominis
1485 1154 1567 1209 uobis
1588 1153 1768 1209 consimilem
1784 1171 1861 1226 prae-

106 1243 160 1297 imo
178 1245 258 1315 quod
277 1251 375 1299 sancta
394 1245 527 1313 Ecclesia,
541 1246 622 1316 juxta
642 1244 808 1299 vaticinium
830 1246 955 1316 propbc-
1009 1250 1083 1304 ferre
1101 1263 1217 1319 quoquo
1232 1244 1331 1311 modo,
1346 1249 1396 1298 aut
1411 1258 1579 1315 preponere
1602 1248 1706 1298 nostra
1728 1259 1860 1298 uiansuc·

106 1337 146 1398 ur,
163 1333 379 1389 dilatationem
393 1333 511 1388 tentorii
525 1333 580 1399 sni,
597 1339 626 1387 at
640 1333 743 1404 longos
758 1333 826 1387 facit
841 1332 953 1387 tanton·
1010 1337 1103 1393 tudini
1130 1333 1301 1400 decernatis,
1331 1349 1426 1405 neque
1455 1333 1542 1386 etiam
1564 1331 1658 1402 apices
1677 1331 1861 1386 beatitudinis

107 1421 144 1474 los
164 1437 244 1487 suos,
266 1437 299 1476 ac
316 1421 405 1492 pelles
425 1422 677 1477 tabernaculorum
692 1436 810 1475 suorum
830 1420 956 1476 extendit
1010 1431 1110 1480 restrae
1126 1424 1207 1479 nobis
1223 1422 1423 1494 porrigendos,
1440 1438 1491 1492 per
1511 1420 1636 1491 aliquem
1659 1420 1783 1491 dirigere
1800 1421 1861 1491 pla·

107 1511 166 1579 (itti.
190 1509 257 1582 biv).
282 1510 337 1565 Sed
354 1527 412 1565 uon
432 1511 544 1565 modice
560 1510 772 1576 contristamur,
798 1510 955 1581 quodiam
1010 1522 1082 1580 ceat,
1100 1513 1163 1580 nisi,
1185 1518 1235 1567 aut
1254 1528 1305 1582 per
1323 1515 1453 1565 nostrum
1475 1511 1614 1581 legatum,
1637 1513 1687 1564 aut
1711 1515 1787 1564 corte
1807 1525 1861 1581 per

106 1598 203 1652 crebro
216 1598 286 1653 illue
300 1598 462 1653 anhelando
480 1598 626 1653 audientia
641 1598 859 1669 praedecessoris
868 1597 956 1652 vestri
1010 1608 1135 1660 vestrum
1152 1618 1169 1656 a
1191 1605 1283 1656 vestro
1302 1604 1400 1654 sancto
1422 1599 1511 1653 latere
1532 1597 1718 1663 destinatum,
1744 1597 1787 1651 ret
1808 1613 1861 1668 per

107 1686 189 1757 potiri
221 1702 281 1742 non
309 1687 460 1741 valuimus.
487 1687 542 1743 Sed
565 1687 609 1742 his
638 1686 762 1754 omissis,
789 1687 824 1742 ad
851 1690 956 1741 nostra
1011 1692 1145 1747 nuntium
1162 1688 1356 1759 augustissimi
1380 1687 1510 1758 germani
1533 1685 1623 1741 nostri
1649 1684 1783 1740 ludovici
1805 1685 1861 1740 im-

108 1775 210 1830 meritis
230 1776 424 1846 propositum,
450 1779 479 1830 et
492 1774 578 1828 vestri
599 1776 655 1828 Deo
677 1774 758 1845 digni
778 1775 954 1845 apostulatus
975 1748 1175 1853 Bpuratoris:
1201 1779 1278 1850 quia,
1299 1783 1331 1832 ut
1350 1792 1417 1831 vere
1441 1777 1591 1840 fateamur,
1618 1790 1676 1829 non
1698 1773 1810 1828 modica
1827 1772 1861 1827 si.

108 1862 303 1917 ⁰¹⁰⁸¹¹⁰1¹fi⁸111
318 1862 479 1929 f0d0⁸mt¹³r
495 1867 524 1917 02
535 1862 577 1916 ¹¹st
589 1862 708 1933 dissffllm
724 1867 774 1928 ⁰⁵2·
793 1861 956 1934 8¹0fi⁸mi¹1
1010 1872 1114 1926 multas
1126 1871 1264 1925 hactenus
1278 1858 1340 1921 istis
1357 1866 1387 1920 in
1407 1864 1536 1936 partibus
1560 1879 1611 1934 per
1629 1861 1797 1932 hujusmodi
1813 1861 1859 1916 fa·

108 1950 221 2005 0¹²0¹³i⁸
239 1952 297 2007 ⁰0⁰
315 1966 490 2016 ¹⁸⁰⁵0¹¹⁰¹1¹¹¹³r
513 1950 562 2022 ‘issi
576 1966 660 2005 r⁰³⁸⁰
680 1951 792 2022 l³s⁰l³rii
807 1951 956 2022 Sanguinis
1009 1965 1085 2015 ctum
1102 1963 1165 2013 orta
1185 1956 1323 2019 noscitur,
1341 1960 1369 2009 et
1392 1953 1447 2009 nisi
1469 1954 1498 2007 in
1518 1957 1663 2022 posterum
1684 1954 1765 2005 caute
1786 1965 1859 2020 prae·

109 2039 199 2111 pretio
226 2039 367 2110 acquisito
391 2039 472 2110 gregi
502 2039 767 2094 misericordissima
789 2039 955 2111 dignatione
1008 2050 1101 2105 visum
1120 2047 1215 2111 inerit,
1240 2044 1384 2116 quoddam
1403 2041 1511 2114 poterit
1531 2056 1669 2111 generare
1694 2039 1858 2094 discrimen.

109 2127 293 2199 prospiciens,
316 2128 401 2183 vestri
420 2128 561 2198 pontificii
579 2128 675 2198 jubar,
697 2145 749 2183 sua
768 2129 906 2184 electione
927 2129 955 2183 in
1045 2141 1158 2193 interea
1172 2135 1266 2191 modis
1286 2133 1418 2188 omnihus
1438 2132 1631 2193 obsecramus,
1648 2129 1684 2200 {ut
1710 2127 1745 2183 de
1768 2130 1861 2181 vestra

107 2217 169 2272 ”de
191 2221 297 2271 mci&
317 2217 417 2272 maitiS
439 2217 567 2272 E⁰⁰¹⁰⁵iae
587 2217 746 2285 ⁰⁰ll⁰⁰³Vib
773 2218 808 2272 td
829 2224 955 2273 ⁰⁰⁵1s³111
1008 2226 1128 2299 optabili
1160 2223 1348 2296 prosperitate
1387 2219 1489 2275 littoris
1523 2217 1622 2272 vestris
1660 2215 1858 2271 celsitudinem

108 2306 233 2361 ettotius
248 2305 417 2361 Christian&
432 2306 524 2377 Plebis
541 2307 671 2361 salutem·
1010 2324 1137 2371 nostram
1160 2318 1267 2368 cartam
1294 2311 1454 2375 reddentes,
1474 2308 1567 2361 charte
1590 2305 1735 2360 filiationis
1755 2320 1860 2358 munus

139 2396 170 2450 Et
193 2395 265 2466 qna
287 2395 471 2467 omnipotens
492 2398 566 2451 nens
590 2396 723 2467 princeps
743 2401 901 2467 pastorum,
927 2397 955 2451 in
1009 2404 1094 2461 nouis
1112 2401 1255 2475 impertiri
1272 2398 1442 2471 dignemini,
1465 2401 1493 2450 at
1517 2396 1616 2450 vesun
1638 2393 1774 2448 almifluis
1795 2409 1859 2464 pre-

107 2483 152 2538 illn
166 2489 265 2540 sancta
275 2485 353 2553 sede,
364 2485 450 2540 vestri
459 2485 643 2555 pontificatus
653 2485 765 2556 apicem
779 2484 954 2552 sublimavit,
1010 2488 1089 2542 cibus
1114 2494 1242 2542 nostram
1262 2486 1339 2558 apud
1359 2484 1515 2541 Dominum
1536 2480 1793 2537 courmendabilem
1814 2484 1859 2535 at-

107 2579 208 2628 uostrae
224 2573 514 2629 serenitatisselubre
530 2574 679 2641 auxilium,
695 2574 730 2629 ad
746 2572 954 2643 defensionem,
1010 2593 1065 2648 qne
1098 2575 1269 2635 veniabilem
1302 2574 1457 2629 exhibeatis
1491 2572 1686 2637 serenitatem,
1718 2573 1859 2642 quatenus

109 2665 221 2729 statum,
247 2667 334 2733 atque
358 2662 497 2716 honorem
534 2661 719 2733 pontificatus
747 2661 843 2726 vestri,
876 2678 956 2718 more
1009 2665 1080 2720 tanti
1108 2664 1197 2737 patris
1225 2664 1280 2736 piis
1309 2664 1441 2735 precibus
1469 2661 1587 2726 suffulti,
1610 2659 1749 2714 creditum
1777 2657 1859 2711 nobis

108 2751 346 2820 predecessorum
380 2755 553 2814 nostrorum,
585 2750 616 2804 in
657 2750 792 2805 omnibus
823 2750 956 2805 exhibere
1008 2753 1150 2823 regimen,
1175 2750 1286 2808 Christo
1313 2751 1482 2822 opitulante,
1510 2749 1672 2821 gubernare
1701 2745 1857 2799 valeamus.

111 2838 197 2906 parati
220 2854 330 2892 sumus.
354 2839 388 2892 Et
416 2843 487 2893 teste
512 2854 612 2893 rerum
638 2839 769 2893 omnium
794 2838 954 2901 conditore.
1009 2839 1197 2912 Omnipotens
1214 2840 1287 2894 Deus
1297 2840 1385 2893 vestri
1395 2837 1537 2909 pontificii
1548 2835 1752 2908 splendifluum
1761 2831 1857 2903 jubar,

113 2926 200 2980 nultus
226 2927 435 2981 catholicorum
465 2943 578 2998 regum,
603 2927 699 2981 nullus
729 2926 955 2984 Christianorum
1009 2935 1095 3000 atque
1108 2927 1266 2998 angelicam
1283 2926 1501 2981 sanctimoniam
1516 2925 1563 2981 diu
1587 2921 1857 2978 uobisincolumem

116 3014 265 3086 principum
289 3016 418 3070 devotior
450 3022 551 3072 restra
573 3016 727 3086 sanctitati,
749 3020 777 3070 et
794 3016 956 3087 promptior
975 3031 1179 3103 coonservare
1196 3014 1340 3085 dignetur.
1357 3016 1459 3068 Amen.

121 3107 207 3156 restra
230 3103 345 3158 utilitati
365 3120 425 3159 esse
447 3105 599 3174 desiderat,
616 3121 702 3175 quam
724 3110 823 3160 nostra
843 3104 956 3176 exigui-

1417 3227 1543 3235 ’.ἢ
1696 3236 1856 3247 -nu—

757 3367 842 3410 ANNO
868 3364 982 3410 DOMINI
1005 3364 1176 3408 becltxvlll.

600 3526 1362 3701 GUNTHARIUS

761 3771 988 3828 COLONIENSIS
1008 3771 1205 3827 EPISCOPUS.

222 3910 494 4003 GUNTHARH
540 3911 801 4004 DIABOLICA
846 3914 898 4001 IN
943 3911 1196 4003 NICOLAUM
1236 3910 1403 4001 PAPAM
1450 3910 1693 4002 CAPITULA
1708 3908 1737 4000 ⁸.

676 4073 780 4136 (Perta,
794 4071 965 4122 Monumenta
976 4072 1123 4122 Germaniae
1137 4071 1284 4134 historica.)

851 4191 1105 4266 PRAEFATIO

706 4361 747 4404 Ab
771 4359 937 4404 Episcopus
961 4359 1055 4404 REGNl
1081 4359 1241 4403 tornatili.

932 4459 951 4464 -ι
965 4459 1053 4467 ..ο-ο...-

156 4534 249 4595 Sancus
278 4557 311 4595 ac
342 4541 512 4597 venerandis
546 4541 680 4598 fratribus
712 4547 740 4597 et
772 4543 991 4614 coepiscopisll
1040 4543 1185 4613 Rogamus
1215 4541 1383 4611 suppliciter
1420 4540 1617 4596 charissimam
1645 4543 1855 4599 fraternitatem

61 4618 66 4693 {n
132 4616 280 4684 tertiarius
300 4635 388 4701 atque
406 4630 607 4701 Theotgaudus
628 4631 659 4685 in
676 4631 799 4686 Domino
820 4620 951 4687 salutem.
1006 4635 1129 4685 vestram
1158 4633 1190 4684 ut
1216 4629 1298 4684 uobis
1320 4644 1373 4700 pro
1395 4629 1472 4684 vobis
1487 4629 1600 4684 assidue
1623 4632 1772 4687 orantibus
1796 4649 1858 4687 eeu-

61 4778 64 4847 }
152 4783 203 4838 'lte
218 4785 264 4841 his
277 4782 403 4840 Annales
423 4785 568 4841 llincmari
583 4787 752 4842 Rbemensis
769 4804 776 4843 τ
794 4807 807 4840 a
824 4789 954 4860 Impera·
1008 4787 1095 4843 tharii
1119 4786 1267 4841 ecclesiam
1287 4785 1364 4841 beati
1381 4787 1458 4841 Petri
1477 4788 1597 4858 apostoli
1615 4789 1676 4843 siue
1700 4789 1760 4844 ulla
1776 4804 1856 4843 rere-

129 4848 352 4911 iirGuntharium
375 4857 637 4928 etheutgaudum
656 4859 837 4930 degradatos,
858 4866 891 4914 ut
910 4875 954 4915 se·
1008 4857 1101 4913 rentia
1132 4858 1253 4923 intrans,
1294 4856 1469 4913 diabolicum
1509 4859 1654 4930 spiritum,
1686 4861 1758 4914 sicut
1787 4876 1857 4913 suus

126 4930 172 4978 tum
201 4932 350 4994 reuerent,
380 4928 528 4982 Franciam
567 4929 660 4984 redire
701 4930 843 5002 praecepit
877 4932 956 4986 Tunc
1009 4929 1096 4983 frater
1109 4928 1283 4985 Guutharius
1304 4929 1330 4983 ei
1346 4937 1531 5001 praeceperat,
1557 4929 1856 5001 siapostolicusillud

126 4987 279 5071 anntharius
295 4998 357 5054 haec
375 4998 516 5053 diabolica
528 4999 655 5070 capitula
675 5006 703 5054 et
718 5001 855 5055 hacteuus
868 5001 955 5057 inan·
1008 5000 1099 5055 nollet
1111 4999 1250 5070 recipere,
1266 5016 1298 5053 su
1321 5016 1353 5054 cr
1372 5017 1475 5071 corpus
1492 5002 1569 5056 beati
1582 5002 1658 5057 Petri
1673 5001 1781 5071 jactare
1803 5016 1856 5053 vo-

124 5058 174 5132 lita,
190 5085 255 5138 qua·
275 5085 342 5123 cum
362 5069 415 5123 bac
438 5069 623 5140 praefatione,
638 5072 754 5140 quando
776 5072 896 5127 Romam
924 5073 955 5126 in
1008 5071 1070 5138 luit,
1099 5076 1127 5125 et
1154 5017 1358 5126 acustodibus
1382 5071 1555 5142 prohibitus,
1580 5072 1695 5126 eosdem
1723 5070 1880 5125 custodes-

123 5127 234 5215 Ludorici
265 5139 404 5211 obsequio
431 5140 526 5206 rediit,
550 5141 694 5212 episcopis
721 5143 802 5211 regui
831 5142 955 5198 lotharii
1008 5157 1073 5196 cum
1087 5141 1211 5196 fustibus
1227 5148 1287 5196 tam
1300 5142 1361 5212 ipse
1381 5158 1469 5213 quam
1485 5148 1513 5197 et
1527 5143 1570 5196 sui
1585 5141 1737 5210 complices
1756 5141 1855 5196 verbe·

122 5209 192 5281 ituit,
219 5227 272 5281 per
297 5210 465 5266 llilduinum
485 5211 603 5266 fratrem
628 5228 712 5267 suum
732 5213 878 5279 clericum,
903 5215 954 5269 ad·
1008 5229 1072 5267 rare
1086 5216 1245 5283 coeperunt,
1263 5212 1333 5267 adeo
1357 5218 1389 5267 ut
1404 5229 1479 5267 uitus
1501 5214 1608 5267 ibidem
1630 5211 1738 5265 occisus
1757 5212 1854 5268 fuerit.

118 5280 205 5352 leucus
225 5281 252 5334 ei
276 5281 334 5335 suis
353 5280 529 5350 homiuibus,
552 5283 806 5353 apostolicomisit,
824 5285 895 5339 dans
912 5285 955 5339 illi
1006 5284 1085 5338 Tunc
1108 5284 1203 5355 ipsum
1217 5284 1271 5337 scri
1293 5288 1355 5338 tum
1380 5299 1467 5354 super
1486 5300 1588 5354 corpus
1611 5282 1688 5336 beati
1713 5283 1788 5338 Petri
1810 5284 1855 5354 je·

120 5359 141 5400 in
163 5350 303 5405 mandatis
328 5356 359 5405 ut
380 5351 401 5406 si
430 5352 603 5422 apostolicus
627 5353 678 5408 illa
704 5355 794 5409 nollet
814 5355 952 5425 recipere,
1008 5355 1103 5422 otavit,
1127 5371 1156 5408 se
1179 5370 1213 5409 ue
1237 5354 1262 5408 is
1283 5370 1327 5408 em
1349 5357 1376 5407 et
1395 5353 1524 5425 quicum
1546 5369 1578 5405 eo
1603 5359 1742 5408 venerunt
1764 5355 1856 5425 evagi-

117 5431 189 5488 super
209 5438 314 5492 corpus
336 5421 415 5477 beati
444 5423 520 5478 Petri
542 5440 575 5477 ea
595 5424 725 5495 jactaret.
745 5446 756 5473 ι
776 5425 955 5494 apostolicus
1007 5424 1082 5479 natis
1106 5372 1211 5494 gladiis
1236 5428 1430 5496 protegentes,
1456 5424 1491 5478 de
1518 5422 1636 5476 ecclesia
1659 5424 1800 5492 exierunt,
1827 5431 1856 5480 et

116 5495 199 5545 autem
220 5493 414 5562 praecognitus
437 5494 497 5549 baeo
520 5495 647 5564 recipere
666 5495 768 5551 noluit.
793 5496 954 5566 Suprascri·
1007 5496 1041 5549 ad
1064 5496 1255 5550 Guntharium
1273 5500 1389 5563 peracto
1417 5493 1540 5562 lugendo
1563 5494 1678 5564 negotio
1707 5497 1853 5552 aederunt.

61 5611 63 5621 ,
112 5565 169 5629 ptus
187 5568 285 5618 autem
303 5563 454 5620 llilduinus
471 5571 599 5621 armatus
615 5582 680 5622 cum
700 5567 952 5623 homiuibustluu.
