3930 6098
47 318 55 324 ,
155 258 207 312 233
515 281 524 291 =
729 242 913 301 barnabin
930 240 1160 299 coenulentus
1178 240 1336 298 notitiem
1857 245 1910 298 idb

156 386 361 443 dituraPatra
375 381 406 437 in
425 379 542 445 Filium,
557 377 627 449 quia
640 375 741 447 genuit
769 375 853 428 Pater
884 373 998 439 dilium,
1020 374 1251 429 dmonstratum
1279 375 1330 434 est,
1356 370 1523 426 abusionem
1554 370 1679 443 Spiritus
1710 373 1812 442 suncti,
1848 375 1909 431 sire

154 469 486 535 cffirnditnretai'ilio,
503 467 572 540 quia
595 464 692 520 omnia
720 479 786 534 qnae
802 463 893 517 Patris
922 467 999 529 sunt,
1055 461 1250 529 donationem,
1266 460 1301 514 ad
1316 462 1430 515 Patrem
1445 460 1589 532 pertinere
1605 465 1634 514 et
1645 462 1680 516 ad
1705 462 1820 530 Filium,
1841 465 1911 538 quia

155 564 243 620 babet
259 560 358 616 Filius.
1056 550 1186 621 procedit
1200 550 1235 605 ab
1250 554 1385 620 utroquo.
1399 550 1430 604 lit
1444 549 1489 603 hic
1503 548 1678 621 igiturquod
1689 551 1758 605 dicit
1778 554 1910 608 eamdem

192 652 323 706 Testatur
341 662 457 721 qnoque
468 649 596 699 sanctum
614 641 800 714 Evangelium
816 639 893 712 quod
912 640 1004 710 Spiri-
1057 640 1178 710 gratiam
1192 639 1304 694 dedisse
1320 654 1414 708 nuper
1428 638 1619 704 credentibus,
1632 654 1720 710 quam
1732 640 1811 696 dedit
1826 642 1907 711 prins

158 738 327 796 tusubicutt
340 738 429 807 spiret
447 735 534 804 (doen.
551 749 593 801 in,
610 731 648 798 8).
673 727 928 800 Quidestspirat‘l
957 727 1005 782 ni·
1058 728 1203 798 apostolis,
1239 726 1377 798 Spiritum
1410 732 1540 781 sanctum
1572 727 1722 783 manifeste
1754 730 1908 802 significat,

158 829 263 882 mirum
280 824 347 896 quia
362 822 592 894 quandocunque
606 821 675 886 vult,
693 819 857 890 ubicunque
881 816 942 870 vult
960 830 1004 870 se·
1059 831 1143 888 quem
1162 816 1230 871 dare
1255 815 1348 888 potnit
1371 815 1471 884 Filius,
1494 814 1632 888 quoniam
1653 832 1670 870 a
1697 833 1727 872 se
1755 819 1907 890 procedit:

157 916 312 986 metipsum
336 911 466 967 effundit.
484 910 632 964 Videamus
652 907 739 962 totins
753 905 900 961 Trinitatis
917 918 1004 959 unam
1043 906 1137 977 'qnod
1161 905 1279 960 omnino
1303 920 1361 959 non
1389 909 1495 975 posset,
1514 904 1538 958 si
1564 921 1622 959 non
1662 907 1699 960 ab
1719 906 1769 961 illo
1805 923 1906 979 proce-

158 1004 367 1076 operationem.
385 1001 469 1054 Pater
484 997 614 1058 ellnndit,
629 996 715 1071 Filius
730 994 852 1050 ellendit
867 993 1005 1065 Spiritum
1060 995 1150 1050 deret.

158 1101 298 1149 sanctuni.
315 1089 438 1160 Spiritus
452 1094 576 1155 sanetus,
601 1087 649 1140 ubi
665 1087 726 1139 verit
749 1083 871 1155 spirans,
902 1086 1006 1137 semet·

158 1181 255 1253 ipsum
272 1178 401 1234 effundit.
422 1177 512 1241 eram
541 1179 732 1244 congruenter
756 1172 910 1243 Apostolus
940 1169 1008 1225 dicit
1396 1155 1509 1211 CAPUT
1529 1156 1573 1211 Vl·

159 1269 329 1325 eiiirsionem
351 1266 474 1337 Spiritus
497 1264 587 1318 sancti
606 1262 709 1317 lactem
733 1260 902 1333 pertesum
925 1259 1006 1315 Chri·

159 1364 247 1424 stnm,
263 1370 414 1427 perquem
433 1355 517 1408 Pater
531 1354 604 1407 Dens
625 1351 721 1406 omnia
744 1351 820 1416 fecit,
838 1364 923 1420 qnam
944 1364 1009 1402 con·

159 1446 308 1501 venialiter
339 1458 454 1514 quoque
471 1443 571 1496 Petrus
596 1440 742 1511 apostolus
768 1444 890 1492 testatur
916 1437 1007 1491 Filum
1097 1439 1139 1495 nd
1155 1440 1299 1494 Romanos
1313 1439 1411 1493 heatus
1429 1439 1534 1493 Paulus
1550 1438 1688 1507 scribens,
1704 1438 1838 1496 fidelibus
1849 1442 1907 1498 ait:

160 1533 292 1589 effodisse
307 1531 445 1601 Spiritum
460 1535 601 1598 sanctum,
617 1530 652 1583 de
667 1544 725 1600 qno
741 1527 808 1583 dicit
824 1526 1007 1596 Euangeliou
1065 1526 1118 1580 Vos
1136 1527 1227 1578 eutem
1238 1525 1268 1577 in
1286 1538 1367 1577 cerne
1379 1539 1431 1577 non
1450 1526 1524 1589 estis,
1534 1523 1620 1578 sedin
1637 1525 1762 1595 Spiritu;
1782 1529 1807 1581 si
1823 1533 1912 1583 temen

160 1622 236 1695 qnod
251 1623 342 1676 omnio
357 1636 416 1688 que
430 1622 497 1685 fecit
512 1619 668 1684 Potentiae
686 1615 779 1670 eedem
796 1621 820 1670 et
835 1615 924 1669 Filius
940 1617 1009 1680 fecit
1063 1614 1184 1682 Spiritus
1201 1614 1248 1666 liei
1260 1612 1367 1666 debiret
1382 1613 1411 1665 in
1428 1611 1513 1666 uobis.
1530 1613 1561 1668 Si
1582 1613 1643 1682 quis
1667 1619 1756 1669 eutem
1777 1618 1911 1686 Spiritum

157 1713 285 1764 similiter
300 1711 388 1775 (Joen.
407 1724 461 1767 rvr.
477 1710 533 1777 tt).
556 1706 680 1761 Elinudit
698 1705 788 1775 igitur
811 1705 895 1758 Pater
915 1702 1005 1772 Spiri-
1026 1689 1164 1758 Beroen·
1186 1717 1239 1755 non
1257 1701 1346 1767 behet,
1370 1700 1414 1754 bie
1443 1715 1496 1753 eron
1519 1705 1559 1755 est
1581 1702 1639 1769 ejus
1661 1703 1748 1770 (ilem.
1776 1720 1836 1772 vrri,
1873 1707 1909 1774 tt).

157 1791 1006 1865 tnmsanctum,offunditeti'ilius,qnoniamsicnt'datur
1059 1788 1157 1844 Videte
1173 1789 1253 1859 cujus
1280 1788 1542 1858 personamvelitis
1562 1789 1689 1860 accipere
1717 1807 1782 1846 oum
1817 1791 1908 1847 dicit:

157 1905 174 1940 n
193 1888 285 1953 Patre,
302 1887 387 1941 datur
402 1890 429 1938 et
444 1901 461 1938 a
478 1885 557 1939 Filio.
576 1885 637 1938 Non
653 1883 741 1954 igitur
759 1883 881 1952 arguant
894 1882 1005 1936 Graeco·
1058 1878 1090 1934 Si
1098 1878 1219 1947 Spiritus
1235 1877 1286 1931 Dei
1307 1877 1413 1932 bebitet
1431 1878 1461 1930 in
1482 1877 1567 1931 uobis.
1593 1878 1673 1942 Quod
1699 1879 1722 1933 si
1757 1894 1910 1951 personam

157 1973 426 2045 rumimperatores
447 1973 570 2034 Latinos,
595 1972 671 2042 quod
693 1971 884 2025 confiteantur
912 1968 1005 2039 Spiri·
1060 1965 1151 2020 Patris
1176 1966 1313 2036 accipitis,
1348 1970 1556 2034 consequenter
1585 1968 1717 2022 eumdem
1758 1967 1908 2039 Spiritum,

157 2069 219 2117 tum
248 2067 377 2116 sanctum
403 2061 559 2131 procedere
584 2076 600 2114 a
630 2060 710 2127 Filio,
740 2060 814 2113 sicut
840 2058 1005 2129 procedite
1059 2054 1197 2125 Spiritum
1212 2055 1317 2111 Christi
1329 2072 1389 2111 csse
1415 2060 1544 2111 testatur.
1577 2056 1639 2121 Ouo
1665 2058 1740 2112 dieto
1758 2059 1907 2115 manifeste

160 2150 250 2217 Patre,
271 2149 319 2204 sed
343 2148 440 2219 potius
465 2147 576 2202 discent
590 2146 658 2202 fidei
674 2147 854 2201 veritatcma
881 2145 1004 2211 Christo,
1059 2145 1227 2214 comprobat
1239 2145 1375 2199 eumdem
1397 2161 1458 2199 esse
1478 2145 1616 2216 Spiritum
1637 2148 1726 2201 Patris
1755 2148 1805 2219 qui
1830 2150 1867 2202 sit
1880 2154 1909 2203 et

160 2239 271 2293 discent
286 2242 314 2293 et
328 2237 363 2292 ab
378 2236 513 2308 apostolis
527 2236 613 2291 illius.
1060 2232 1185 2288 Christi:
1202 2239 1233 2288 et
1259 2234 1327 2289 dum
1353 2234 1503 2306 utriusque
1521 2234 1660 2304 Spiritum
1675 2252 1734 2291 esse
1753 2253 1812 2293 non
1835 2243 1909 2292 tacet

194 2329 263 2382 item
274 2326 630 2397 indetibnsapostolorum
645 2324 772 2395 loquitur
780 2325 898 2380 Petrus:
911 2326 944 2379 nt
958 2338 1005 2378 nos
1059 2321 1095 2375 ab
1111 2325 1232 2393 utroque
1246 2323 1399 2393 procedere
1425 2323 1587 2378 confitetur.
1602 2323 1682 2388 Quod
1708 2325 1731 2378 si
1752 2330 1909 2398 utrumque

1294 1298 1501 1352 Testimonium
1515 1297 1676 1367 Scripturis.

55 2486 57 2488 Ι
124 2438 139 2454 ·
156 2430 249 2470 sumus
260 2415 443 2470 tectoriorum
454 2415 607 2474 uerborum.
622 2415 778 2484 etSpiritus
796 2417 1006 2481 sauctus,quem
1059 2410 1153 2464 velitis
1164 2411 1325 2482 intelligere
1340 2411 1375 2465 de
1389 2427 1511 2482 persona
1527 2412 1642 2477 Christi,
1665 2413 1741 2482 quod
1767 2415 1839 2469 ordo
1864 2417 1907 2469 ie-

157 2505 231 2560 dedit
244 2507 316 2560 Deus
325 2505 448 2559 omnibus
462 2503 647 2559 obedientibus
657 2502 711 2557 sibi
726 2504 799 2572 (Aet.
810 2518 836 2571 v,
848 2504 902 2560 aet.
914 2502 1004 2566 Quem
1059 2498 1161 2553 ctionis
1175 2499 1267 2571 magis
1294 2499 1407 2554 ridetur
1434 2500 1584 2555 admittere
1605 2499 1682 2570 (nam
1711 2502 1842 2556 Christus
1867 2509 1909 2558 eet

158 2590 1006 2664 ileumdicitdedisseSpiritomsanctum,nisideqnosupe·
1061 2587 1218 2655 Deris);sie
1247 2603 1362 2660 qnoque
1391 2588 1529 2642 docemur
1544 2588 1681 2658 Spiritum
1707 2590 1812 2646 Christi
1849 2608 1909 2648 esse

157 2678 1006 2749 riusait:DexteraDeiigiturcnettetes,effuditbuucquem
1060 2675 1199 2746 Spiritum
1223 2682 1381 2731 sanctum:
1408 2693 1459 2746 per
1485 2678 1561 2748 quod
1590 2677 1761 2733 instruimur
1799 2697 1910 2736 eume

156 2770 270 2826 uidistis
283 2769 438 2824 eteudistis
455 2769 528 2837 (Act.
539 2785 568 2835 u,
578 2769 624 2837 33)
636 2783 642 2834 ;
656 2768 752 2822 lesum
764 2766 909 2822 Christum
923 2766 1006 2834 (siout
1060 2764 1169 2819 Christo
1186 2765 1350 2835 procedere.
1368 2766 1439 2820 Nam
1464 2782 1588 2837 persona
1615 2767 1704 2822 Patris
1729 2769 1909 2826 manifestius

158 2859 265 2914 dictum
281 2857 333 2928 est)
347 2857 470 2928 intelligi
487 2858 669 2912 monstrans?
686 2856 740 2911 Sed
756 2854 902 2926 quomodo
926 2854 1006 2910 dedit
1058 2851 1134 2907 inira
1148 2854 1290 2924 signatur,
1313 2853 1368 2924 [ubi
1390 2855 1517 2925 loquitur
1533 2872 1539 2911 :
1553 2856 1630 2926 Quod
1642 2859 1668 2910 ei
1692 2857 1815 2926 Spiritus
1839 2859 1908 2930 que,

157 2946 295 3019 Spiritum
311 2951 441 3001 sanetum
458 2946 532 2999 Deus
543 2943 743 3000 obedientibus
756 2944 828 2999 sibi?
839 2959 908 2998 num
923 2942 1005 3014 quasi
1025 2944 1260 3042 cquirueeiteuit
1285 2945 1374 2998 iesum
1403 2944 1541 3000 Christum
1560 2961 1577 2998 e
1603 2948 1727 3012 mortuis,
1744 2947 1855 3002 tubitet
1879 2952 1907 3004 iu

158 3035 322 3091 minorem?
339 3034 535 3106 Nequaquam.
561 3032 1005 3105 Filinsnnmqucdicit18piri·
1060 3031 1144 3085 uobis.
1171 3030 1305 3096 Quamvis
1322 3037 1350 3086 et
1377 3032 1424 3087 hic
1449 3033 1536 3087 Filius
1558 3033 1648 3104 possit
1672 3033 1807 3104 intelligi,
1831 3039 1907 3107 qnod

158 3131 201 3180 tea
215 3125 331 3180 ubiuutt
344 3127 443 3194 spiret.
455 3123 507 3178 Dat
521 3123 619 3194 itaque
634 3124 709 3177 Deus
719 3121 858 3192 Spiritum
874 3125 1005 3175 sanctum
1061 3119 1208 3173 bominem
1227 3135 1312 3191 quern
1336 3127 1507 3192 susceperat,
1525 3120 1586 3192 ipse
1614 3136 1810 3192 quoqnecnm
1824 3126 1907 3181 Patre

91 3233 94 3237 ·
159 3212 354 3268 obedientium
384 3212 438 3266 sibi
457 3211 592 3267 cordibus
615 3211 803 3278 infundendo,
838 3225 896 3263 non
921 3214 953 3263 ut
977 3225 1007 3262 ee
1061 3207 1250 3273 suscitaverit,
1268 3208 1340 3263 sicut
1363 3209 1392 3263 in
1413 3209 1566 3279 Evangelio
1587 3208 1664 3263 dicit.
1679 3209 1734 3265 Sed
1759 3210 1818 3265 sive
1843 3213 1907 3281 hoc,

159 3300 304 3371 relinquat
317 3300 346 3354 in
361 3315 418 3371 quo
435 3299 640 3368 perunitatem
665 3296 833 3352 snbstantias
844 3300 1006 3366 permanet,
1061 3295 1120 3350 sive
1135 3296 1204 3351 illud
1228 3296 1374 3362 malueris,
1399 3297 1550 3352 manifeste
1575 3297 1746 3353 instruimur
1771 3301 1906 3357 eumdem

159 3386 209 3440 aad
232 3392 264 3440 ut
290 3387 352 3441 ilios
384 3385 530 3440 illuminet
558 3399 630 3454 quos
650 3384 730 3453 prius
756 3398 815 3436 non
840 3381 1002 3436 irradiabat.
1061 3400 1122 3438 esse
1133 3384 1269 3454 Spiritum
1287 3384 1360 3452 Filii,
1376 3385 1426 3456 qui
1439 3386 1475 3443 sit
1493 3391 1522 3441 et
1536 3386 1636 3441 Patris.
1655 3387 1734 3441 Unde
1761 3388 1840 3459 qnod
1863 3390 1907 3443 in·

162 3473 342 3544 Nemoquod
360 3488 420 3526 non
442 3471 529 3525 babet
552 3470 659 3525 donare
676 3469 893 3540 praeratetzsic
920 3468 1008 3523 Filius
1061 3470 1150 3526 ferina
1180 3477 1294 3527 sanctus
1322 3473 1391 3528 dicit
1413 3475 1594 3545 Apostolus:
1617 3475 1774 3545 Quicunque
1797 3479 1909 3548 Spiritu

159 3565 281 3615 testatur
299 3559 404 3614 babere
424 3557 562 3629 Spiritum
577 3561 718 3625 sanctum,
738 3572 823 3628 quem
847 3555 924 3611 dedit
945 3572 1006 3610 om·
1062 3561 1111 3615 lici
1134 3565 1265 3631 aguntur,
1288 3562 1318 3616 tu·
1340 3563 1394 3632 filii
1418 3568 1481 3618 suut
1510 3566 1559 3618 Dei
1584 3563 1670 3632 (ilem.
1701 3580 1758 3632 vrri,
1795 3567 1848 3635 til,
1874 3567 1909 3622 de

159 3648 246 3703 nibus
261 3646 462 3703 obedientibus
489 3645 553 3701 sibi.
575 3645 823 3710 Quemadmodum
844 3643 1008 3700 autemna-
1061 3653 1186 3720 utroque
1197 3650 1260 3704 sine
1275 3651 1456 3706 cunctatione
1472 3656 1564 3723 potest
1591 3652 1690 3723 accipi,
1719 3653 1748 3708 id
1776 3660 1821 3709 est
1850 3655 1909 3712 sire

160 3737 208 3792 bet
230 3753 283 3808 per
306 3736 447 3791 unitatem
467 3734 645 3801 substantiae,
665 3749 725 3789 non
742 3749 795 3804 per
817 3732 1008 3805 possessionis
1062 3735 1097 3791 de
1110 3738 1201 3806 Patre,
1218 3738 1277 3792 sire
1291 3740 1327 3794 de
1353 3739 1440 3807 i'ili03
1463 3740 1613 3812 utriusque
1638 3757 1763 3813 namque
1786 3742 1911 3814 Spiritus

160 3823 376 3891 obtentum,sic
395 3822 617 3891 etoumdonat,
642 3836 701 3877 non
729 3821 816 3877 aliern
838 3821 898 3893 juri
924 3820 1006 3894 quasi
1062 3830 1115 3894 est,
1144 3825 1179 3880 ah
1208 3832 1332 3898 utroque
1368 3828 1541 3898 procedens:
1569 3829 1642 3884 sicut
1670 3830 1700 3884 in
1730 3831 1827 3886 multis
1848 3832 1909 3902 jam

160 3917 268 3971 donum
283 3911 394 3979 tribuit,
410 3912 459 3967 sed
478 3911 521 3966 sui
543 3911 620 3982 qnod
644 3916 687 3966 est
707 3910 855 3982 proprium
879 3909 1008 3965 muneris
1061 3913 1278 3985 comprobatum
1305 3920 1356 3970 est.
1382 3916 1414 3970 lit
1441 3916 1540 3970 intra:
1568 3919 1626 3972 Non
1657 3920 1727 3973 erim
1765 3924 1911 3990 accepistis

160 4003 331 4074 impertitur.
349 4000 501 4067 Qnodnon
521 4000 591 4054 alias
608 3999 695 4055 Filius
723 3999 838 4067 lacerat,
864 3999 888 4054 si
917 4014 1008 4053 nona
1061 4002 1196 4072 Spiritum
1218 4005 1357 4058 seuitutis
1379 4006 1478 4058 iterum
1507 4007 1537 4058 in
1559 4007 1673 4071 timore;
1697 4006 1745 4061 sed
1768 4010 1909 4077 accepistis

159 4107 189 4144 se
204 4105 319 4162 qnoque
335 4088 457 4159 Spiritus
472 4093 586 4141 sanctus
601 4087 835 4158 procederetllu
863 4087 1008 4159 sequenti·
1062 4091 1197 4160 Spiritum
1231 4091 1384 4161 adoptionis
1412 4093 1539 4162 fitiorum,
1578 4097 1609 4148 in
1638 4109 1690 4163 quo
1728 4095 1908 4151 clamemus:

160 4177 214 4233 bus
244 4178 330 4231 eliam
359 4175 459 4229 beatus
495 4175 595 4229 Petrus
622 4175 728 4231 docens
762 4176 1005 4246 quemadmodum
1063 4179 1353 4250 Abbe,Peter(lbid.,
1378 4183 1432 4248 lb).
1457 4181 1498 4235 Ad
1523 4181 1635 4236 Galatas
1659 4186 1753 4236 eutem
1779 4183 1910 4238 scribens

160 4266 307 4321 Cornelius
321 4265 357 4320 de
380 4264 525 4335 gentibus,
545 4268 574 4319 et
588 4265 637 4337 qui
652 4281 718 4321 eum
745 4282 778 4321 eo
805 4266 921 4323 fuerant
948 4284 1007 4322 cre·
1026 4285 1048 4339 p
1063 4266 1102 4321 ait
1117 4283 1124 4321 ε
1139 4268 1274 4334 Quoniam
1285 4275 1374 4323 eutem
1388 4271 1452 4324 estis
1466 4269 1537 4323 Filii
1559 4272 1616 4333 Dei,
1631 4273 1708 4325 misit
1721 4273 1790 4326 Deris
1814 4272 1909 4342 Spiri-

160 4354 269 4421 dentes,
284 4353 420 4424 baptismi
437 4353 560 4423 gratiam
584 4355 776 4426 perceperint,
796 4355 837 4410 sic
862 4361 927 4426 post
951 4372 1005 4411 cae·
1061 4361 1118 4411 tum
1133 4357 1202 4412 Filii
1215 4359 1259 4413 sui
1273 4360 1303 4412 in
1317 4357 1400 4413 corde
1417 4362 1507 4413 vestre
1526 4360 1706 4414 elementem:
1723 4360 1814 4429 noea,
1829 4363 1911 4416 Peter

159 4447 223 4496 tera
237 4440 306 4497 dicit
320 4457 327 4495 ε
344 4440 375 4497 Si
387 4455 451 4508 erqo
464 4439 584 4496 eumdem
603 4445 723 4511 pretium
743 4443 820 4498 dedit
842 4446 899 4499 iltis
923 4447 1004 4512 Deus,
1060 4444 1181 4515 (Get.1r,
1197 4448 1237 4518 6).
1253 4446 1350 4502 Videte
1365 4447 1442 4518 quod
1459 4447 1592 4501 eumdem
1610 4447 1686 4502 dicat
1699 4447 1837 4520 Spiritum
1857 4449 1908 4505 ad·

159 4532 229 4585 siout
249 4535 275 4584 et
303 4530 380 4585 nobis
417 4532 467 4600 qui
497 4530 664 4588 credidimus
685 4536 716 4587 in
743 4531 888 4589 Dominum
916 4536 1006 4589 lesum
1060 4534 1184 4604 optionis
1195 4534 1332 4602 illiorum,
1348 4551 1434 4606 quern
1444 4535 1746 4607 confiteturSpiritum
1759 4537 1832 4602 Filii,
1851 4554 1909 4609 quo

160 4620 309 4683 Christum,
323 4633 370 4687 epo
384 4621 446 4688 quis
460 4635 534 4674 erem
548 4622 597 4689 qui
618 4636 724 4691 possem
748 4622 897 4692 probibere
916 4626 1005 4679 ‘neum
1059 4637 1112 4676 nos
1126 4623 1226 4677 doceat
1248 4625 1398 4694 Apostolus
1418 4625 1551 4680 eumdem
1567 4641 1628 4679 esse
1647 4624 1785 4696 Spiritum
1806 4626 1909 4693 Patris,

158 4709 283 4777 (Actu,
309 4709 373 4778 ll)?
399 4707 598 4779 Quamvislhic
622 4710 766 4778 Daus,vel
792 4710 915 4780 Spiritus
939 4726 1003 4763 san·
1060 4726 1146 4781 quern
1181 4711 1249 4766 dicit
1271 4713 1410 4783 Spiritum
1444 4713 1809 4784 adoptionis,eteurndem
1848 4731 1910 4770 esse

157 4800 229 4864 etus,
246 4795 313 4868 quia
328 4796 412 4851 corda
426 4796 579 4867 repleverit
593 4796 782 4864 credentium,
797 4803 826 4853 et
841 4797 1004 4867 linguarum
1059 4799 1197 4870 Spiritum
1213 4800 1287 4869 Filii,
1309 4817 1394 4872 quem
1412 4801 1489 4857 misit
1516 4803 1589 4857 Deus
1604 4801 1635 4856 in
1655 4804 1740 4857 eorda
1755 4808 1867 4870 nostra;
1882 4809 1911 4859 et

156 4884 266 4940 dederit
294 4884 452 4952 seientiam,
478 4886 523 4939 uel
552 4887 728 4940 certePater
755 4885 1002 4958 possitlintelligi;
1060 4887 1219 4952 incedam,
1246 4889 1370 4959 quilam
1401 4889 1493 4945 Patris
1526 4905 1614 4961 quem
1642 4891 1706 4945 Filii
1734 4896 1912 4947 monstratur

156 4982 253 5029 tamen
269 4973 292 5028 si
306 4973 520 5029 consideremus
531 4974 616 5028 verba
633 4973 709 5028 Petri
735 4974 865 5045 superins
888 4975 1005 5047 loquen·
1059 4973 1191 5045 Spiritus,
1209 4974 1367 5030 clamamus
1389 4975 1479 5044 tibba,
1496 4978 1588 5034 Pater.
1620 4977 1702 5042 Quod
1719 4978 1910 5053 {nequaquam

156 5065 192 5116 tis
206 5063 242 5118 de
257 5063 395 5118 missione
409 5061 532 5133 Spiritus
547 5062 636 5116 sancti
652 5078 739 5133 snper
752 5062 911 5128 credentes,
927 5063 1004 5134 qnod
1058 5061 1151 5117 facere
1166 5079 1327 5133 possemus:
1345 5064 1367 5118 ai
1393 5081 1450 5120 non
1475 5067 1721 5137 quemadmodum
1751 5069 1911 5139 procedite

156 5151 243 5206 Filius
259 5167 325 5206 eum
343 5149 476 5206 effuderit
495 5150 672 5218 (sicutanteo
688 5150 797 5206 dictum
813 5151 882 5221 est),
904 5167 1004 5207 consa·
1058 5150 1141 5204 Patre
1171 5149 1293 5222 Spiritus
1322 5157 1445 5220 sanctus,
1480 5154 1520 5209 sic
1549 5154 1636 5210 etiam
1662 5156 1799 5224 procedat
1839 5163 1868 5212 et
1894 5172 1910 5210 a

156 5244 279 5308 quenter
295 5245 324 5294 et
340 5239 387 5294 hic
399 5239 476 5293 heus
492 5237 580 5293 Filios
593 5238 806 5309 intelligendus,
830 5238 880 5309 qui
894 5238 1006 5309 dederit
1058 5237 1141 5291 Filio.

155 5327 286 5383 eamdem
301 5327 423 5398 gratiam
440 5327 584 5393 Cornelio,
599 5326 740 5398 sociisque
765 5327 836 5397 ejus,
853 5327 937 5382 Petro
961 5328 1003 5382 lo·
1093 5325 1196 5381 Scribit
1221 5327 1378 5383 Corinthiis
1405 5329 1435 5384 in
1462 5331 1589 5403 Epistola
1614 5333 1761 5388 secunda:
1780 5335 1910 5404 Epistola

153 5418 271 5482 querite,
292 5430 379 5487 quern
404 5414 482 5472 dedit
492 5413 572 5487 prius
597 5413 748 5469 attondens
773 5413 911 5485 Spiritum
940 5430 1004 5470 aan-
1057 5419 1152 5470 nostre
1163 5430 1208 5471 uos
1223 5420 1296 5484 estis,
1312 5421 1418 5489 scripte
1431 5421 1460 5474 in
1469 5420 1595 5474 cordibus
1604 5424 1718 5489 nostris,
1743 5426 1912 5492 quescitur

154 5505 232 5556 etum
248 5517 335 5573 super
347 5502 504 5572 discipulos
524 5501 554 5558 in
566 5501 675 5573 linguis
689 5500 793 5574 igneis.
809 5502 842 5557 Et
856 5501 1002 5558 evidenter
1058 5509 1083 5558 et
1097 5504 1197 5571 teoiteu
1209 5505 1243 5559 eb
1257 5508 1379 5561 omnious
1394 5506 1547 5562 bominibus
1567 5523 1574 5562 :
1588 5511 1760 5576 manifestati
1777 5514 1911 5579 quonium
