3930 6098
138 293 182 344 atu
767 289 934 349 EPISTULA
953 292 999 346 AB
1020 293 1249 351 NATRANNUN.

137 423 189 475 lmo
202 420 305 490 procul
321 418 409 474 dubio
424 418 493 474 nihil
509 417 586 485 hine,
602 416 644 472 vir
658 416 831 486 humillime,
849 423 914 473 nato

137 511 200 565 Cam
213 508 403 563 bonacuncta
414 506 517 571 habeo,
532 507 684 578 accipienti
700 506 806 562 dantur
821 524 922 579 egeno.
968 546 974 554 .

161 653 238 724 Ergo
260 651 338 707 bunc
359 650 510 722 aequalem,
526 648 692 720 pariterque
712 648 793 721 pium
816 649 977 706 Genitorem

134 741 247 798 lunum
263 755 415 811 unumque
426 740 526 806 Deum,
539 737 610 793 votis
620 737 720 793 efferre
733 754 784 810 per
797 754 890 793 aevum

135 829 225 886 bebeo
241 828 431 900 supplicibus,
446 842 503 899 quo
516 842 581 881 sum
594 825 648 881 tibi
662 826 784 897 praeside
796 827 923 897 junctus,

133 920 181 975 Abs
201 918 335 992 {absque}
355 916 428 972 meis
444 914 553 971 meritis
567 931 574 970 ε
595 915 661 972 lecit
676 916 731 970 hoc
750 916 874 987 denique
890 915 978 987 gratis

134 1008 222 1064 Eliuso
236 1007 290 1080 qui
306 1012 334 1062 te
350 1006 440 1061 voluit
450 1020 583 1077 reparare
597 1020 698 1060 cruore
711 1014 724 1039 ⁸
739 1021 746 1059 :

133 1096 233 1152 [litavit
246 1096 360 1168 sophie,
373 1095 489 1166 speciali
504 1094 574 1166 quin
589 1099 618 1149 et
632 1093 755 1162 honore,

133 1185 246 1241 Virtutis
261 1184 341 1239 varie
355 1183 472 1239 donavit
486 1183 609 1239 amando
624 1182 736 1238 decore.

133 1275 238 1345 Dignus
253 1279 282 1327 et
297 1278 340 1328 est
350 1272 413 1327 ritae
427 1271 473 1326 hic
485 1272 606 1326 laridum
620 1287 672 1342 per
685 1270 769 1326 saecla
784 1270 890 1337 lavore,

132 1364 157 1420 st
169 1362 253 1419 daret
269 1362 382 1417 allicere
396 1360 437 1428 id,
454 1360 539 1433 parili
554 1361 615 1415 sine
631 1360 689 1416 fine
702 1365 811 1415 tenore.

131 1452 244 1508 Sincere
260 1456 337 1506 certe
350 1449 459 1522 iugiter
474 1449 665 1504 redamandus
680 1463 792 1511 amora;

132 1543 161 1596 Et
173 1547 252 1596 casto
266 1545 362 1594 sancte
378 1539 549 1594 metuendus
562 1537 669 1609 ubique
683 1537 798 1600 timore,

131 1629 197 1684 Cum
210 1628 284 1701 petit
297 1627 421 1692 assidue,
437 1642 522 1698 quem
535 1629 633 1680 sancto
648 1624 749 1679 efferre
762 1629 896 1679 tremore.

132 1718 241 1772 Viscera
255 1716 355 1788 largiri
370 1717 484 1771 valeant
500 1715 523 1769 si
538 1719 635 1769 nostra
650 1713 717 1785 quid
735 1712 777 1768 illi
793 1729 798 1766 :

131 1805 243 1876 ludigus
259 1810 303 1859 est
318 1803 408 1858 nostri
423 1803 472 1876 qui
490 1802 531 1856 nil
546 1802 646 1873 utique
662 1800 867 1866 emolumenti3

133 1896 188 1949 Nou
204 1899 272 1964 eget
287 1892 430 1964 obsequii,
448 1907 539 1962 neque
555 1890 673 1956 servitii,
690 1895 776 1960 atquc
793 1905 845 1943 uec
857 1885 974 1959 hymni:

133 1983 209 2037 Solus
223 1982 260 2036 ob
273 1982 301 2036 id
319 1981 434 2035 Domini
450 1979 558 2051 potitur
571 1978 744 2050 cognomine
759 1976 829 2031 veri.

132 2070 163 2123 Et
177 2074 273 2123 tamen
285 2068 346 2138 ipse
362 2067 478 2134 horum,
495 2067 672 2139 reliquorum
687 2065 746 2120 sive
761 2066 905 2119 bonorum

133 2159 191 2212 Esto
205 2158 263 2212 late
278 2163 365 2229 atque
383 2161 492 2223 auctor,
519 2171 569 2210 seu
583 2153 685 2224 nostri,
700 2159 730 2209 tu
748 2153 823 2208 bone
840 2152 939 2208 doctor
954 2155 975 2206 b.

162 2301 252 2355 Nente
265 2297 370 2353 humili
390 2298 466 2352 hune
484 2296 558 2362 ideo,
581 2294 680 2364 sidat,
702 2295 871 2350 benedicere
890 2299 976 2358 certo,

132 2389 208 2455 Quod
223 2387 325 2443 tribuit
339 2386 422 2441 nobis
436 2385 521 2440 telem
536 2390 565 2439 te
580 2384 684 2455 pignus
699 2384 815 2447 amoris,

132 2477 180 2540 Qui
196 2491 310 2530 serrare
325 2475 394 2529 velis
408 2480 436 2529 et
451 2489 577 2544 pangere
590 2473 666 2528 dicta
680 2473 775 2544 poesis
790 2490 797 2528 z

132 2565 196 2630 Quae
209 2570 308 2619 sancto
321 2565 412 2628 Flatu,
427 2579 486 2617 non
502 2562 551 2616 viti
565 2561 664 2617 inflata
679 2561 776 2629 boatu,

132 2654 298 2724 dulciloquo
311 2652 408 2716 affatu,
425 2650 540 2718 celebri,
557 2649 702 2721 rutiloque
716 2650 820 2715 relatu,

132 2743 276 2797 bemulcet
291 2746 429 2807 mentem,
444 2738 648 2794 modulaminis
664 2739 750 2809 hujus
767 2744 898 2808 egentem
915 2755 921 2792 :

131 2833 161 2884 Et
174 2832 283 2886 solatur
297 2847 360 2885 eam
375 2829 461 2883 variis
474 2827 660 2899 languoribus
674 2843 791 2898 tagram.

130 2920 310 2991 Diversisqae
327 2918 410 2974 malis
424 2918 537 2974 diversa
552 2920 688 2988 poemata
703 2915 810 2986 psallis.

1831 301 1882 354 ato

997 422 1022 476 A
1036 421 1173 478 Sermone
1186 422 1320 490 incultus,
1338 423 1426 478 veteri
1442 440 1558 496 quoque
1568 426 1634 495 jure
1649 427 1769 496 solutus,

1034 510 1196 575 Quamlibet
1210 512 1265 567 hoc
1279 511 1394 567 modico
1410 529 1478 568 risus
1493 514 1546 568 sim
1568 515 1620 569 sub
1634 519 1764 588 tempore
1778 532 1879 588 pauco.

1035 600 1164 670 Namque
1178 600 1344 672 magisterio
1358 600 1403 655 rix
1417 617 1474 655 uno
1486 602 1614 657 subditus
1629 620 1715 672 anuo,

1033 688 1090 744 Nec
1102 688 1189 744 didici
1204 689 1348 763 deinceps,
1366 689 1461 744 dubiis
1474 691 1644 762 ambagibus
1659 709 1773 765 anceps,

1032 776 1191 832 Stultorum
1206 778 1350 849 princeps,
1367 778 1490 848 abrupta
1504 794 1556 849 per
1571 780 1668 834 omnia
1681 797 1828 853 praceps;

1033 867 1122 921 Nemo
1135 867 1189 922 fuit
1206 867 1276 922 mihi
1295 867 1361 934 dux,
1379 866 1445 921 ideo
1458 866 1577 921 minime
1592 867 1684 937 patuit
1700 869 1757 938 lux,

1032 954 1118 1024 Seplo
1130 956 1263 1025 peccatis,
1279 961 1419 1027 quantum
1436 955 1528 1026 pietas
1548 954 1603 1009 uisi
1617 956 1706 1026 gratis

1033 1043 1148 1099 Caelesti
1163 1044 1275 1110 tribuit,
1290 1043 1337 1098 cui
1350 1044 1448 1112 virtus,
1466 1043 1567 1115 gloria,
1583 1043 1647 1098 laus
1661 1043 1706 1099 sit.

1035 1133 1108 1187 Raro
1125 1133 1178 1185 hoo
1191 1148 1242 1203 per
1257 1133 1358 1199 metit,
1374 1148 1425 1204 per
1435 1135 1462 1185 te
1477 1136 1543 1202 palo
1558 1131 1685 1186 crebrius
1700 1138 1733 1186 ut
1748 1133 1792 1188 sit.

1071 1273 1195 1330 Proinde
1209 1274 1365 1328 scientiolae
1381 1270 1535 1328 scintillula
1549 1290 1615 1329 cum
1630 1274 1702 1330 mibi
1716 1274 1810 1329 inesse

1034 1365 1083 1418 Vix
1100 1368 1195 1435 queat,
1208 1363 1329 1418 extimeo
1345 1363 1412 1419 hinc
1422 1364 1489 1435 quid
1504 1364 1596 1418 amico
1611 1364 1742 1418 frendere
1758 1379 1883 1432 summo,

1032 1453 1168 1507 Sensibus
1183 1457 1295 1522 arguto,
1312 1452 1412 1523 lingua
1428 1453 1613 1506 vehementer
1628 1455 1720 1507 acuto.

1032 1539 1144 1611 Quippe
1160 1539 1293 1595 exercitio
1309 1540 1358 1612 qui
1372 1546 1455 1595 nocte
1469 1541 1573 1612 dieque
1589 1540 1642 1594 sub
1652 1540 1706 1594 isto

1033 1631 1176 1696 Versatus,
1191 1629 1299 1684 dudum
1317 1629 1429 1683 erasisti
1443 1628 1556 1684 culmen
1570 1629 1604 1683 ad
1617 1628 1721 1699 ipsum.

996 1722 1016 1776 B
1032 1720 1088 1774 Noc
1102 1717 1237 1790 equidem
1252 1718 1412 1783 attendens,
1430 1722 1515 1789 atquo
1529 1717 1687 1776 resolvens,

1032 1806 1172 1861 Virtutem
1188 1816 1198 1841 ⁶
1213 1806 1361 1861 iullantem
1377 1810 1560 1878 postponens,
1577 1804 1768 1860 oedilicanlem

1032 1893 1163 1949 Gaudens
1178 1894 1325 1964 praelerre,
1340 1892 1452 1947 institui
1467 1892 1603 1946 hactenus
1617 1891 1683 1945 inde
1697 1891 1790 1951 silere.

1032 1982 1128 2037 Donec
1142 1998 1196 2052 ope
1214 1980 1326 2035 [lumini
1341 1980 1409 2034 hinc
1421 1981 1531 2034 valeam
1546 1979 1615 2050 quid
1626 1984 1736 2033 certum
1752 1979 1881 2051 adipisci,

1032 2074 1121 2125 Aures
1137 2068 1331 2141 magnanimis
1344 2069 1368 2135 d,
1386 2068 1455 2139 quid
1471 2068 1632 2122 demulcere
1649 2066 1765 2134 sodalis,

1032 2161 1144 2230 Corque
1159 2174 1259 2213 muare
1275 2161 1361 2229 queat
1377 2173 1384 2212 :
1402 2173 1438 2211 ne
1451 2156 1569 2228 squalor
1583 2156 1611 2210 iu
1627 2155 1676 2209 ilia
1690 2159 1795 2227 serpat,

1031 2249 1066 2302 Et
1080 2248 1173 2302 denuo
1188 2246 1342 2311 offendam,
1359 2245 1383 2300 si
1395 2244 1496 2301 frivola
1508 2244 1581 2299 forte
1596 2244 1757 2298 refundam.

1031 2336 1111 2400 Quod
1128 2334 1190 2390 lieri
1205 2334 1242 2390 'ut
1258 2335 1355 2406 [baudi
1379 2333 1478 2405 possit,
1500 2350 1561 2388 mea
1581 2348 1663 2387 mens
1688 2336 1737 2386 aut
1757 2329 1883 2403 impigra

1766 2419 1882 2491 [poscit,

1032 2510 1263 2583 Suppliciterque
1279 2513 1361 2582 rogat
1373 2510 1466 2580 pietas
1480 2515 1512 2564 ut
1524 2507 1600 2562 idem
1614 2510 1662 2561 tua
1678 2512 1785 2578 poscat.

1069 2653 1196 2724 Denique
1207 2657 1275 2706 sunt
1292 2651 1385 2718 multi,
1401 2650 1523 2704 Domino
1540 2649 1676 2715 donante,
1693 2648 1821 2718 magistri

1033 2745 1091 2799 Hac
1106 2742 1224 2813 regione
1239 2740 1295 2807 siti,
1312 2740 1430 2810 ingenio
1447 2740 1590 2809 locuplete
1601 2739 1693 2802 beati;

1034 2830 1112 2885 Unde
1127 2829 1255 2900 palatina
1270 2828 1400 2900 plerique
1418 2834 1569 2881 morantur
1583 2827 1613 2881 in
1628 2827 1702 2880 aula.

1031 2920 1075 2974 Ad
1091 2920 1142 2973 hos
1154 2923 1240 2988 atque
1256 2916 1327 2971 alios
1339 2931 1392 2986 per
1402 2915 1525 2970 barbara
1540 2930 1628 2986 regna
1644 2915 1761 2979 locatos,

125 3009 172 3064 Sic
187 3008 339 3065 Citharista
353 3006 460 3061 etenim
477 3005 588 3060 studuit
599 3004 803 3059 celeberrimus
818 3005 888 3058 olim
996 3020 1016 3076 g
1033 3009 1143 3063 Cornua
1158 3007 1203 3061 hia
1218 3005 1317 3059 aridus
1332 3003 1446 3075 porrexi
1461 2999 1602 3073 scriptura
1618 3003 1728 3070 diebus,

125 3099 181 3154 Cor
197 3097 298 3152 sedare
312 3095 439 3150 hominis
454 3093 559 3149 fidibus
570 3093 720 3165 psallendo
734 3093 863 3160 canoris,

126 3185 273 3241 Nimirum
287 3184 412 3239 hominis
425 3184 485 3254 jam
501 3183 583 3254 regui
599 3181 709 3237 honore
723 3181 855 3247 carentis,

124 3275 218 3339 Quem
238 3272 323 3327 draco
347 3271 471 3326 crudelis
490 3271 609 3325 vexabat
628 3273 658 3325 et
680 3269 829 3340 improbus
850 3267 975 3340 anguis:

123 3364 161 3417 ltt
173 3377 240 3417 rere
255 3360 368 3427 merito,
386 3359 541 3414 [lominum
555 3358 624 3431 quia
639 3359 761 3429 liquerat
775 3359 861 3424 ultro,

124 3451 225 3506 Elatus
239 3450 314 3505 tastu
327 3445 429 3517 nimio,
439 3447 562 3503 feritatis
576 3452 605 3502 et
619 3453 692 3501 astu.

122 3539 202 3597 lluic
216 3545 245 3595 te
259 3538 426 3606 Psalmistre,
442 3537 519 3604 huic,
534 3536 665 3608 inquam,
680 3535 805 3591 similem
821 3536 976 3597 citharista,

124 3626 266 3692 vixerim,
277 3626 367 3680 amice
383 3640 471 3693 sacer,
485 3640 624 3696 generose
640 3627 724 3694 poeta
738 3624 921 3695 frequentem

117 3715 180 3780 Qui
195 3715 373 3771 modulando
388 3714 430 3769 tui
445 3713 552 3784 levigas
564 3729 650 3784 grave
663 3718 762 3785 pectus
776 3712 896 3768 alumni.

162 3859 188 3913 4.
211 3862 305 3929 Atque
326 3856 437 3912 utinam
454 3872 538 3928 prosa
555 3860 614 3912 tam
635 3855 738 3925 dulcia,
759 3860 818 3910 tam
837 3856 974 3928 speciosa,

111 3939 196 3998 ’Iam
211 3941 391 4014 praefulgida,
409 3944 437 3996 et
449 3943 507 3995 tam
521 3939 627 4009 suavia,
644 3944 762 4012 tamque
776 3939 889 4007 decora,

110 4027 194 4088 'lam
209 4032 270 4102 pia,
286 4035 347 4087 tam
361 4029 483 4101 placida,
500 4033 587 4102 atque
602 4029 680 4101 quod
689 4030 755 4101 plus
769 4034 821 4099 est,
832 4035 892 4085 tam
904 4028 975 4084 mihi

111 4205 251 4264 Psallere
268 4205 414 4278 magnifici
429 4207 519 4277 pietas
531 4205 668 4262 voluisset
682 4204 782 4260 amicil
886 4116 974 4189 [mai

1032 3097 1122 3153 Orans
1138 3109 1314 3166 magnopere
1328 3093 1485 3162 dignentur
1499 3098 1530 3147 ut
1545 3091 1625 3146 ocius
1639 3091 1705 3145 inde

1032 3183 1217 3254 Respondere
1234 3181 1317 3247 mihi,
1333 3197 1384 3235 seu
1400 3181 1464 3245 scis,
1482 3179 1666 3235 vehementer
1679 3177 1785 3249 egenti.

1032 3273 1134 3343 Estque
1146 3269 1301 3342 Augustini
1317 3269 1362 3324 his
1374 3269 1517 3324 sententia
1532 3267 1618 3322 missa
1636 3267 1724 3332 beati,

1031 3360 1122 3425 Quam
1138 3359 1249 3430 liquido
1263 3357 1379 3429 exponi,
1394 3357 1504 3411 auctori
1518 3355 1688 3428 quadrando
1698 3352 1827 3426 poposci.

1031 3450 1139 3520 Nempe
1153 3447 1246 3502 tribus
1261 3447 1366 3501 horum
1376 3446 1473 3500 studui
1483 3443 1632 3516 proprium
1644 3442 1744 3498 indere
1753 3456 1878 3508 sensum,

1030 3536 1190 3600 Natcaudo,
1205 3536 1296 3602 Jonoe,
1310 3540 1398 3605 atque
1415 3536 1502 3603 lupo,
1515 3530 1700 3586 rutilantibus
1714 3545 1774 3595 ore,

1030 3628 1151 3682 Poscens
1167 3624 1270 3679 obnixe
1286 3627 1419 3691 satagant
1433 3625 1464 3675 ut
1480 3636 1547 3675 vera
1561 3619 1678 3674 referre.

1030 3711 1177 3782 Proposita
1191 3716 1234 3766 est
1254 3709 1372 3781 reliquis
1392 3707 1592 3763 tantummodo
1614 3706 1736 3777 quaestio
1759 3703 1879 3759 cunctis.

1029 3801 1157 3872 Opposui
1171 3816 1249 3866 sane,
1264 3799 1397 3870 objicitur
1412 3795 1490 3869 quod
1503 3800 1583 3867 parte
1596 3796 1630 3849 ab
1647 3800 1768 3866 utraque

1030 3890 1119 3944 Nemo
1134 3887 1182 3941 sed
1193 3891 1311 3955 excepto
1326 3883 1394 3956 quid
1407 3883 1500 3938 adhuc
1510 3881 1579 3936 mihi
1595 3882 1720 3937 reddidit
1736 3897 1803 3948 una,

1030 3977 1084 4043 Qui
1103 3992 1168 4030 cum
1192 3975 1229 4030 sit
1246 3979 1356 4042 cautus,
1373 3972 1460 4026 simul
1477 3976 1505 4025 et
1526 3976 1616 4033 catus,
1632 3975 1673 4024 est
1697 3970 1878 4034 moderatus,

1029 4066 1074 4121 Sic
1096 4065 1154 4137 jam
1181 4070 1262 4118 terna
1282 4062 1326 4117 sui
1351 4062 1458 4116 librans
1481 4076 1618 4131 responsa
1644 4057 1741 4113 labelli
1761 4056 1823 4128 lat,
1846 4056 1879 4110 li·

1791 4144 1880 4217 [belli

1032 4242 1066 4296 Ut
1078 4241 1194 4311 dempto
1210 4239 1306 4294 neutri
1322 4240 1409 4309 pleno
1424 4237 1589 4293 discrimine
1603 4235 1678 4308 parti

111 4289 177 4351 nic
188 4301 300 4362 umffl’
315 4295 345 4351 id
360 4311 458 4366 parem
479 4294 547 4350 inde
561 4295 631 4350 ‘dibi
651 4296 728 4367 ΨΜ
746 4294 866 4350 reddere
891 4312 974 4366 ⁸p⁰f⁰
996 4317 1017 4370 D
1033 4329 1178 4399 Congruat
1193 4344 1200 4381 :
1217 4328 1293 4383 unde
1308 4327 1360 4381 tibi
1374 4326 1520 4381 recitanda
1536 4325 1597 4380 heac
1610 4330 1733 4396 utraque
1747 4322 1827 4389 duxi,

104 4377 246 4455 Scripta,
262 4383 377 4438 favente
392 4381 460 4452 Deo,
476 4383 541 4440 licet
559 4383 589 4438 id
604 4383 671 4450 cito,
695 4388 726 4437 ut
740 4387 819 4454 opto,
836 4384 974 4454 nequibo,

104 4464 226 4528 Rultas
241 4470 281 4526 ob
291 4486 400 4537 causas,
417 4487 539 4542 quarum
552 4471 675 4542 primam
689 4485 751 4525 esse
765 4475 897 4525 venustas

103 4553 198 4617 Eine
214 4559 279 4614 volo
293 4563 388 4612 vestra
401 4558 481 4625 sciat,
493 4559 561 4630 quia
574 4558 620 4614 rix
629 4564 709 4614 vacat
723 4557 803 4628 hora,
818 4559 926 4614 residat

101 4642 185 4710 Qua
199 4662 268 4701 mea
284 4645 438 4712 rusticitas,
455 4650 486 4700 ut
502 4647 602 4701 sallem
620 4646 687 4701 hinc
703 4646 812 4718 fingere
829 4652 924 4703 ternas

106 4729 280 4791 Utmrutas
294 4733 387 4802 liceat,
403 4735 539 4805 quoniam
554 4734 709 4806 imperium
725 4735 815 4790 Patris
829 4735 916 4791 instat

106 4824 168 4880 Ad
181 4823 358 4895 patrandum
372 4822 492 4894 aliquid,
509 4838 574 4877 cum
587 4824 652 4893 hoc,
667 4828 736 4878 tunc
746 4824 878 4895 protinus
894 4825 976 4894 illud,

109 4906 204 4968 Istud
219 4912 259 4967 ob
273 4910 303 4966 id
318 4926 441 4984 nequeo.
458 4911 514 4967 Sed
526 4913 581 4967 hoc
594 4913 733 4967 veraciter
749 4912 835 4982 addo,

110 4996 206 5064 Quod
219 4999 345 5056 nimium
358 5005 455 5056 metuo
470 5001 524 5057 tihi
539 5001 725 5073 respondere,
742 5001 817 5074 quod
833 5001 893 5057 imo

118 5084 161 5142 Vn
176 5104 261 5144 sensu
275 5093 370 5151 teneo,
386 5088 455 5160 quis
468 5093 569 5161 torpeo
580 5094 695 5161 pectore
709 5088 806 5145 bruto.

124 5173 249 5232 Inscitiae
263 5177 376 5248 plenus,
392 5178 542 5250 multoque
558 5194 654 5233 errore
669 5179 796 5245 volutus,

168 5335 266 5406 ‘drgo
287 5335 394 5390 electus
417 5335 613 5391 Natramuus:
636 5350 703 5388 uam
729 5334 772 5389 illi
793 5336 846 5389 soli
874 5334 978 5390 Christi

144 5406 269 5474 sanguiue
284 5406 426 5477 redempti
441 5405 573 5462 videntur
588 5405 792 5461 Gottescbalco.

150 5475 256 5602 mitiges·
290 5482 330 5532 est
354 5479 412 5532 tatu
439 5482 520 5547 utque
550 5482 645 5531 auctor
671 5492 719 5531 seu
750 5478 823 5532 nosti
852 5482 881 5531 tu
915 5478 979 5532 boae

1031 4415 1215 4487 Respondere
1230 4415 1279 4470 alii
1294 4419 1451 4486 properant
1466 4413 1536 4469 dum
1552 4418 1649 4468 mente
1664 4412 1767 4484 sagaci,

1031 4506 1092 4570 Quo
1109 4504 1200 4576 magis
1215 4502 1270 4572 bis,
1286 4502 1356 4557 mihi
1373 4518 1460 4575 quam
1474 4506 1597 4574 reputes,
1608 4499 1784 4567 charissime,
1796 4499 1881 4571 quid·

1768 4586 1880 4661 [auam.

1032 4683 1061 4739 Si
1075 4681 1170 4736 videas
1186 4678 1296 4751 aliquid
1306 4679 1480 4733 concordans
1495 4678 1572 4749 quod
1584 4677 1636 4732 tibi
1652 4692 1712 4731 nou
1728 4675 1774 4744 sit,

1032 4775 1067 4827 At
1082 4771 1147 4825 licet
1163 4785 1252 4840 usque
1266 4784 1338 4841 rogo
1355 4784 1468 4822 mecum
1483 4767 1539 4823 duo
1553 4771 1566 4799 ⁶
1581 4771 1699 4838 perpete
1714 4769 1791 4828 voto,

1032 4862 1148 4915 Pectore
1162 4858 1234 4929 quin
1250 4860 1310 4912 toto
1326 4857 1447 4928 supplex
1460 4873 1543 4911 orare
1555 4861 1712 4922 memento,

1033 4948 1159 5004 Donetur
1172 4945 1276 5002 habilis
1292 4963 1349 5019 quo
1363 4963 1457 5001 sermo
1474 4945 1604 5000 videlicet
1618 4944 1685 5011 illis,

1031 5039 1160 5108 Cumque
1176 5036 1273 5108 rigore
1290 5035 1356 5089 satis
1368 5035 1417 5107 pia
1432 5034 1514 5089 uobis
1531 5035 1653 5106 pignora
1665 5030 1767 5103 pascis.

1068 5177 1182 5232 Gaudeo
1198 5177 1368 5248 praeteritas,
1387 5175 1524 5231 nimirum
1538 5171 1700 5229 venerande
1714 5173 1809 5241 poeta,

1068 5345 1078 5370 ⁰
1093 5336 1240 5392 Setentiom
1254 5335 1324 5389 dicit
1338 5335 1499 5405 Apostolus,
1515 5347 1573 5386 non
1587 5332 1725 5384 uirtutem.

1068 5408 1082 5450 d
1098 5409 1297 5478 lloqnommcs,
1312 5406 1366 5460 uisi
1381 5420 1498 5475 peccare
1514 5400 1602 5456 voluit
1616 5398 1653 5453 ad
1667 5413 1774 5452 casum.

1068 5478 1169 5542 ⁸0qu
1195 5476 1270 5532 istud
1294 5491 1395 5532 mecum
1410 5475 1482 5529 duo‘t
1507 5475 1552 5527 An
1578 5485 1690 5537 mecum,
1712 5483 1828 5540 precare
1853 5471 1882 5521 ut

1035 5548 1089 5604 duo
1103 5548 1242 5604 simut...l
