3930 6098
164 343 216 397 339

739 340 918 397 RATDANNI
937 341 1165 398 consulensis
1183 335 1337 396 MDNACHI

1865 341 1917 396 340

164 472 439 546 vitatisepiscopnm
468 469 646 538 Flavianum,
662 487 696 526 eo
723 472 800 543 quod
824 472 955 527 libellum
975 472 1010 527 ad
1029 473 1105 529 hDe
1124 471 1168 526 his
1192 475 1299 539 autem,
1327 469 1377 542 qui
1402 470 1432 525 iu
1460 471 1512 526 hac
1536 487 1622 525 causa
1645 471 1761 543 gravius
1777 486 1916 544 peccave-

164 564 348 635 apostolicam
372 560 469 616 sedem
492 560 603 616 miserit
625 577 677 632 per
701 578 749 616 eos
763 553 814 633 'qui
832 561 931 617 directi
946 562 1011 616 fue·

163 656 230 706 rant
243 651 273 704 in
294 649 446 705 concilium
460 667 477 703 a
493 649 731 705 reverendissimo
746 651 880 722 episcopo
901 652 1010 717 Rome,

162 740 211 812 qui
228 739 387 794 secundum
409 739 593 794 definitiones
616 739 724 794 Niceni
749 741 862 794 concilii
883 739 1012 794 consueti

163 833 230 883 sunt
252 828 403 895 interesse,
428 827 550 882 Domine
575 828 752 883 sanctissime
772 828 824 897 lili,
841 828 1012 883 uenerabilis

163 917 330 989 imperator.
346 919 403 972 Hac
417 917 514 988 itaque
531 916 633 987 gratia,
647 922 696 971 tua
715 918 906 973 mansuetudo
925 917 1012 972 tantis

163 1007 256 1061 turbis
279 1007 425 1073 resistens,
451 1006 601 1060 veritatem
625 1005 839 1061 immaculatam
866 1008 1011 1062 catholice

164 1095 230 1149 fidei
247 1096 354 1149 servari
369 1095 526 1166 precipiat,
552 1101 581 1150 et
601 1097 758 1150 secundum
783 1097 905 1151 formam
920 1102 949 1152 et
963 1097 1012 1152 de·

164 1182 326 1237 finitionem
353 1184 520 1253 apostolice
547 1183 632 1253 sedis,
658 1201 745 1256 quam
766 1186 852 1240 etiam
878 1203 928 1241 nos
953 1193 1014 1241 tan-

164 1286 251 1341 quam
280 1272 494 1342 precellentem
519 1273 653 1327 similiter
679 1290 859 1343 veneramur,
887 1275 1012 1330 instato

165 1360 317 1414 sacerdotii
340 1361 430 1416 illeso
456 1367 591 1417 manente
617 1379 669 1434 per
688 1364 787 1419 omnia
810 1364 953 1431 Flaviano,
978 1365 1013 1420 ad

1064 564 1142 629 runt,
1160 565 1188 616 et
1203 561 1240 616 ob
1254 561 1308 615 hoc
1322 559 1500 630 superiorem
1516 559 1569 614 sibi
1585 560 1680 614 locum
1701 559 1731 614 in
1750 560 1853 615 eadem
1868 559 1916 614 in·

1065 652 1141 707 felici
1159 651 1267 723 syuodo
1284 649 1475 716 vindicarunt,
1495 654 1528 704 ut
1543 649 1696 703 humilium
1709 649 1832 704 fratrum
1847 650 1917 704 sim·

1065 741 1221 811 plicitatem
1249 739 1418 809 arrogante
1446 738 1620 809 prejudiciis
1649 744 1865 809 aggravarent:
1891 738 1915 793 si

1066 827 1139 882 forte
1164 827 1375 897 resipiscautet
1399 828 1463 880 finti
1487 827 1531 881 sari
1552 827 1749 882 defensionem
1774 832 1918 882 cassantes

1066 915 1096 969 in
1110 914 1379 969 condemnationem
1396 916 1504 986 proprii
1513 920 1718 969 convertuntur
1734 914 1852 982 erroris,
1868 915 1918 969 ho·

1066 1019 1131 1057 rum
1160 1002 1314 1057 satisfactio
1343 1003 1409 1057 talis
1437 1003 1647 1075 accensaque
1675 1019 1733 1058 non
1764 1004 1918 1058 refutanda

1067 1091 1206 1159 videatur,
1228 1091 1277 1145 sed
1294 1091 1500 1147 maturioribus
1519 1092 1683 1163 apostolice
1696 1091 1772 1146 sedis
1790 1092 1918 1147 consiliis

1067 1185 1243 1247 reservetur,
1260 1184 1300 1249 ut,
1317 1179 1488 1234 examinatis
1503 1182 1638 1235 omuibus
1653 1186 1739 1251 alque
1755 1181 1915 1252 perpensis,

1067 1268 1123 1340 ipsi
1146 1285 1247 1323 eorum
1263 1269 1470 1340 agnitionibus,
1484 1270 1553 1341 quid
1569 1269 1705 1324 constitui
1719 1271 1832 1333 debeat,
1848 1268 1919 1324 esti·

1069 1364 1173 1414 matur.
1199 1359 1296 1431 Neque
1317 1361 1397 1431 prius
1420 1359 1450 1413 in
1466 1358 1597 1427 Ecclesia,
1614 1359 1659 1414 cui
1673 1365 1702 1413 te
1718 1360 1858 1414 Dominus
1872 1375 1919 1413 vo·

97 1470 105 1489 c
165 1449 278 1503 concilii
307 1454 336 1504 et
362 1450 526 1522 apostolice
555 1452 630 1506 sedis
654 1453 797 1523 judicium
821 1454 1012 1521 transmittat;
1068 1449 1123 1504 luit
1137 1448 1302 1520 presidere,
1325 1447 1494 1520 cujusquam
1508 1449 1610 1502 talium
1625 1451 1669 1516 (ut
1682 1448 1717 1504 ad
1732 1453 1760 1503 te
1773 1449 1835 1519 jam
1849 1447 1916 1502 scri·

165 1536 268 1608 inqua
290 1539 402 1609 primus
423 1539 482 1605 ille,
512 1540 562 1611 qui
577 1541 705 1595 celestes
730 1541 822 1596 claves
843 1542 947 1613 dignus
961 1542 1014 1597 fuit
1069 1538 1189 1609 psimus)
1204 1553 1307 1591 nomeu
1322 1538 1355 1592 ad
1370 1537 1457 1599 altare
1471 1538 1615 1601 recitetur,
1635 1553 1722 1609 quam
1739 1537 1810 1609 qnid
1827 1538 1862 1593 de
1877 1537 1918 1610 eis

167 1626 306 1699 accipere,
346 1628 544 1699 principatum
579 1629 759 1701 episcopatus
781 1631 934 1686 ordinavit.
961 1633 1014 1686 De·
1069 1627 1205 1682 constitui
1233 1627 1346 1695 debeat,
1377 1642 1472 1680 rerum
1497 1642 1648 1697 processus
1673 1626 1815 1682 ostendat.
1845 1648 1855 1674 ι
1887 1627 1919 1681 Et

166 1720 210 1768 cet
226 1715 322 1786 itaque
345 1732 396 1770 uos
419 1715 487 1770 huic
511 1716 644 1772 maxime
663 1717 783 1785 civitati,
809 1735 874 1789 que
897 1718 1015 1774 domina
1070 1705 1260 1786 postpauca:
1283 1737 1296 1765 a
1312 1714 1450 1770 Anuitere
1464 1715 1570 1786 itaque,
1594 1716 1680 1770 frater
1695 1714 1873 1783 charissime,
1887 1720 1918 1770 ut

167 1803 299 1858 omniurn
324 1809 376 1870 est,
403 1804 433 1858 in
462 1805 598 1860 omnibus
617 1807 807 1861 reverentiam
834 1823 1013 1864 conservare.
1035 1775 1135 1876 Bquaer
1151 1804 1282 1858 Ecclesiae
1303 1804 1354 1859 Dei
1368 1810 1540 1875 congruunt,
1565 1804 1688 1858 fideliter
1711 1808 1739 1858 ct
1764 1804 1919 1859 efficaciter

168 1891 339 1962 Diligentius
368 1899 464 1947 autem
488 1893 543 1947 hoc
569 1894 726 1964 providete,
752 1911 788 1949 ne
814 1897 890 1966 quod
916 1895 1016 1967 priscis
1069 1909 1134 1948 cum
1158 1892 1202 1946 his
1217 1893 1352 1947 fratribus
1372 1898 1546 1959 constanter,
1563 1892 1773 1964 quosidoneos
1788 1900 1919 1948 auctores

167 1979 344 2050 temporibus
372 1985 467 2034 nostra
494 1981 642 2051 generatio
673 1982 832 2045 custodivit.
853 1984 905 2038 sub
934 1984 1017 2039 nobis
1070 1981 1220 2051 elegimus,
1246 1981 1418 2053 exsequaris.
1443 2000 1457 2032 u
1479 1982 1650 2036 ldonstratnr
1674 1982 1719 2036 his
1743 1981 1918 2036 litterisllo·

168 2066 302 2121 imminui
323 2067 462 2137 videatur,
488 2074 516 2123 et
540 2086 593 2141 per
615 2086 741 2140 presens
756 2073 919 2143 exemplum
942 2073 1015 2127 schi·
1070 2085 1188 2124 manum
1203 2069 1369 2141 pontificem
1387 2085 1509 2140 preesse
1529 2070 1699 2141 patriarche
1720 2069 1919 2125 Constantino·

168 2161 260 2210 amata
280 2160 455 2223 generentur
478 2157 554 2212 iuter
576 2158 723 2229 episcopos
746 2175 778 2214 ac
795 2165 906 2215 sanctas
924 2162 1016 2216 Eccle-
1071 2158 1210 2230 politano,
1235 2159 1281 2212 cui
1307 2157 1381 2213 vices
1405 2175 1468 2212 suas
1491 2159 1522 2212 iu
1541 2158 1651 2229 synodo
1675 2159 1823 2213 habendas
1843 2174 1920 2213 com·

169 2241 264 2297 sias.»
289 2247 415 2315 Apparet
437 2244 527 2315 igitur
550 2262 583 2300 ex
602 2245 647 2300 his
666 2248 827 2302 Romanum
851 2249 1016 2319 pontificem
1071 2245 1176 2301 mittit:
1206 2246 1309 2318 cuique
1348 2246 1383 2301 de
1419 2245 1540 2316 singulis
1577 2246 1701 2316 qualiter
1733 2253 1916 2318 exsequatur,

169 2346 318 2403 nunquam
339 2331 427 2386 fuisse
449 2331 608 2403 subjectum
631 2335 800 2405 patriarche
817 2337 1016 2394 Constantino·
1070 2335 1248 2408 prescribit;
1276 2341 1304 2390 et
1332 2335 1400 2406 quid
1428 2351 1480 2389 suo
1502 2334 1609 2406 judicio
1636 2336 1843 2390 reservandum
1872 2334 1916 2400 sit,

168 2419 308 2490 politano,
333 2421 404 2492 quin
417 2421 512 2493 potius
534 2422 584 2476 ubi
602 2425 755 2479 necessitas
770 2427 934 2497 postulavit,
950 2445 1016 2482 eum
1070 2423 1185 2491 indicit;
1202 2424 1271 2496 quid
1287 2440 1354 2478 vero
1376 2424 1436 2494 ipse
1459 2423 1652 2478 determinare
1673 2424 1786 2493 debeat,
1803 2424 1917 2490 delinit:

169 2508 353 2578 apostolicam
369 2509 466 2564 sedem
481 2510 644 2581 expetiisse,
665 2517 694 2567 et
710 2515 868 2570 secundnm
891 2515 954 2587 ejus
970 2516 1016 2586 ju·
1070 2529 1123 2567 nee
1142 2517 1238 2567 tamen
1261 2514 1337 2568 solus
1357 2518 1528 2585 potestatem
1554 2512 1660 2567 babere
1679 2512 1832 2584 judicandi
1854 2529 1918 2584 per-

169 2595 277 2649 dicium
293 2612 375 2651 suam
391 2597 546 2652 terminum
568 2598 673 2655 habere
696 2617 810 2657 causam
834 2604 1015 2675 poposcisse:
1072 2601 1205 2668 mittitur,
1232 2617 1331 2656 verum
1360 2602 1453 2656 socius
1480 2601 1546 2669 illis,
1576 2601 1626 2673 qui
1649 2601 1765 2656 fuerant
1789 2601 1826 2656 ab
1849 2617 1918 2672 apo·

170 2685 406 2757 quandoquidem
430 2686 468 2740 sit
491 2687 733 2744 Romanacivitas
753 2692 1017 2765 omnibusimperii
1071 2690 1169 2745 stolica
1196 2691 1263 2746 sede
1290 2691 1400 2753 directi,
1430 2707 1516 2762 super
1543 2691 1769 2746 determinandis
1796 2691 1919 2763 negotiis

169 2773 291 2827 llomani
316 2772 479 2829 civitatibus
498 2775 706 2846 honorabilior,
730 2785 759 2835 et
780 2781 925 2836 Romanus
945 2799 1016 2853 pon·
1070 2779 1231 2835 adhibetur.

168 2861 236 2916 tifex
260 2863 455 2936 principatum
479 2865 608 2922 obtineat
635 2869 788 2924 sacerdotii
810 2886 896 2942 super
918 2888 1017 2927 omnes
1105 2867 1209 2922 Scribit
1234 2867 1321 2922 etiam
1340 2868 1417 2923 idem
1440 2868 1540 2923 beatus
1559 2870 1615 2923 Leo
1642 2869 1793 2940 episcopus
1812 2872 1918 2923 macte

169 2949 334 3022 episcopos;
355 2956 387 3006 ut
409 2956 475 3024 poto
489 2969 565 3023 ⁸cnm
579 2955 616 3009 sit
630 2956 728 3011 civitas
743 2958 804 3012 hec
820 2959 937 3015 domina
958 2977 1018 3016 om·
1071 2957 1178 3027 syn0d0
1213 2956 1435 3011 Chalcedonensi
1468 2956 1629 3012 constitute
1662 2959 1750 3027 (epist.
1782 2957 1838 3026 lo),
1865 2973 1918 3028 pro

168 3037 261 3101 nium,
277 3043 306 3093 et
322 3038 364 3094 illi
374 3039 480 3095 civitati
497 3043 627 3115 quisquis
648 3044 794 3116 prefuerit
806 3047 966 3119 episcopus,
982 3064 1017 3104 ex
1036 3075 1056 3130 C
1071 3044 1289 3099 condemnanda
1312 3046 1452 3116 Ephesina
1468 3045 1577 3116 synodo
1592 3046 1725 3115 secunda,
1738 3045 1768 3100 in
1784 3062 1842 3117 qus
1855 3044 1918 3100 frie-

169 3126 347 3198 antiquitatis
361 3129 564 3186 constitutione
583 3133 718 3206 princeps
732 3136 863 3191 omnium
877 3136 1016 3192 habeatur
1071 3138 1115 3186 rat
1138 3132 1300 3203 patriarcha
1320 3133 1654 3204 Constantinopolitanae
1672 3134 1845 3188 venerabilis
1861 3133 1918 3188 Fla·

168 3214 369 3272 Ecclesiarum.

204 3305 261 3357 Hac
288 3304 377 3374 igitur
405 3306 572 3361 auctoritate
602 3309 656 3363 Leo
684 3311 856 3366 uenerabilis
879 3315 1017 3369 Romane
1067 3309 1116 3379 jus
1130 3310 1185 3363 ista
1208 3314 1275 3363 sunt
1301 3309 1585 3373 verbe,salutatioue
1609 3311 1766 3381 premissa.
1786 3332 1800 3360 a
1829 3309 1918 3382 Opta-

1071 3220 1171 3274 rianus
1191 3237 1250 3275 non
1259 3221 1382 3291 justitia,
1405 3222 1454 3275 sed
1474 3221 1609 3276 violentia
1628 3222 1845 3276 condemnatus.
1869 3223 1918 3278 Co·

168 3390 290 3444 civitatis
315 3398 466 3463 episcopus
489 3395 588 3461 fretus,
608 3398 720 3468 scripsit
735 3400 867 3454 Anatolio
883 3402 1016 3474 episcopo

168 3479 488 3550 Constantinopolitano
510 3483 611 3552 (Epist.
633 3485 688 3555 lo),
713 3502 799 3557 quam
814 3488 936 3544 formam
952 3507 1018 3544 con·

168 3563 227 3616 cilii
246 3570 344 3620 tenere
366 3566 519 3638 debuisset,
542 3569 705 3627 damnando
727 3575 897 3643 Nestorium,
919 3581 947 3633 et
963 3579 1016 3633 Eu·

168 3652 282 3721 tycbeu,
312 3654 351 3709 ita
381 3656 531 3713 scribens:
559 3680 570 3709 ι
600 3660 676 3715 Licet
695 3679 808 3734 sperem
835 3666 1016 3722 dilectionem

169 3744 248 3794 tuam
262 3742 298 3797 ad
313 3760 399 3799 omne
419 3763 491 3819 opus
505 3765 565 3802 esse
580 3749 723 3819 devotam,
747 3758 778 3807 ut
801 3760 899 3810 tamen
921 3757 1017 3811 effica-

168 3828 228 3882 cior
250 3837 300 3885 tua
317 3833 379 3887 lieri
395 3835 484 3904 possit
508 3836 661 3908 industria,
683 3843 874 3897 necessarium
890 3850 919 3898 et
944 3862 1018 3899 corn·

169 3919 287 3973 modum
312 3921 374 3988 fnit,
390 3922 493 3978 fratres
509 3941 587 3979 meos
602 3926 759 3983 licentium
779 3931 945 4001 episcopum
965 3934 1018 3989 Ba·

168 4006 264 4061 silium
302 4010 500 4080 presbyterum
542 4018 584 4078 (ut
621 4017 818 4089 promisimus)
862 4020 1016 4089 destinare,

169 4094 273 4165 quibus
294 4101 343 4150 tna
362 4098 477 4153 dilectio
497 4101 632 4170 societur,
649 4109 679 4158 ut
698 4105 771 4159 nihil
792 4106 821 4160 in
836 4107 882 4162 his
901 4126 965 4181 que
983 4112 1017 4167 ad

169 4182 336 4237 universalis
373 4184 505 4242 Ecclesie
540 4195 644 4244 statum
675 4193 828 4263 pertinent,
859 4201 908 4251 aut
930 4199 1017 4255 dubie

168 4275 272 4339 agatur
285 4277 335 4325 aut
352 4274 497 4343 segniter:
514 4293 579 4331 cum
602 4279 791 4337 residentibus
809 4284 898 4354 vobis,
914 4287 1017 4357 quibus

1071 3413 1167 3451 reram
1195 3397 1322 3470 quidem,
1359 3398 1546 3464 dilectissimi,
1576 3415 1627 3469 pro
1653 3404 1752 3454 nostra
1780 3400 1918 3455 charitate

1070 3485 1191 3556 collegii,
1214 3502 1314 3540 omnes
1339 3486 1452 3541 Domini
1468 3487 1627 3542 sacerdotes
1643 3486 1673 3541 in
1694 3504 1752 3541 una
1770 3487 1917 3543 catholice

1070 3574 1137 3629 fidei
1152 3575 1302 3629 devotione
1318 3574 1481 3644 persistere,
1503 3592 1555 3630 nec
1571 3591 1746 3647 quemquam
1765 3577 1860 3647 gratia
1871 3581 1919 3632 aut

1070 3663 1224 3717 formidine
1253 3663 1432 3717 secularium
1457 3665 1633 3719 sacerdotem
1654 3665 1817 3735 depravari,
1838 3670 1918 3720 aute

1071 3753 1117 3807 via
1142 3751 1269 3806 veritatis
1285 3752 1447 3807 abscedere.
1471 3753 1525 3807 Sed
1551 3753 1618 3824 quia
1640 3753 1731 3807 multa
1754 3769 1831 3825 sepe
1856 3770 1918 3826 que

1071 3839 1278 3911 penitudinem
1289 3840 1400 3910 possint
1410 3856 1558 3911 generare,
1571 3842 1753 3912 proveniunt,
1765 3849 1796 3896 et
1805 3848 1920 3914 superat

1071 3928 1169 3998 culpas
1192 3927 1423 3998 delinquentium
1447 3929 1644 3983 misericordia
1669 3930 1728 3994 Dei,
1752 3934 1839 4002 atque
1855 3930 1918 3985 ideo

1072 4016 1255 4087 suspenditur
1270 4016 1352 4079 ultio,
1381 4022 1413 4071 ut
1434 4016 1525 4088 possit
1540 4018 1633 4072 locum
1648 4017 1753 4072 habere
1770 4019 1917 4084 correctio,

1071 4105 1302 4175 amplectendum
1327 4110 1370 4159 est
1395 4106 1610 4160 clementissimi
1634 4106 1774 4177 principis
1800 4108 1917 4180 plenum

1071 4193 1210 4264 religione
1223 4194 1396 4260 consilium,
1421 4211 1479 4266 quo
1501 4202 1628 4249 sanctam
1652 4195 1862 4251 fraternitatem
1877 4213 1919 4250 ue·

1072 4289 1159 4337 stram
1175 4283 1209 4337 nd
1232 4283 1419 4338 destruendas
1434 4283 1552 4338 insidias
1567 4283 1686 4351 diaboli,
1711 4288 1740 4338 et
1760 4285 1918 4340 reforman-

169 4359 383 4414 exsecutionem
408 4368 513 4418 nostre
548 4366 742 4438 dispositionis
766 4371 954 4442 injunximus,
982 4391 1015 4430 ea
1034 4370 1137 4428 Ddam
1158 4371 1377 4426 ecclesiasticam
1396 4388 1495 4442 pacem
1516 4372 1619 4427 maluit
1636 4373 1801 4443 convenire,
1821 4372 1919 4429 beatis·

168 4445 280 4515 possint
301 4449 347 4519 agi
363 4456 464 4506 cuncta
486 4468 551 4507 cum
567 4456 777 4527 moderatioue;
805 4467 838 4516 ut
861 4479 914 4517 nec
927 4462 1015 4518 bene-

168 4535 301 4590 volentie
314 4543 421 4608 partes,
437 4557 489 4596 nec
501 4542 622 4612 justitie
638 4547 831 4619 negligantur,
848 4550 895 4604 sed
907 4552 1016 4623 absque

167 4637 356 4694 personarum
371 4630 535 4701 acceptione
546 4633 675 4688 divinum
686 4636 716 4690 in
731 4637 864 4692 omnibus
874 4638 1015 4709 judicium

168 4711 321 4782 cogitetur.
348 4734 362 4767 n
393 4718 424 4771 Et
449 4721 599 4775 nonnullis
626 4722 828 4794 interpositis:
860 4728 925 4781 «Et
949 4730 1016 4799 quia

168 4802 331 4874 evangelica
355 4811 384 4860 et
397 4809 554 4877 apostolica
576 4811 646 4866 fides
661 4829 761 4867 omnes
776 4823 921 4886 expugnat
935 4833 1017 4872 erro-

168 4903 223 4956 ras,
244 4895 272 4944 et
287 4891 322 4945 ab
338 4908 396 4947 uno
419 4893 508 4950 latere
532 4898 696 4954 Nestorium
712 4900 818 4970 dejicit,
840 4904 875 4957 ab
895 4904 950 4958 alio
965 4906 1017 4959 Eu·

167 4979 270 5048 tycbeu
287 4985 315 5034 et
338 4981 491 5054 participes
518 4988 580 5057 ejus
610 4988 698 5056 elidit,
714 4988 788 5044 hanc
809 4993 938 5060 regulam
956 5009 1015 5048 me·

168 5070 295 5122 mentote
317 5071 505 5127 servandam:
536 5078 568 5127 nt
590 5076 754 5148 quicunqne
769 5077 799 5132 in
823 5079 873 5134 illa
896 5082 1014 5150 synodo,

168 5168 232 5223 que
249 5171 355 5210 nomen
370 5159 471 5229 synodi
492 5175 544 5215 nec
558 5161 664 5216 babere
680 5165 796 5234 poterit,
811 5183 863 5222 nec
878 5179 1014 5237 ureretur,

168 5245 196 5294 et
210 5240 240 5295 in
255 5260 312 5314 qua
329 5245 559 5303 malevolentiam
571 5266 652 5305 suam
667 5252 827 5320 Dioscorus,
844 5256 1015 5313 industriam

167 5332 265 5385 autem
292 5332 439 5389 luvenalis
462 5338 596 5406 ostendit,
627 5340 814 5398 satisfactioni
837 5360 937 5400 eorum
960 5362 1015 5417 pax

167 5416 294 5474 fraterna
317 5430 492 5493 prestetur:
511 5466 562 5482 .....
589 5427 628 5482 ita
645 5435 678 5484 ut
705 5447 762 5486 non
787 5431 883 5488 dubiis
905 5435 1014 5505 profes·

167 5505 298 5563 sionibus
311 5510 454 5582 Eutychen
469 5531 535 5571 cum
549 5532 600 5572 suo
615 5518 759 5591 dogmate,
775 5525 804 5576 at
818 5536 884 5575 cum
898 5535 1015 5575 consor-

170 5595 248 5650 tibus
273 5596 341 5666 snis,
364 5600 555 5683 anathematis
569 5608 787 5663 vconsecratione
809 5607 1013 5664 condemnent.

1070 4458 1135 4514 simi
1149 4460 1272 4532 apostoli
1287 4460 1363 4515 Petri
1377 4460 1455 4514 sedis
1464 4461 1531 4531 jure
1546 4466 1574 4515 et
1588 4461 1697 4515 honore
1710 4468 1833 4529 servato,
1849 4463 1917 4517 adeo

1070 4554 1102 4603 ut
1117 4566 1169 4603 nos
1184 4565 1297 4620 quoque
1321 4549 1355 4603 ad
1379 4548 1434 4603 hoc
1458 4555 1490 4603 ut
1513 4550 1571 4604 suis
1594 4550 1695 4604 litteris
1719 4551 1866 4620 invitaret,
1891 4557 1919 4607 ut

1071 4635 1225 4690 venerabili
1243 4635 1352 4707 synodo
1368 4640 1496 4689 nostram
1516 4636 1689 4690 sententiam
1705 4637 1916 4708 preberemus:

1071 4724 1148 4794 quod
1164 4723 1280 4795 quidem
1297 4739 1349 4777 uec
1363 4724 1516 4777 necessitas
1531 4725 1679 4795 temporis,
1692 4741 1745 4779 nec
1764 4727 1824 4781 ulla
1839 4733 1917 4799 pote·

1071 4816 1115 4865 rat
1129 4812 1305 4866 consuetudo
1330 4813 1498 4884 permittere
1517 4830 1523 4867 :
1546 4819 1642 4868 tamen
1667 4814 1695 4868 in
1711 4814 1755 4868 his
1772 4815 1917 4880 fratribus,

1071 4902 1124 4955 hoc
1146 4906 1198 4966 est,
1225 4900 1360 4955 Pacasino
1384 4906 1412 4955 et
1437 4903 1571 4957 ercentio
1601 4902 1751 4973 episcopis,
1777 4903 1918 4959 Bonifacio

1071 4993 1098 5042 et
1116 4989 1220 5044 Dasilio
1240 4988 1424 5060 presbyteris,
1445 4991 1495 5061 qul
1511 4991 1546 5045 ab
1562 4991 1716 5060 apostolica
1730 4992 1799 5048 sede
1822 4992 1919 5047 directi

1070 5082 1144 5143 sunt,
1160 5092 1207 5132 me
1219 5077 1328 5148 synodo
1344 5083 1437 5132 vestra
1447 5078 1612 5133 fraternitas
1622 5079 1744 5134 estimet
1753 5081 1917 5151 presidere,

1070 5181 1123 5219 nec
1141 5164 1300 5236 sejunctam
1319 5183 1336 5220 a
1355 5166 1434 5221 vobis
1449 5168 1631 5236 presentiam
1650 5185 1754 5234 meam,
1778 5169 1829 5241 qui
1846 5185 1919 5225 nunc

1069 5253 1100 5308 in
1115 5254 1227 5308 vicariis
1242 5255 1313 5309 meis
1332 5254 1444 5321 adsum,
1458 5256 1545 5309 etiam
1561 5256 1670 5311 dudum
1689 5257 1719 5310 in
1735 5256 1806 5312 fidei
1822 5257 1918 5312 catho-

1070 5343 1131 5397 lice
1149 5343 1352 5414 predicatione
1367 5360 1425 5398 non
1437 5344 1548 5398 desum.
1564 5364 1578 5397 u
1600 5346 1632 5399 Et
1644 5350 1711 5416 post
1724 5345 1802 5401 alia:
1818 5368 1834 5397 a
1849 5347 1920 5413 Quia

1068 5446 1136 5485 vero
1154 5447 1212 5485 uon
1235 5429 1413 5501 ignoramus,
1436 5448 1487 5503 per
1502 5449 1602 5504 pravas
1623 5433 1825 5514 emulationes
1843 5435 1919 5491 mul·

1068 5525 1163 5574 mum
1191 5519 1377 5574 Ecclesiarum
1406 5525 1512 5576 statum
1541 5521 1626 5575 fuisse
1649 5522 1810 5590 turbatum,
1833 5522 1920 5596 pluri·

1069 5624 1188 5682 mosque
1212 5607 1321 5670 fratres,
1345 5609 1413 5680 quia
1438 5609 1572 5664 heresim
1596 5626 1653 5664 non
1675 5617 1859 5682 receperunt,
1881 5628 1921 5668 se·
