3930 6098
167 331 216 388 lb'l
740 321 918 378 utruttutt
933 319 1165 378 cuuuffleusts
1184 318 1338 375 eontulit

169 471 198 520 at
228 460 345 533 sanguis
377 457 491 514 Domini
523 458 676 527 propterea
702 455 833 523 eupaterio
865 452 1044 519 dicuntur,t
1101 453 1155 507 Lll.
1191 451 1259 507 Vide
1293 451 1450 506 seeundum
1491 451 1568 522 quod
1598 451 1697 505 ductor
1723 451 1776 505 ista

169 552 245 624 quod
260 554 398 604 secretam
418 551 446 601 et
461 543 638 601 reconditam
652 542 777 598 habeant
790 541 1010 612 dispositionem
1067 541 1169 596 Christi
1190 540 1265 595 dicat
1280 556 1341 594 esse
1362 556 1454 593 escam
1472 556 1557 610 quam
1589 539 1687 594 tidelas
1714 539 1798 611 accipi

168 641 265 703 idest,
290 636 370 692 aliud
393 635 450 690 sint
478 633 554 705 qnod
579 632 703 686 extarios
728 631 861 693 innuant,
877 634 906 686 et
934 630 1011 684 aliud
1068 630 1198 684 Ecclesia.
1215 630 1402 699 Aitnamqua
1419 644 1425 682 :
1445 628 1798 700 «lstepanisvivusquir

168 728 243 800 qaod
255 725 376 781 interius
389 720 571 776 invisibiliter
586 719 763 790 operentur?
1067 718 1221 786 descendit,
1237 718 1303 772 vitm
1319 725 1432 773 aeternaa
1456 716 1642 771 substantiam
1673 717 1797 772 submini

203 815 317 871 xtvttl.
335 813 405 868 llinc
423 809 510 864 etiam
525 814 553 862 et
567 813 737 862 saarammta
755 806 928 873 vocitantur,
945 807 1013 878 quia
1069 808 1141 862 Num
1155 806 1311 860 secundum
1327 806 1380 858 hoc
1395 805 1471 876 quod
1488 804 1610 871 videtur,
1626 805 1703 876 quod
1726 821 1798 875 corp

168 906 334 974 tegumento
346 897 539 970 corporalium
554 912 650 951 rerum
665 895 756 949 rictus
769 894 867 950 divina
878 895 1013 950 sacratius
1068 897 1202 963 sumitur,
1218 894 1296 966 quod
1312 896 1395 948 dente
1413 894 1563 961 premitur,
1582 894 1658 963 qoud
1683 894 1763 948 iatrca
1782 892 1798 966 g'

169 993 290 1047 salutem
302 987 501 1058 accipientium
517 983 800 1054 fideliterdispeosat.
1068 985 1145 1057 quod
1173 983 1351 1055 receptaculo
1379 983 1485 1037 velitris
1511 983 1675 1055 suscipitur,
1708 988 1795 1038 uatem

204 1079 293 1136 xux.
312 1075 407 1130 Exhis
435 1073 568 1128 omnibus
592 1088 654 1143 quaa
681 1075 749 1126 sunt
779 1072 917 1126 hactenus
940 1070 1015 1125 dicta
1069 1072 1258 1127 substantiam
1283 1070 1568 1126 subministrattlsto
1592 1088 1717 1143 namque
1747 1088 1798 1126 mot

169 1169 360 1222 monstratum
377 1168 419 1218 est
434 1163 509 1234 quod
530 1177 635 1230 corpus
649 1160 803 1230 etsanguis
817 1159 931 1225 Christi,
950 1176 1014 1230 quaa
1069 1179 1136 1217 nem
1165 1161 1255 1233 pascit
1275 1161 1453 1226 morituram,
1482 1176 1534 1215 occ
1562 1161 1689 1232 aliquam
1716 1161 1798 1216 subm

169 1254 298 1310 fidelium
315 1269 364 1307 cra
380 1252 410 1306 io
434 1249 559 1324 Ecclesia
582 1248 792 1319 percipiuntur,
819 1249 920 1319 liguria
948 1253 1015 1302 sunt
1070 1250 1330 1321 incorruptionem
1348 1265 1440 1321 neque
1454 1248 1509 1303 dici
1531 1265 1597 1303 vera
1612 1254 1703 1319 potest
1718 1256 1748 1304 ut
1763 1266 1799 1319 qu

170 1342 327 1398 secundum
342 1340 467 1413 speciem
483 1337 639 1404 visibilem;
657 1342 685 1390 at
709 1352 777 1391 vero
797 1337 952 1391 secundum
969 1337 1014 1389 in·
1070 1340 1139 1394 burae
1161 1339 1376 1404 manducaverit,
1391 1354 1444 1391 non
1471 1340 1601 1392 morietur
1620 1341 1649 1392 in
1670 1343 1798 1392 aternum

169 1430 311 1484 visibilem
332 1427 531 1494 substantiam,
549 1425 635 1480 idest
651 1424 741 1479 divini
756 1425 915 1495 potentiam
933 1424 1016 1478 Verbi
1070 1445 1108 1496 vi,
1124 1428 1178 1496 tr).
1194 1428 1227 1482 Et
1246 1427 1300 1481 hoc
1314 1426 1391 1480 enim
1407 1424 1484 1497 quod
1494 1425 1582 1480 sumit
1598 1443 1711 1496 carpus,
1731 1442 1798 1481 curri

169 1535 236 1573 vere
256 1534 360 1588 corpus
388 1522 417 1571 et
448 1515 568 1584 sanguis
598 1512 703 1568 Christi
721 1512 854 1567 existunt.
881 1513 1016 1567 Uudese·
1071 1521 1136 1582 est3
1155 1532 1205 1570 oec
1221 1515 1274 1588 ipsi
1287 1514 1401 1584 corpori
1417 1519 1509 1586 potest
1525 1520 1659 1585 praestare
1678 1531 1712 1569 ne
1728 1516 1799 1569 mori

171 1606 295 1662 cundum
313 1604 454 1659 visibilem
470 1607 641 1666 creaturam,
657 1616 761 1670 corpus
780 1605 900 1672 pascunt
915 1616 922 1666 ;
935 1601 1017 1671 juxta
1072 1612 1212 1660 nivernum
1229 1621 1235 1659 :
1252 1604 1388 1676 quoniam
1404 1603 1478 1675 quod
1492 1603 1669 1672 corruptioni
1685 1603 1798 1674 subjace

172 1689 758 1765 veropotentior-isvirtutemsubstantiae,
783 1688 911 1743 iidetium
936 1705 1016 1742 uvcn·
1071 1695 1190 1749 nitatem
1206 1697 1341 1764 prostare
1364 1708 1424 1747 non
1447 1693 1528 1747 valet.
1556 1693 1602 1747 Est
1624 1708 1693 1763 ergo
1717 1692 1747 1746 in
1773 1693 1798 1747 il]

172 1788 215 1837 tas
232 1786 258 1836 et
273 1785 393 1853 pascunt
417 1785 446 1836 ct
471 1777 657 1833 sanctificant.
684 1777 768 1848 (Vide
794 1794 896 1834 numm.
912 1779 957 1847 44,
972 1753 1052 1845 9l,B
1074 1782 1141 1851 vita,
1157 1798 1221 1854 quae
1247 1798 1304 1835 non
1331 1781 1419 1835 oculis
1448 1785 1567 1851 apparet
1593 1781 1748 1852 corporeis,
1773 1797 1798 1836 se

172 1870 265 1933 attint
1074 1873 1354 1940 contueturaspectu
1371 1885 1378 1923 ε
1398 1868 1449 1939 qui
1476 1868 1560 1923 etiam
1587 1869 1669 1941 panis
1699 1871 1777 1924 rivus

208 1959 238 2014 L.
254 1959 316 2013 lam
332 1973 410 2012 niroc
425 1956 558 2010 secundae
580 1952 749 2026 questionis
775 1953 956 2025 propositum
979 1961 1021 2011 est
1075 1958 1184 2013 scandit
1198 1958 1233 2012 de
1263 1957 1333 2011 coelo
1360 1957 1463 2019 existit,
1493 1961 1521 2010 et
1551 1957 1586 2011 de
1614 1972 1671 2028 quo
1699 1972 1763 2012 vere
1790 1975 1798 2012 c

172 2047 394 2116 inspiciendum,
423 2051 452 2098 et
475 2043 631 2098 videndum
665 2048 764 2097 utrum
790 2043 884 2114 ipsum
919 2060 1022 2116 corpus
1076 2048 1234 2116 Quicunque
1248 2046 1318 2100 bunc
1341 2045 1557 2110 manducaverit,
1574 2061 1626 2099 aaa
1652 2047 1798 2100 moriatur:

174 2135 250 2207 qood
267 2134 302 2189 da
318 2133 404 2189 blariu
419 2140 517 2188 natum
533 2136 585 2198 est,
607 2135 634 2185 at
657 2147 785 2200 passum,
811 2136 841 2185 et
862 2137 1019 2202 mortuum,
1075 2150 1153 2200 num;
1171 2138 1199 2189 et
1214 2133 1263 2204 qui
1279 2138 1321 2188 est
1336 2149 1438 2205 corpus
1454 2133 1567 2188 Christi.
1592 2154 1606 2182 a

174 2227 202 2277 at
215 2222 369 2292 sepultum,
386 2221 520 2292 quodque
539 2219 574 2273 ad
588 2218 732 2273 dexteram
754 2219 845 2273 Patris
865 2220 1021 2288 consideat,
1113 2223 1271 2277 L111.1tem
1290 2221 1320 2275 in
1345 2220 1584 2294 consequentibus
1608 2221 1698 2292 (ibid,
1711 2223 1798 2292 capt

174 2310 211 2364 sit
224 2310 302 2381 quod
315 2325 364 2364 ore
378 2308 508 2364 fidetium
524 2324 576 2378 per
590 2312 836 2362 sacramentorum
853 2310 1021 2380 mysterium
1077 2311 1111 2367 de
1124 2309 1321 2380 omnipotente
1336 2309 1441 2364 virtute
1456 2308 1559 2364 Christi
1585 2309 1760 2380 loqueretur,
1791 2324 1798 2362 s

175 2400 205 2455 in
221 2400 343 2455 Ecclesia
362 2399 490 2470 quotidie
505 2397 639 2452 sumitur.
1080 2400 1206 2455 «Sermo
1221 2413 1289 2469 crgo
1312 2396 1426 2464 Christi,
1458 2397 1507 2468 qui
1533 2396 1629 2469 potnit
1646 2412 1680 2452 ex
1708 2396 1798 2451 nihilo

212 2489 255 2543 Ll.
272 2489 478 2543 Percootemur
493 2485 561 2558 quid
587 2501 619 2540 ex
635 2485 690 2539 hoc
713 2489 827 2540 sanctus
854 2487 1023 2544 Ambrosius
1077 2488 1155 2559 quod
1175 2502 1234 2541 noo
1248 2491 1318 2552 erat,
1335 2502 1391 2540 oon
1405 2488 1501 2557 potest
1513 2502 1547 2540 aa
1562 2502 1626 2557 quaa
1641 2490 1708 2540 srint
1721 2485 1752 2540 in
1766 2484 1797 2540 id

177 2577 281 2632 sentiat
297 2593 304 2631 :
322 2577 361 2630 ait
376 2591 501 2646 namque
516 2574 545 2628 in
556 2575 648 2645 primo
676 2573 925 2631 sacramentorum
951 2578 1023 2633 libro
1078 2576 1155 2647 quod
1169 2591 1228 2630 oon
1243 2573 1343 2628 erant‘i
1359 2576 1372 2618 b
1386 2575 1485 2629 Nonne
1509 2574 1601 2644 majus
1617 2578 1660 2628 est
1676 2590 1763 2628 novas
1788 2590 1798 2628 ι

176 2665 238 2732 (lib.
255 2666 403 2734 Deiispui
419 2665 807 2734 mysteriisinitiantur,cap.
824 2666 1024 2733 8):ullevera
1078 2680 1165 2737 quam
1181 2667 1291 2719 mutare
1316 2663 1451 2717 naturast
1469 2661 1557 2734 stat,
1580 2678 1638 2717 non
1663 2662 1740 2716 enim
1766 2678 1798 2717 m

177 2753 310 2808 mirabile
327 2752 459 2823 estquod
484 2766 591 2805 manna
611 2751 686 2806 Deus
709 2752 822 2822 plueret
840 2754 980 2824 patribus,
996 2762 1024 2811 et
1078 2768 1166 2808 novas
1181 2751 1266 2806 rebus
1288 2748 1380 2822 dare]

178 2840 423 2913 quotidianocoeli
442 2839 631 2912 pascebantur
650 2840 802 2907 aliment03
823 2842 898 2897 unde
916 2843 1024 2899 dictum
1115 2841 1179 2896 llll.
1212 2839 1284 2895 uicit
1310 2845 1424 2894 sanctus
1450 2838 1623 2907 thmbmsius
1650 2838 1680 2893 in
1712 2839 1798 2894 illor

179 2934 244 2984 est:
276 2931 374 2985 Panem
415 2930 573 2998 angelorum
618 2928 794 2984 manducarit
827 2931 904 2986 bomo
940 2933 1023 3003 (Psat.
1079 2929 1227 3000 sanguinis
1256 2933 1284 2983 et
1309 2928 1437 2998 corporis
1464 2927 1568 2982 Christi
1592 2929 1799 2983 commutatico

178 3019 353 3087 currabii).
373 3017 427 3072 Sed
456 3023 553 3072 tamen
580 3033 685 3088 panem
715 3017 797 3071 illum
823 3019 873 3090 qni
900 3020 1194 3102 mando-Cinctam,
1211 3022 1239 3073 et
1254 3017 1431 3083 mirabiliter,
1448 3017 1516 3088 quia
1541 3015 1648 3083 divine,
1674 3023 1702 3071 et
1730 3018 1798 3074 inetl

179 3108 325 3172 cavarunt,
342 3121 443 3161 omnes
457 3105 485 3159 in
500 3106 611 3159 deserto
627 3105 734 3159 mortui
749 3111 826 3163 suot.
848 3108 904 3162 leta
927 3113 1023 3164 autem
1079 3108 1148 3179 quia
1161 3106 1462 3177 incomprehensibile.
1482 3107 1581 3161 Dicant
1595 3104 1645 3177 qui
1671 3104 1742 3160 nihil
1755 3105 1798 3160 bic

179 3209 242 3249 esca
258 3210 344 3264 quam
362 3193 477 3264 accipis,
494 3193 546 3247 iste
567 3193 649 3264 punis
667 3194 744 3248 vicos
755 3196 805 3266 qui
831 3196 977 3252 descendit
991 3198 1025 3253 dc
1080 3195 1236 3251 secondum
1253 3194 1373 3249 interius
1393 3195 1526 3248 latentem
1546 3193 1682 3249 virtutem
1710 3193 1798 3265 accipi

180 3283 260 3348 caela,
293 3282 358 3336 vitas
386 3288 502 3337 aetarnae
529 3280 717 3336 substantiam
747 3283 962 3353 subministrat;
998 3290 1026 3340 et
1080 3283 1397 3356 totumquodapparet
1415 3283 1566 3337 visibiliter
1589 3282 1742 3351 aestimare,
1767 3298 1798 3338 se

181 3370 346 3441 quicunque
375 3370 452 3423 liunc
477 3369 691 3423 manducaverit
725 3385 780 3423 non
826 3372 966 3427 morietur
996 3375 1025 3428 io
1080 3373 1148 3445 quid
1174 3372 1218 3426 bis
1245 3372 1282 3426 sit
1311 3371 1498 3425 commutatio
1527 3371 1639 3426 iacta.⁶
1671 3373 1742 3426 Nam
1766 3386 1797 3426 se

181 3461 335 3522 aternum3
350 3464 363 3490 ⁸
373 3461 401 3510 et
419 3472 521 3527 corpus
536 3456 640 3511 Christi
655 3463 706 3512 est.
728 3478 742 3506 ι»
1080 3466 1277 3516 creaturarum
1293 3459 1491 3528 substantiam,
1507 3459 1585 3531 quod
1604 3459 1722 3515 luerunt
1743 3463 1798 3515 aab

216 3661 228 3686 ²
244 3652 279 3706 Et
293 3664 390 3719 corpus
402 3650 506 3707 Christi
518 3651 568 3705 est.
586 3653 617 3706 at
627 3654 676 3721 qut
691 3657 731 3706 est
750 3668 846 3722 corpses
869 3655 982 3719 Christi,
998 3654 1026 3709 id
1081 3668 1147 3708 nem
1160 3653 1189 3707 in
1204 3652 1323 3707 alteram
1348 3650 1504 3718 incurrere,
1519 3667 1552 3704 ac
1578 3650 1685 3722 species
1712 3651 1797 3723 panis

183 3725 225 3775 est
239 3723 305 3790 quio
318 3726 358 3775 est
370 3735 467 3790 corpus
480 3722 597 3789 Clirtsti,
612 3738 645 3776 ex
670 3727 766 3778 sancto
790 3724 951 3780 Ambrosio.
979 3727 1026 3781 lli-
1081 3729 1108 3778 et
1128 3724 1223 3795 ipsum
1238 3739 1341 3793 corpus
1358 3722 1460 3777 Christi
1473 3739 1530 3776 non
1543 3722 1647 3777 habere
1669 3723 1739 3776 duas
1763 3738 1798 3778 ex

184 3792 376 3861 rarsaapartis
401 3791 544 3861 interpres
563 3808 639 3846 anno
667 3796 735 3849 teau
768 3794 835 3849 huic
858 3797 984 3850 versioni
999 3802 1028 3852 et
1082 3795 1222 3853 divorsas:
1255 3793 1439 3865 incogitabile
1462 3798 1504 3847 est
1541 3792 1571 3846 in
1600 3810 1633 3847 ea
1663 3791 1750 3848 fuisse
1783 3809 1798 3848 s

184 3861 366 3934 explicationi
381 3878 440 3916 non
455 3862 564 3930 abnuit,
580 3869 694 3918 uamest
708 3880 804 3934 carpus
831 3868 893 3921 iesu
914 3870 1026 3925 Christi.
1081 3881 1183 3936 corpus
1212 3865 1319 3918 scilicet
1345 3868 1374 3917 at
1399 3863 1587 3917 substantiam
1617 3864 1698 3933 panis
1721 3879 1798 3919 mant

218 3935 338 3988 thanne
356 3934 588 4001 majusestnauas
606 3949 649 3988 rcs
666 3935 732 3989 dare
754 3951 835 4004 quam
858 3944 963 3993 mutare
977 3955 1026 3992 no·
1081 3935 1324 3990 consecrationem
1341 3933 1474 3988 eomodo
1495 3935 1798 4003 quoerantonte.tli

184 4003 622 4059 turas.Eccumetlalumsancti
639 4006 792 4072 Ambrosii,
813 4024 871 4078 quo
895 4024 1028 4078 expresse
1082 4022 1115 4061 ax
1148 4022 1213 4059 voce
1244 4005 1404 4060 substantia
1429 4004 1600 4059 intellexisse
1629 4021 1744 4060 necesse
1774 4021 1798 4060 es

184 4081 213 4128 et
226 4074 369 4145 conceptis
385 4073 478 4127 verbis
492 4074 595 4128 format
614 4077 804 4132 mutationem
815 4084 983 4134 naturarum
998 4079 1027 4134 in
1082 4077 1159 4157 quod
1183 4076 1269 4146 vulgo
1287 4076 1317 4129 in
1342 4076 1437 4129 schola
1462 4075 1619 4130 Aristotelis
1635 4075 1798 4146 philosophi

185 4143 375 4198 Eucharistiae.
408 4144 671 4215 verumenimvero,
714 4163 772 4202 oon
809 4155 931 4220 possunt
967 4166 1027 4204 esse
1082 4147 1190 4218 ligitur.
1206 4146 1394 4217 Scilicetpost
1415 4147 1658 4201 consecrationem
1673 4162 1798 4216 panemo

185 4214 326 4294 eiusmodi
342 4214 455 4283 generis
469 4220 580 4270 naturas
604 4216 659 4270 nisi
682 4218 766 4289 panis
780 4223 809 4273 et
835 4219 895 4274 riui
938 4222 1027 4274 uaein
1082 4217 1592 4342 asseresquepersesubsisterent
1617 4218 1696 4272 nulla
1724 4218 1798 4272 admi

185 4285 289 4339 Christi
303 4300 418 4338 carnem
433 4288 461 4339 et
475 4286 645 4357 sanguinem
661 4289 880 4357 transferuntur,
904 4237 1027 4361 ideoque
1081 4288 1198 4343 tatione.
1239 4304 1270 4341 ac
1285 4287 1388 4357 agendi
1402 4288 1512 4342 ratione
1535 4288 1646 4342 decrevi
1667 4288 1798 4343 substanti

185 4354 356 4409 inversione
372 4355 477 4409 Gallica
491 4356 620 4411 additum
636 4363 687 4425 est,
701 4359 732 4413 id
752 4368 792 4415 est
809 4365 968 4415 substantiae
982 4377 1026 4415 ra·
1041 4343 1063 4397 ⁰
1082 4375 1135 4429 per
1149 4357 1337 4412 substantiam
1351 4374 1382 4412 ex
1406 4358 1501 4424 licere,
1516 4358 1564 4412 sed
1579 4358 1623 4413 his
1643 4360 1736 4413 verbis
1759 4365 1791 4414 ut

185 4440 256 4505 rum,
269 4440 340 4505 quas
353 4425 515 4495 significare
528 4428 619 4482 votuit
634 4431 923 4485 sanctusambrosios
937 4432 1029 4501 capite
1082 4432 1220 4497 referunt,
1242 4445 1307 4499 quse
1322 4375 1487 4484 nibifaliud
1510 4429 1667 4500 indigitant
1692 4447 1741 4483 seu
1765 4430 1798 4501 sip

186 4495 280 4550 tilrbn
296 4498 331 4550 lle
345 4497 381 4550 iis
404 4499 453 4567 qui
475 4501 613 4566 mysteriis
629 4501 792 4556 initiantur:
817 4503 911 4557 Nonne
929 4502 1030 4557 uotebit
1083 4516 1226 4571 expresse,
1243 4499 1298 4554 nisi
1313 4500 1464 4570 qualitates
1480 4499 1608 4554 sensibus
1623 4500 1772 4563 obnoxias.
1795 4521 1798 4553 ι

186 4566 292 4623 Christi
305 4580 400 4633 sermo,
413 4573 443 4623 ut
465 4572 568 4638 species
594 4575 679 4625 mutet
699 4572 1030 4642 elementorumtlouam·
1079 4571 1169 4641 jactas
1192 4576 1277 4625 autea
1292 4571 1376 4640 panis
1399 4576 1427 4625 et
1446 4570 1506 4625 vini
1526 4571 1640 4626 easdem
1661 4577 1723 4642 post
1741 4585 1798 4626 con

185 4637 285 4691 obrem
317 4637 461 4702 liehanos,
491 4639 723 4722 archiepiscopus
748 4642 942 4712 Moguntinus,
977 4644 1031 4699 lla·
1083 4658 1149 4697 nem
1177 4657 1333 4697 remanere.
1359 4641 1577 4696 Calvinistarum
1602 4641 1727 4696 ministri
1753 4658 1798 4713 pra

185 4710 443 4778 tramnoaequatis,
468 4709 513 4764 his
528 4710 620 4765 verbis
648 4711 721 4767 nihil
750 4711 911 4782 significare
935 4716 1031 4783 potuit
1083 4713 1149 4767 simi
1172 4714 1299 4768 latentur
1326 4712 1457 4776 libenter,
1486 4714 1582 4766 Patres
1610 4711 1745 4782 antiquas
1776 4728 1798 4767 u:

185 4780 477 4849 proetersententiom
496 4797 561 4906 quoa
581 4782 717 4852 exprimit
737 4783 873 4851 castigate
903 4790 932 4838 at
955 4790 1029 4840 terse
1082 4783 1347 4839 verbosubstantiaa
1370 4783 1404 4837 ad
1427 4781 1628 4863 significandas
1654 4798 1751 4837 rerum
1774 4798 1798 4855 qi

184 4850 337 4904 caetitatem
352 4855 377 4905 ct
390 4855 498 4905 transsu
518 4855 727 4916 stantiattonem,
761 4868 804 4906 uaa
820 4853 971 4911 incurrunt
996 4856 1029 4911 ti·
1083 4871 1134 4909 seu
1147 4855 1222 4926 quod
1239 4854 1325 4908 alicui
1339 4854 1382 4907 rei
1392 4869 1514 4908 maxime
1526 4853 1677 4925 proprium
1688 4860 1742 4922 est,
1758 4869 1798 4908 na

186 4920 300 4987 brorn,
330 4921 422 4991 capite
453 4924 494 4988 t0,
524 4923 559 4976 da
590 4923 676 4976 sacris
703 4868 855 4978 Ordinibus
884 4941 972 4997 quem
991 4927 1030 4981 io·
1083 4940 1150 4979 raro
1176 4924 1366 4980 substantiam
1394 4925 1541 4994 propriam
1570 4941 1664 4978 reram
1699 4927 1727 4979 et
1754 4929 1798 4978 nal

186 4990 300 5060 scripsit
314 4991 508 5046 Theotmaro:
529 4994 595 5063 Quis
606 5008 728 5062 unquam
748 4994 866 5050 crederet
887 4996 959 5066 quod
980 5013 1030 5066 pa·
1083 4997 1146 5051 llec
1160 4996 1319 5066 intelligere
1329 4994 1410 5049 facile
1425 5001 1515 5049 estex
1530 4995 1714 5066 responsione
1738 4995 1774 5050 ad
1788 4998 1798 5066 tt

185 5063 229 5114 nis
243 5064 272 5115 in
284 5077 389 5116 comem
402 5066 491 5131 potuit
504 5065 632 5131 conamtt,
647 5065 690 5118 vet
702 5066 795 5119 uinum
811 5068 841 5118 ia
858 5070 1028 5135 sanquinem,
1083 5067 1253 5121 sacramenti
1268 5065 1375 5132 altaris,
1393 5065 1507 5119 Parisiis
1522 5067 1598 5138 typis
1612 5067 1726 5136 vulgata
1750 5083 1797 5120 ant

184 5133 241 5186 nisi
254 5134 314 5201 ipse
329 5135 456 5189 Satuatar
470 5133 579 5196 diceret,
591 5136 639 5200 qui
650 5150 749 5204 panem
764 5140 791 5191 et
810 5138 903 5192 uinum
928 5141 1030 5192 creauit
1083 5153 1148 5207 pag.
1161 5137 1213 5191 264
1236 5140 1265 5190 et
1282 5137 1352 5201 432;
1376 5137 1456 5206 cajus
1481 5140 1714 5191 concionatorem
1737 5136 1798 5191 tuis

185 5205 312 5257 etamnia
334 5218 368 5257 ear
381 5203 469 5257 vrihito
483 5202 569 5268 fecit?
587 5203 709 5260 Facilius
724 5210 764 5261 est
788 5208 897 5275 aliquid
917 5225 951 5264 en
974 5210 1029 5264 olto
1082 5207 1200 5276 ligimus
1216 5223 1247 5261 ex
1272 5206 1459 5276 Ephameride
1484 5207 1633 5261 doctorum
1660 5206 1690 5260 in
1714 5207 1798 5262 Batav

185 5274 286 5341 facua,
300 5289 383 5342 quam
396 5287 430 5326 aa
444 5273 533 5327 nihilo
546 5288 646 5329 meare.
1081 5278 1191 5332 thoeum
1200 5284 1414 5347 Carroquauum
1429 5277 1640 5344 Quavillanum,
1652 5277 1798 5333 ministrat

221 5352 231 5378 ⁰
258 5346 329 5399 Nam
358 5342 503 5398 secundom
533 5349 721 5401 creaturarum
749 5348 942 5415 substantiam,
969 5355 1024 5404 etc.
1082 5347 1371 5403 stionisCalvioiame
1398 5347 1429 5402 in
1457 5364 1526 5418 agro
1553 5348 1789 5418 ltothomageasi.

186 5413 257 5468 Cum
273 5413 409 5468 anteriori
425 5429 545 5469 numero
570 5421 670 5471 auctor
683 5417 842 5474 instituerit
861 5420 1029 5475 auctoritate
1082 5419 1205 5490 legimus
1219 5435 1281 5488 cap.
1298 5419 1333 5473 td
1348 5417 1414 5472 libri
1430 5434 1461 5472 ιιι
1476 5419 1511 5473 de
1529 5418 1589 5472 Vita
1606 5419 1795 5484 Constantini,

185 5485 275 5538 sancti
288 5483 431 5538 Ambrosii
446 5484 508 5540 lieri
522 5485 552 5540 in
568 5487 743 5543 Eucharistia
767 5495 935 5545 naturarum
950 5507 1028 5545 com·
1083 5489 1202 5544 Eusebio
1218 5488 1384 5543 Caesariensi
1398 5488 1542 5560 episcopo,
1556 5489 1684 5544 animam
1697 5495 1798 5545 sanctae

186 5554 386 5620 mutationem,
402 5572 461 5610 ooo
480 5562 523 5611 est
537 5558 671 5612 credibile
691 5561 868 5615 contrarium
896 5561 927 5616 in
943 5562 1029 5615 hocce
1081 5565 1303 5614 transmutatam
1319 5560 1415 5626 fuisse,
1435 5565 1588 5630 postquam
1602 5559 1717 5626 devixit,
1739 5560 1770 5616 io
1792 5578 1798 5614 s

184 5640 306 5681 numero
321 5626 355 5681 st
374 5626 496 5682 valuisse
513 5627 617 5683 dicare.
635 5630 747 5685 Etcum
760 5630 890 5686 numeris
902 5632 1028 5686 anterio·
1081 5631 1149 5685 tium
1172 5631 1330 5702 angelicam
1346 5647 1353 5684 ε
1369 5631 1590 5701 Ἀνιστοιχειοῡτο
1604 5637 1666 5702 γοῦν
1680 5630 1746 5704 αὐτῇ
1771 5631 1798 5702 ψ’,

185 5695 263 5750 ribus
277 5697 407 5753 docuerit
421 5698 450 5752 iu
469 5698 644 5755 Eucharistia
659 5701 699 5757 rei
724 5701 811 5756 unius
830 5703 1028 5758 commutatio-
1081 5701 1125 5754 τὸν
1149 5704 1288 5776 ἄφθαρτον,
1312 5703 1356 5752 και
1377 5699 1514 5772 &psaltem
1536 5701 1636 5754 odaiae.
1661 5705 1768 5756 Anima
1789 5705 1798 5757 ι’
