3930 6098
161 260 214 314 295
739 253 919 310 autunum
937 252 1168 310 consulensis
1188 251 1345 309 thNACllt

162 389 383 446 clesiasticorum
412 389 583 458 Dogmstum
611 387 646 441 de
672 386 793 457 Spiritus
823 387 912 441 sancti
942 402 1008 457 pro·
1029 386 1136 457 Aquis
1164 402 1240 441 nnus
1261 387 1430 441 naturaliter
1454 387 1577 458 Spiritus
1605 391 1649 444 est
1673 390 1767 445 Patris
1789 395 1818 446 et
1838 392 1913 447 Filii.

163 478 291 532 cessione
322 478 362 531 sic
392 476 534 547 loquitur:
564 495 577 526 α
617 475 766 530 Credimus
804 491 893 528 unum
921 477 1010 530 heum
1065 475 1190 529 Proinde
1216 479 1294 529 totus
1308 474 1343 529 de
1364 473 1447 528 Patre
1464 475 1643 545 proceditct
1674 477 1756 542 Filio,
1779 482 1856 533 totus
1883 480 1914 534 iu

163 583 224 621 esse
249 568 361 620 Patrem
383 571 411 619 et
439 565 540 618 Filium
566 569 594 617 et
622 563 759 634 Spiritum
789 571 929 617 sanctum.
959 566 1009 618 Pa·
1065 563 1258 617 Patremauet
1284 579 1316 616 ao
1335 563 1421 630 Filio;
1447 564 1570 634 quiasic
1590 571 1687 618 manet
1710 571 1741 620 ut
1767 568 1914 637 procedat,

163 661 236 710 trem
251 671 284 709 eo
306 655 382 727 quod
405 655 507 708 habeut
532 653 653 719 Filiunr;
677 654 777 707 Filium
801 670 834 705 eo
858 654 934 724 quod
956 652 1010 705 ha·
1064 651 1103 704 sic
1118 652 1245 722 procedit
1261 656 1290 704 ut
1306 655 1429 705 maneat.
1453 652 1532 706 Unde
1548 654 1803 708 nstrrraliterheuc
1825 656 1915 711 habet

162 744 229 798 beat
260 745 395 809 Patrem;
419 743 557 813 Spiritum
586 747 726 808 sanctum,
748 758 781 794 eo
805 742 882 812 quod
912 741 949 794 sit
975 757 1008 794 er
1063 757 1127 794 curn
1142 742 1227 795 Patre
1243 757 1274 794 ac
1291 740 1361 794 Filio
1386 740 1504 794 unitatis
1527 741 1749 811 plenitudinem,
1774 751 1801 797 et
1818 745 1915 815 pleni·

162 834 245 886 Patre
274 838 302 887 et
332 832 412 887 Filio.
441 833 525 885 Pater
544 846 613 901 ergo
635 831 809 901 principium
841 829 1007 886 divinitate,
1064 828 1174 885 tudinis
1189 829 1341 890 unitatem,
1367 834 1399 883 ut
1423 834 1501 882 totns
1525 846 1541 883 a
1564 831 1751 897 Patre,totus
1771 831 1914 887 habeatnr

163 921 320 993 principale
340 935 473 974 nomeu:
502 919 570 991 quia
593 919 666 973 sicut
691 935 840 988 nunqnam
871 917 927 972 fuit
951 934 1008 970 uou
1062 917 1175 972 aFilio.
1192 919 1254 972 Nou
1273 933 1341 987 ergo
1355 918 1464 988 accepit
1478 918 1616 987 Spiritum
1632 926 1762 973 sanctum
1778 921 1913 975 divinitas

163 1012 246 1076 Deus,
277 1011 317 1063 ita
345 1025 494 1079 uunquam
520 1008 574 1062 tuit
600 1025 657 1062 non
683 1009 777 1074 Pater,
802 1023 892 1077 aquo
920 1005 1008 1060 Filius
1063 1007 1136 1074 Furi,
1153 1023 1218 1060 curn
1234 1023 1291 1078 que
1311 1007 1397 1060 unius
1418 1013 1460 1060 θεῖ
1477 1014 1586 1061 naturae
1601 1007 1724 1078 Spiritus
1743 1017 1868 1071 sanctus,
1885 1016 1913 1064 et

162 1104 255 1163 natus,
272 1114 360 1168 aquo
384 1097 506 1167 Spiritus
530 1101 643 1150 sauctus
666 1113 722 1150 non
746 1100 830 1150 natus
847 1114 855 1160 3
871 1095 1008 1166 quianon
1062 1110 1095 1148 ex
1109 1112 1167 1166 qua
1189 1095 1275 1149 habet
1298 1095 1437 1167 quidquid
1455 1095 1550 1162 habet,
1576 1096 1635 1149 imo
1660 1097 1694 1150 de
1717 1113 1773 1168 qua
1799 1104 1840 1152 est
1859 1101 1913 1154 hoc

162 1194 204 1241 est
218 1186 316 1253 Filius,
335 1202 429 1256 neque
445 1185 601 1256 ingenitus,
623 1188 762 1257 quianon
779 1187 1009 1250 estPater3nec
1061 1184 1138 1253 quod
1162 1188 1223 1249 est;
1249 1185 1315 1254 quia
1338 1185 1413 1253 quod
1439 1184 1608 1238 naturaliter
1629 1185 1724 1251 habet,
1749 1187 1802 1240 hoc
1825 1191 1910 1241 est.»

162 1275 252 1329 factrus
278 1275 400 1346 Spiritus
423 1280 547 1335 sanctus,
571 1275 639 1344 quia
663 1291 720 1328 uon
745 1289 778 1328 ex
794 1274 896 1341 nihilo,
911 1273 959 1326 sed
974 1288 1006 1326 ex
1062 1271 1151 1326 Locus
1169 1273 1223 1327 iste
1237 1277 1376 1327 tractatur
1392 1273 1427 1327 de
1450 1273 1629 1343 plenitudine
1655 1274 1814 1328 divinitatis
1833 1276 1913 1330 Chri-

162 1365 219 1417 Deo
235 1364 328 1429 Patre,
349 1368 379 1417 et
394 1363 449 1416 Deo
466 1363 535 1416 Filio
561 1364 635 1416 lleus
659 1363 856 1433 procedens.»
880 1361 1008 1415 Dilucide
1061 1361 1108 1425 sti,
1124 1361 1200 1416 etde
1225 1361 1315 1432 ipsius
1338 1361 1535 1416 humanitate:
1561 1363 1771 1416 humanitatem
1792 1363 1912 1434 quidem

161 1452 228 1504 satis
252 1467 313 1506 esse
336 1449 488 1522 profitetur
507 1450 644 1521 Spiritum
668 1456 796 1503 sanctum
823 1465 856 1502 ex
882 1450 1008 1503 Patreet
1061 1449 1130 1504 dicit
1152 1450 1293 1520 accepisse
1317 1449 1457 1518 Spiritum
1483 1456 1625 1516 sanctum,
1654 1467 1711 1505 uon
1735 1453 1852 1522 quidem
1877 1454 1912 1507 ed

1859 257 1912 311 296

66 1596 71 1608 Χ
162 1540 241 1605 Filio,
262 1544 400 1610 quodest
422 1537 632 1593 desubstantia
656 1537 747 1591 Patris
770 1537 1006 1607 Filiiqueproce·
1062 1554 1236 1602 mensuram,
1258 1539 1327 1609 quia
1359 1539 1517 1593 divinitatis
1550 1540 1700 1609 plenitudo
1733 1540 1865 1595 consistit
1881 1541 1912 1595 in

161 1629 238 1682 dere.
256 1630 317 1683 h'on
334 1628 410 1682 enim
423 1628 506 1681 aliter
516 1644 548 1680 ex
565 1633 689 1698 utroque
699 1632 812 1698 poterat
827 1643 897 1692 esse,
912 1627 932 1678 si
948 1642 1004 1679 uon
1063 1627 1121 1693 ille,
1146 1626 1220 1680 sicut
1242 1627 1427 1696 Evangelium
1450 1631 1581 1689 testatur,
1604 1627 1700 1682 dicens
1718 1628 1753 1683 de
1777 1629 1909 1683 Christo:

160 1717 386 1771 substantialiter
401 1716 569 1787 procederet
582 1716 618 1769 ab
639 1722 770 1786 utroque.
788 1717 908 1782 Propter
931 1714 1007 1786 quod
1026 1688 1097 1769 BEt
1117 1713 1236 1769 uidimus
1260 1717 1375 1782 ptora'om
1399 1716 1467 1786 ejus.
1492 1716 1607 1782 plocium
1635 1720 1716 1784 quasi
1741 1721 1880 1784 unigeniti
1894 1734 1913 1772 a

159 1803 229 1859 dicit
242 1809 273 1858 lu
300 1804 549 1875 consequentibus,
566 1805 641 1873 quod
657 1821 689 1858 ex
719 1806 775 1858 [leo
800 1805 882 1858 l‘stre
906 1808 934 1856 et
951 1805 1006 1857 lleo
1060 1804 1149 1869 Putre,
1174 1805 1284 1872 plenum
1307 1806 1405 1871 qratia
1425 1807 1589 1859 etuerttotts
1614 1805 1702 1873 (loun.
1729 1821 1749 1871 1,
1772 1806 1830 1875 ll).
1857 1807 1912 1860 Ve-

159 1895 320 1949 Filio'lleus
331 1897 367 1947 sit
379 1893 545 1963 procedens.
561 1894 669 1946 Etcum
685 1909 749 1946 eum
761 1893 837 1947 dicat
849 1893 1007 1962 proceden-
1061 1892 1129 1946 ritas
1153 1892 1188 1947 ad
1210 1892 1399 1957 divinit-atem,
1421 1893 1512 1960 gratia
1536 1893 1660 1948 refertur
1685 1895 1720 1949 ad
1736 1895 1858 1950 donum.
1876 1897 1911 1950 Ut

159 1989 228 2050 tem,
243 1987 329 2052 negat
344 1988 438 2036 tamen
460 1998 526 2036 eum
549 1981 604 2036 dici
627 1981 730 2034 debere
755 1981 797 2033 vel
814 1987 924 2044 uatum,
940 1982 1007 2050 quia
1061 1968 1139 2034 euim
1162 1981 1248 2034 homo
1271 1981 1305 2035 de
1327 1981 1443 2049 Virgine
1461 1986 1544 2035 uatus
1565 1983 1709 2052 perlectus
1733 1987 1807 2036 esset
1821 1984 1908 2045 Deus,

159 2088 217 2126 uon
233 2077 276 2124 est
292 2071 450 2137 Filius,sel
467 2071 639 2138 ingenitum,
656 2069 792 2138 quianon
809 2073 851 2121 θεῖ
865 2070 956 2122 Pater.
1060 2069 1133 2123 sicut
1154 2069 1295 2138 perfectus
1319 2074 1362 2123 est
1386 2071 1483 2133 homo,
1515 2086 1572 2122 nou
1599 2071 1710 2138 merito,
1737 2071 1784 2125 sed
1807 2072 1910 2141 gratita

196 2158 363 2229 Fulgentius
378 2159 539 2229 episeopus,
557 2158 717 2211 litterarum
735 2157 836 2211 studiis
852 2158 1006 2210 admodum
1061 2156 1165 2210 divine
1179 2159 1255 2210 douo
1280 2158 1416 2227 percepit.
1443 2165 1479 2211 nt
1498 2174 1565 2210 reru
1581 2159 1715 2213 divinitas
1736 2161 1909 2214 naturaliter

160 2248 300 2317 eruditus,
325 2253 354 2302 et
376 2248 442 2301 vitre
465 2247 613 2301 sanctitate
637 2247 816 2316 perspicuus,
842 2247 878 2299 ab
893 2245 1007 2299 Arianis
1060 2245 1157 2312 hahet,
1182 2250 1215 2299 ut
1237 2246 1273 2299 sit
1296 2247 1382 2315 ptem
1405 2252 1491 2317 atque
1514 2246 1649 2316 perlecta,
1676 2249 1783 2303 nullius
1797 2248 1908 2319 indiga,

160 2353 275 2409 quoque
298 2353 350 2407 pro
387 2336 525 2389 catholica
553 2335 610 2388 lide
645 2336 737 2389 mrrlta
771 2323 1007 2404 perpessos,'io
1060 2349 1112 2387 uec
1127 2333 1351 2387 minorationem
1366 2334 1463 2388 valeus
1483 2335 1620 2406 accipere,
1647 2352 1699 2390 uec
1719 2342 1909 2407 augmentum

161 2427 233 2481 libro
250 2424 448 2489 Qiroestionunr
464 2425 499 2479 de
514 2424 637 2494 Spiritus
654 2423 744 2476 sancti
765 2422 947 2493 processione
967 2422 1007 2475 sic
1060 2421 1209 2475 sustinere.
1235 2421 1397 2475 Secundum
1417 2423 1490 2477 hauc
1514 2423 1671 2478 divinitatis
1699 2425 1910 2495 plenitudinem

160 2515 220 2569 ait:
241 2514 313 2568 «Sic
329 2517 422 2567 totum
448 2514 522 2584 qnod
552 2517 595 2567 est
621 2513 684 2582 ipsa
714 2518 826 2579 natura,
853 2527 1006 2566 commuue
1061 2511 1148 2565 Pilius
1181 2510 1232 2565 Dei
1262 2511 1390 2565 Christus
1421 2529 1477 2567 uon
1500 2513 1595 2583 potuit
1618 2514 1756 2583 Spiritum
1779 2519 1909 2569 sanctum

159 2603 253 2657 tribus
281 2602 429 2656 iuvenitur
456 2618 517 2655 esse
549 2601 689 2671 personis,
719 2607 750 2654 ut
778 2601 885 2671 aliquid
910 2604 1006 2656 tamen
1059 2599 1200 2670 accipere,
1225 2600 1459 2670 quandoquidem
1489 2601 1550 2673 ipse
1581 2602 1703 2672 Spiritus
1733 2609 1847 2657 sauctus
1871 2603 1911 2658 sic

160 2691 331 2758 inveniatur,
372 2707 429 2762 quo
459 2689 574 2761 proprie
597 2705 780 2760 aruaqureque
806 2705 927 2760 persona
950 2705 1005 2742 uo·
1059 2688 1194 2759 procedat
1208 2688 1243 2743 ab
1260 2688 1333 2758 ipso,
1357 2689 1430 2744 sicut
1445 2692 1603 2745 etaPatre
1624 2692 1762 2762 procedit,
1783 2697 1811 2746 et
1825 2692 1913 2746 detur

159 2785 272 2835 scatur:
289 2779 366 2851 qnod
382 2783 546 2833 tamenuec
574 2779 737 2831 inveniatur
760 2778 927 2848 separabile,
954 2794 1005 2831 uec
1059 2776 1159 2830 abillo
1184 2776 1381 2843 nihilominus,
1408 2779 1650 2848 quemadmodum
1676 2781 1760 2834 detur
1782 2782 1909 2835 aPatre.

160 2869 250 2940 possit
278 2885 340 2922 esse
364 2883 527 2922 commune.
557 2867 625 2921 Nam
650 2867 799 2937 proprium
830 2866 920 2920 Patris
934 2866 1004 2920 dici·
1058 2863 1174 2927 osrede
1197 2880 1227 2919 re
1251 2865 1387 2919 divinitas
1410 2867 1484 2931 Filii,
1511 2867 1546 2922 de
1573 2884 1630 2938 qua
1653 2869 1742 2922 sumit
1763 2868 1909 2939 originem

159 2974 223 3013 mus
252 2974 323 3020 esse,
350 2956 427 3028 qnod
458 2956 559 3027 genuit
578 2972 584 3010 :
605 2956 753 3026 proprium
789 2955 909 3008 dicimus
944 2955 1004 3008 Filii
1025 2951 1316 3040 CSpiritnssauotus,
1340 2957 1632 3027 nouraletseeipere
1652 2957 1815 3025 largitatem
1833 2959 1906 3027 ejus,

159 3062 231 3116 esse,
246 3046 324 3118 quod
338 3047 416 3100 solus
433 3045 467 3099 de
490 3047 550 3099 solo
567 3046 647 3099 Patre
670 3049 753 3098 natus
780 3049 831 3111 est,
854 3043 1005 3114 proprium
1060 3041 1106 3095 oui
1130 3042 1165 3096 sit
1188 3058 1272 3097 causa
1288 3043 1426 3097 existendi
1442 3061 1449 3098 ε
1467 3050 1507 3098 θεῖ
1523 3045 1600 3099 enim
1623 3046 1670 3098 illc
1688 3046 1809 3115 Spiritus
1831 3050 1909 3100 totus

158 3135 281 3206 Spiritus
300 3133 389 3188 sancti
415 3134 492 3204 quod
508 3134 542 3187 de
565 3133 648 3187 Patre
675 3133 805 3203 Filioque
821 3131 960 3202 procedit.
974 3132 1005 3185 ln
1061 3129 1161 3197 Petris,
1177 3134 1206 3183 et
1220 3135 1296 3183 totns
1309 3131 1392 3199 Filii3
1409 3136 1516 3185 etcum
1536 3131 1574 3184 sit
1585 3132 1736 3186 amborum
1757 3138 1848 3199 totus,
1863 3133 1908 3187 vel

156 3222 278 3278 hisvero
308 3222 433 3293 propriis
459 3222 538 3276 nulla
565 3226 608 3275 est
636 3224 746 3274 naturae
776 3218 929 3290 separatio,
956 3220 1005 3272 sed

157 3312 286 3385 quaedam
302 3311 461 3382 personalis
485 3309 603 3380 agnitio.
621 3330 635 3359 s
662 3308 733 3362 Dicit
756 3308 801 3361 hic
816 3313 916 3362 arictor
936 3306 1005 3378 quid

157 3414 322 3466 commune,
343 3398 411 3469 quid
432 3396 549 3467 proprie
571 3411 755 3466 unaquaeque
779 3403 884 3448 sancte
912 3395 1005 3448 Triui-

157 3487 223 3542 tatis
243 3502 367 3557 persona
388 3488 524 3538 noscatur
552 3483 658 3537 habere
678 3503 685 3549 ;
708 3499 861 3537 commuue
885 3483 1004 3554 quidem

157 3574 233 3628 inest
247 3573 340 3629 tribus
353 3571 482 3643 personis
497 3571 580 3625 unius
589 3577 699 3624 naturae
709 3569 1002 3635 consubstantialites;

157 3661 307 3732 proprium
331 3677 398 3716 vero
429 3659 560 3730 singulis,
588 3659 662 3730 quod
690 3661 773 3714 Pater
795 3660 871 3713 solus
892 3658 1003 3729 genuit,

157 3751 244 3806 Filius
267 3751 343 3804 solus
364 3754 448 3805 uatus
472 3750 507 3804 de
530 3751 613 3803 Patre
640 3750 709 3815 solo,
746 3747 868 3819 Spiritus
890 3752 1003 3801 sanctus

157 3838 233 3910 quod
249 3839 283 3893 de
298 3839 380 3893 Patre
405 3837 533 3908 Filioque
555 3836 692 3907 procedit.
709 3835 770 3900 Qua
792 3835 827 3889 de
842 3850 872 3888 re
889 3834 939 3905 qui
954 3850 1002 3887 re-

155 3927 267 3999 cipiunt
281 3928 372 3983 Patris
388 3927 480 3981 inesse
505 3925 664 3998 proprium,
687 3925 762 3996 quod
779 3925 815 3977 sit
836 3925 959 3993 genitor,
973 3928 1003 3977 et

156 4016 221 4072 Filii
239 4017 401 4088 proprium,
422 4014 499 4086 qnod
519 4014 558 4067 sit
581 4012 706 4083 genitus,
726 4011 867 4081 recipiant
887 4026 1002 4083 quoque

155 4121 270 4160 necesse
295 4109 412 4158 estesse
441 4102 561 4173 Spiritus
589 4100 678 4154 suncti
694 4100 856 4170 proprium,
875 4100 952 4171 quod
967 4100 1001 4155 de

1059 3217 1224 3272 alterutrius
1249 3222 1334 3284 totus,
1360 3234 1419 3272 non
1444 3220 1682 3274 convertibilitate
1702 3221 1743 3284 lit,
1768 3225 1798 3273 ut
1823 3222 1909 3275 Pater

1059 3309 1089 3359 θῖ
1104 3306 1191 3360 Filius
1206 3305 1339 3361 dicantur
1361 3323 1421 3361 esse
1438 3308 1561 3379 Spiritus
1585 3314 1697 3362 sanctus
1712 3310 1790 3362 velut
1805 3309 1908 3363 abillo

1059 3393 1245 3463 suscipientes
1260 3395 1371 3448 essendi
1395 3411 1528 3461 causam;
1545 3412 1597 3450 nec
1621 3398 1697 3450 solus
1715 3397 1801 3451 Filius
1814 3397 1907 3468 Spiri-

1057 3485 1104 3535 tus
1126 3480 1215 3535 sancti
1250 3483 1347 3549 Filius,
1372 3484 1451 3537 relut
1474 3484 1509 3538 ab
1531 3485 1581 3538 illo
1601 3485 1762 3556 percipiens
1785 3486 1909 3540 existen-

1058 3568 1138 3627 tiam.
1168 3570 1304 3640 quioniam
1337 3572 1506 3625 naturaliter
1531 3589 1606 3627 uutrs
1630 3573 1752 3644 Spiritus
1781 3577 1823 3627 θεῖ
1846 3578 1906 3628 tam

1059 3657 1159 3724 Patris,
1190 3674 1277 3729 quam
1311 3659 1386 3724 Filii,
1418 3661 1579 3730 percipiens
1604 3661 1639 3715 ab
1663 3662 1719 3715 illis
1738 3661 1905 3716 essentiam.

1057 3746 1180 3800 Proinde
1206 3748 1278 3800 sicut
1307 3748 1406 3801 beatus
1431 3748 1597 3818 Fulgentius
1622 3753 1752 3814 testatur,
1776 3753 1856 3803 totus
1872 3750 1908 3804 de

1057 3835 1139 3888 Patre
1160 3836 1299 3905 procedit,
1325 3840 1354 3889 ct
1376 3840 1454 3890 totus
1471 3836 1506 3890 de
1532 3837 1627 3892 Filio:
1653 3854 1711 3891 uon
1736 3837 1814 3891 enim
1839 3853 1908 3906 pars

1056 3922 1134 3977 illius
1148 3940 1162 3976 a
1178 3925 1270 3986 Patre,
1287 3940 1353 3994 pars
1377 3940 1492 3996 quoque
1515 3926 1677 3995 procedite
1700 3926 1791 3993 Filio;
1808 3941 1907 3997 neque

1056 4026 1123 4082 pars
1142 4017 1240 4065 manet
1259 4015 1320 4081 ejus
1341 4011 1370 4065 in
1385 4014 1478 4075 Patre,
1504 4030 1570 4085 pars
1586 4031 1684 4067 rursus
1703 4014 1733 4067 in
1757 4014 1840 4067 Filio.
1859 4015 1907 4068 Est

1055 4099 1132 4154 enim
1149 4100 1321 4164 insecabilis,
1341 4105 1370 4154 θῖ
1393 4101 1587 4172 impartibilis,
1612 4119 1705 4173 neque
1728 4119 1760 4156 es
1784 4103 1907 4158 dirersis

155 4193 238 4246 Patre
271 4192 398 4262 Filioque
428 4189 567 4260 procedit.
596 4188 677 4252 Quod
706 4187 730 4240 si
759 4203 863 4257 negare
886 4193 1002 4241 conten·
1055 4192 1249 4258 compositos:
1276 4194 1304 4243 et
1325 4189 1365 4243 sic
1385 4206 1503 4244 manens
1525 4196 1555 4244 ut
1579 4191 1725 4261 procedat,
1747 4191 1906 4262 sicprooe-

154 4281 237 4346 dunt,
253 4280 349 4334 dicant
364 4279 433 4350 quid
449 4278 485 4331 sit
501 4281 528 4331 ei
543 4277 702 4348 proprium.
723 4277 794 4330 Nam
812 4276 952 4346 processio
965 4277 1000 4330 dc
1020 4287 1041 4339 ι)
1057 4276 1127 4348 dens
1143 4281 1175 4329 nt
1194 4282 1317 4331 maneat.
1335 4278 1509 4333 Naturaliter
1531 4280 1607 4333 enirn
1631 4280 1717 4334 habet
1731 4294 1797 4334 cnm
1821 4281 1906 4334 Patre

155 4369 238 4423 Patre
265 4366 426 4422 communis
454 4371 498 4420 est
521 4365 608 4419 etiarn
637 4364 722 4431 Filio;
752 4365 887 4434 quoniam
916 4379 1001 4418 omne
1055 4381 1087 4419 uc
1101 4365 1173 4419 Filio
1188 4365 1399 4436 plenitudinem
1423 4368 1550 4435 unitatis,
1575 4375 1601 4422 et
1619 4370 1759 4424 unitatem
1773 4369 1905 4438 plenitu-

154 4458 231 4529 quod
247 4456 375 4511 nascitur
398 4455 528 4526 procedit
557 4455 653 4518 ctiam,
679 4468 748 4520 ergo
776 4453 933 4507 secundum
955 4453 1002 4507 do·

58 4566 65 4572 ·
154 4546 240 4601 ctoris
255 4546 342 4616 hujus
366 4543 547 4608 seutentiam,
568 4540 718 4613 proprium
742 4546 785 4595 est
802 4540 925 4611 Spiritus
940 4557 1002 4595 sau-

154 4635 191 4690 eti
208 4651 266 4706 quo
281 4636 317 4690 de
333 4635 415 4689 Patre
433 4633 561 4704 Filioque
581 4630 720 4702 procedit,
745 4629 823 4700 quod
846 4645 898 4683 nec
924 4630 1000 4684 Patri

153 4741 206 4779 nee
219 4724 290 4778 Filio
305 4722 433 4778 cernitur
457 4736 518 4776 esse
546 4733 719 4775 commune:
747 4717 889 4789 siquidem
918 4719 1001 4772 Pater

153 4814 187 4869 de
204 4815 293 4878 nullo,
312 4813 399 4868 Filius
421 4826 488 4866 uero
505 4810 541 4864 de
562 4810 622 4864 solo
645 4809 738 4876 Patre,
762 4806 885 4877 Spiritus
903 4811 999 4861 autem

154 4908 269 4958 sanctus
283 4902 318 4957 de
336 4907 466 4971 utroque.

188 4992 259 5046 ltem
274 4990 304 5044 in
328 4987 591 5060 consequentibus:
618 4986 709 5040 «Non
723 4999 792 5054 ergo
815 4983 911 5054 potuit
934 4983 999 5054 Spi-

153 5078 241 5134 ritum
270 5083 399 5133 sanctum
425 5075 560 5130 divinitas
583 5073 647 5128 Filii
682 5071 821 5142 accipere,
844 5086 910 5125 erim
940 5071 1000 5143 ipse

153 5166 277 5237 Spiritus
305 5168 419 5219 sauctus
448 5163 488 5217 sio
517 5160 683 5232 procedata
707 5159 788 5224 Filio,
813 5157 1000 5228 sicutproce·

154 5254 196 5308 dit
211 5272 226 5308 a
242 5255 344 5321 Patre;
364 5252 447 5308 etsie
476 5254 561 5305 detur
578 5265 595 5302 a
619 5247 701 5309 Filio,
730 5247 803 5301 sicut
817 5247 901 5301 detur
915 5263 932 5299 a
947 5248 1000 5300 Pa-

153 5346 206 5396 tre.
226 5343 282 5397 Nec
307 5343 355 5396 illa
382 5345 494 5406 natura,
520 5336 597 5392 unde
623 5335 746 5407 Spiritus
772 5340 885 5390 sauctus
914 5335 1001 5389 habet

153 5429 305 5500 originem,
324 5429 421 5502 potuit
437 5427 481 5483 vel
497 5427 659 5498 exspectare
682 5423 726 5478 rel
741 5423 868 5495 accipere
882 5423 999 5494 largita·

152 5520 221 5572 tem.
242 5517 364 5590 Spiritus
387 5518 436 5573 ille
456 5520 533 5571 totus
556 5518 599 5569 est
621 5512 723 5578 Patris,
748 5517 824 5567 totus
844 5517 888 5566 est
911 5511 997 5577 Filii;

1056 4454 1140 4521 dinis,
1154 4459 1183 4509 et
1204 4458 1281 4509 totus
1306 4455 1457 4510 habetura
1481 4459 1575 4524 Patre,
1596 4464 1624 4511 et
1645 4463 1723 4512 totus
1746 4457 1873 4514 babetur
1886 4474 1905 4512 a

1055 4542 1135 4598 Filio.
1156 4544 1217 4598 Nou
1248 4559 1316 4616 ergo
1345 4545 1478 4599 diviuitas
1511 4545 1575 4600 Filii
1602 4546 1740 4617 Spiritum
1768 4553 1904 4602 sanctum

1054 4632 1172 4703 accepit,
1197 4648 1283 4703 quern
1312 4633 1392 4704 prius
1412 4649 1469 4688 non
1493 4634 1604 4701 habuit,
1631 4651 1696 4688 cum
1723 4636 1759 4688 sit
1778 4635 1905 4705 Spiritus

1054 4726 1169 4774 sanctus
1188 4721 1314 4790 ejusdem
1338 4727 1448 4776 nature
1470 4723 1551 4792 ouius
1573 4728 1613 4776 est
1635 4723 1729 4787 Filius,
1748 4729 1850 4793 utpote
1868 4723 1905 4779 de

1053 4802 1112 4878 quo
1138 4808 1247 4879 accepit
1268 4809 1408 4879 quidquid
1434 4810 1528 4878 hebet,
1560 4810 1618 4864 imo
1641 4812 1676 4866 de
1700 4828 1757 4882 qno
1780 4818 1825 4865 est
1849 4813 1906 4867 hoc

1054 4895 1131 4968 quod
1147 4900 1207 4960 est;
1224 4896 1362 4966 quoniam
1384 4898 1609 4953 substantialiter
1624 4900 1659 4953 de
1674 4899 1824 4954 divinitate
1840 4901 1908 4955 Filii

1053 4988 1105 5038 θεῖ.
1130 4984 1238 5048 Quibus
1263 4984 1398 5039 omnibus
1419 4986 1566 5040 evidenter
1593 4988 1755 5042 ostenditur
1777 4989 1908 5056 Spiritus

1054 5071 1143 5126 sancti
1163 5071 1306 5141 processio
1330 5089 1388 5127 nou
1412 5073 1509 5128 minus
1531 5090 1591 5128 esse
1607 5076 1641 5130 de
1666 5075 1737 5129 Filio
1758 5091 1849 5146 quam
1871 5076 1909 5130 de

1053 5160 1154 5214 Patre:
1185 5160 1263 5231 quod
1285 5161 1416 5233 quisquis
1449 5177 1555 5233 negare
1585 5163 1751 5229 intenderit,
1784 5163 1910 5235 negabit

1053 5246 1162 5318 pariter
1183 5248 1306 5318 Spiritus
1321 5249 1410 5304 sancti
1430 5250 1664 5306 subsistentium:
1690 5252 1830 5322 qnoniam
1846 5269 1908 5308 nou

1052 5339 1148 5406 potest
1166 5336 1332 5405 subsistere,
1345 5337 1400 5392 uisi
1424 5340 1579 5394 essentiam
1602 5341 1722 5411 accipiat
1745 5339 1781 5394 ab
1801 5341 1855 5396 illo
1869 5341 1907 5396 de

1054 5440 1111 5496 quo
1142 5425 1324 5496 procedendo
1358 5427 1495 5483 subsistit.
1517 5429 1573 5483 lloo
1597 5436 1711 5484 sanctus
1733 5429 1907 5500 Fulgentius

1053 5513 1189 5568 adsersus
1210 5514 1345 5568 Arionem
1369 5516 1520 5586 perfidiam
1545 5519 1693 5589 disputans
1720 5518 1755 5572 de
1776 5518 1907 5589 Spiritus
