3930 6098
69 5326 75 5447 ἰ

106 160 160 264 aia

819 193 1127 253 alemeonoarua.
1796 199 1850 254 en
1960 185 1963 196 ’

98 347 168 402 pm
201 336 212 388 l
239 333 363 389 Francos
371 330 421 403 qni
429 329 541 402 pamas
550 329 648 386 docuit
657 330 826 403 domuitque
835 331 985 388 lerocesll

240 420 398 492 Remigius,
433 418 550 491 proprio
581 418 755 475 octimbrem
789 422 946 492 praesignat

811 509 944 582 [honorez

242 597 458 669 Germanusque
493 596 580 653 simul
607 596 738 653 doctrina
769 598 891 669 insignis
918 603 947 653 et

243 774 315 828 Tum
343 772 492 847 propriam
523 773 618 830 munit
645 773 757 830 meritis
782 684 946 829 Αιιιίἕίῗιΰάὶὲἶ

243 951 297 1018 Oai
312 951 424 1008 Oceano
444 952 513 1009 fidei
531 952 657 1025 relegas,
681 955 710 1007 ei
722 866 948 1025 cogmzmne'ran-

863 1039 949 1114 [dum

1140 331 1244 388 Orbem
1265 331 1373 404 templa
1398 346 1450 387 suo
1467 332 1620 389 lustrantia
1641 333 1751 391 lumine
1773 352 1843 390 ean·

1144 509 1308 580 Dionysius,
1336 509 1463 565 aethereo
1487 511 1537 582 qui
1560 511 1692 582 splendet
1723 424 1848 567 hoffl

1144 599 1235 654 Gallia
1254 597 1412 664 doctorem,
1439 599 1526 654 Faulo
1547 599 1718 654 instituente
1735 601 1757 667 b,
1780 600 1848 654 bea·

1142 775 1233 841 Quem
1250 775 1365 842 meruit,
1377 774 1494 846 gemino
1503 780 1648 848 comptum
1657 687 1848 849 ιἰιιιιῐιιηὲἳιιῖ

1694 865 1847 938 [ministro.

1144 952 1346 1024 Domninoqne
1370 952 1432 1007 llali
1452 953 1528 1008 claro
1553 966 1618 1007 eum
1645 959 1769 1026 martyre
1793 953 1849 1008 iul·

1757 1040 1848 1115 [gant.

243 1130 390 1202 Reppulit,
406 1131 581 1202 etsigniste
602 1130 680 1186 Picto
703 1129 850 1186 Britannia
868 1129 947 1185 texit.
1003 1132 1067 1186 Dies
1105 1133 1138 1185 to
1155 1128 1371 1200 Senasjostitioe
1390 1128 1481 1183 titolis
1506 1130 1558 1185 Lot
1576 1133 1690 1184 sanctus
1719 1129 1849 1185 adornat.

245 1219 300 1273 llos
319 1219 425 1275 virtute
450 1221 524 1275 Baro
548 1224 578 1276 et
600 1225 697 1274 sancto
723 1220 879 1275 comitatur
900 1218 951 1273 ho·

859 1305 948 1380 [nore.

279 1398 316 1452 Et
329 1401 418 1452 sancti
432 1397 555 1452 Vedasti.

207 1483 305 1539 2Mox
324 1491 437 1541 sextum
467 1485 610 1539 Nouatum
639 1483 831 1555 leodegarius
855 1488 950 1552 ornet,

247 1573 393 1629 Seditiona
408 1578 510 1645 potens
524 1588 611 1646 quem
626 1572 682 1628 dux
702 1573 885 1645 populusque
901 1590 950 1645 pe·
970 1634 992 1690 B

841 1660 950 1735 [remit.

280 1751 314 1805 ln
345 1750 452 1813 Galliis,
485 1754 595 1805 ciuitate
626 1751 828 1815 Atraocntinse,
858 1755 952 1821 passio

321 1844 410 1894 saneti
422 1840 582 1907 Lcodeqarti
596 1843 738 1908 martyris.

210 1928 365 1983 euerardi
387 1928 512 1995 meritis,
537 1932 647 1999 gentes,
672 1933 701 1983 et
720 1926 903 2000 cognomine,
925 1932 955 1983 et

881 2015 952 2089 [era,

247 2104 440 2177 Doctrinaque
462 2121 556 2176 pares,
581 2105 715 2176 quintum
730 2105 784 2161 sibi
799 2110 891 2160 morte
908 2106 955 2161 di-

833 2192 953 2267 [cerunt.

287 2283 323 2336 lli
349 2283 443 2337 natale
476 2286 632 2337 sonetomm
674 2284 795 2346 Easetii,
829 2287 956 2340 Pontici

320 2372 428 2426 Leonis.

218 2459 234 2512 l
252 2460 372 2527 Marcus,
397 2459 612 2531 Marcianusque
631 2476 684 2515 suo
699 2459 822 2531 implent
836 2476 956 2516 monere

798 2546 955 2621 [quartum,

251 2634 396 2704 Germine,
418 2635 568 2708 martyrio,
592 2640 704 2704 natura,
725 2640 754 2692 et
776 2636 878 2691 lunare
897 2636 955 2691 lra-

878 2723 954 2797 [tres.

220 2815 233 2866 5
250 2813 358 2868 Ternas
372 2817 433 2868 tum
446 2814 541 2868 lionae
555 2814 729 2886 Apollinaris
744 2815 868 2869 honorat

250 2903 367 2970 Praesul,
394 2904 503 2976 templa
533 2902 676 2975 fraequens
704 2905 786 2975 cujus
820 2905 994 2969 Ravennae

815 2991 953 3066 [coronat.

284 3081 317 3136 ln
339 3083 458 3151 eappa
483 3083 576 3137 notate
602 3086 759 3137 sanctarum
787 3084 862 3137 Faria·
894 3083 954 3137 dia·

320 3172 390 3230 eoni,
407 3172 432 3223 et
445 3169 584 3223 Flaviana
597 3173 723 3236 virqiais.

219 3257 232 3307 6
251 3255 336 3327 Virgo
352 3256 433 3311 Fides
448 3257 543 3327 pridie
561 3256 629 3313 hine
652 3256 730 3312 felici
743 3262 835 3313 morte
851 3258 955 3313 trium-

864 3344 954 3418 [pleat.

285 3433 319 3487 ln
340 3432 441 3499 Africa
472 3435 592 3502 Monate,
617 3435 784 3497 Saturnine,
818 3437 953 3500 Faustini,

322 3526 348 3576 ct
360 3524 455 3576 sancti
463 3522 586 3593 Pardali
600 3525 772 3590 contessoris.

220 3607 404 3663 tPontties
428 3608 521 3663 Nonas
547 3609 700 3680 linusque,
725 3609 890 3682 Marcusque
907 3625 955 3665 re·

835 3696 957 3770 [tentant

287 3785 385 3842 Nalote
418 3790 573 3841 sanctornm
596 3787 718 3842 Marcelli
748 3791 774 3840 et
794 3786 905 3856 Αριιὶεὶ,
930 3790 957 3841 et

320 3875 414 3928 natale
426 3879 514 3929 sancti
530 3876 616 3929 Marci
630 3880 759 3946 episcopi.

219 3960 234 4014 8
251 3959 359 4016 Octono
374 3967 440 4017 ante
456 3962 521 4017 lctus
537 3963 662 4018 Denrelri
672 3968 768 4018 sancte
780 3962 884 4033 bearis,

252 4048 374 4105 Nomine
399 4066 453 4120 pro
485 4050 590 4106 Christi
624 4056 747 4106 tortores
776 4067 877 4123 passus
899 4052 955 4107 ini-

861 4137 955 4212 [qnos.

219 4225 234 4277 l
253 4224 421 4296 Exemplum
435 4224 515 4293 fidei,
531 4226 651 4298 parendi
668 4232 696 4282 et
708 4243 810 4283 norma
822 4228 955 4296 salubris,
976 4215 998 4270 D

254 4314 360 4370 Faeelsi
388 4315 480 4370 Patris
506 4314 633 4386 primum
659 4316 831 4387 cognomine
852 4317 956 4388 dietus,

252 4402 392 4458 Gentibus
405 4402 473 4459 inde
496 4405 580 4459 Pater
601 4403 708 4459 coelesti
731 4411 808 4460 sorte
829 4410 954 4473 vocatus,

252 4489 389 4562 Septenos
415 4490 559 4546 Abraham
591 4491 682 4546 sancit
701 4492 864 4564 retinetque
888 4492 955 4548 bea·

251 4666 299 4722 llis
314 4683 430 4741 qnoque
446 4667 584 4740 martyrio
602 4668 708 4741 insigni
724 4668 858 4741 trinoque
876 4581 958 4727 effi

866 4758 957 4829 [soant

137 4952 702 5106 nwaffongrlititeailezlteiulifflfflrem
725 5023 890 5106 opinionem
914 5041 955 5080 se·
1008 5024 1190 5096 Areopagitae
1201 5039 1274 5106 pene
1287 5040 1405 5096 suppar,
1415 5032 1538 5081 testatur
1551 5041 1617 5080 euru
1630 5025 1717 5105 luisse
1729 5023 1855 5093 primum

140 5089 454 5176 quinquemenstres,
484 5096 592 5150 acrlrcel
624 5111 750 5166 primum
782 5096 956 5176 Parisiorum
1008 5097 1186 5152 Athenarum
1225 5111 1402 5169 episcopum,
1440 5097 1516 5169 apud
1544 5096 1645 5153 Euseb.
1683 5096 1752 5175 llist.
1782 5094 1854 5174 Eecl.

140 5162 270 5240 epitolam
295 5163 371 5221 harad
391 5165 535 5220 drrarsum
560 5165 646 5220 fuisse
671 5167 706 5220 ab
733 5166 784 5219 illo
808 5166 955 5238 Dionysio,
1010 5167 1059 5222 lib.
1078 5183 1121 5232 ιιι,
1151 5182 1213 5237 cap.
1230 5169 1256 5221 l.
1286 5166 1340 5222 Sed
1366 5167 1443 5238 quod
1471 5168 1642 5222 Fortunatus
1670 5166 1855 5231 Pictavensn,

138 5242 194 5299 cujas
206 5234 313 5290 mentio
328 5234 362 5290 lit
376 5235 406 5289 in
419 5235 495 5292 Actis
514 5238 721 5307 apostoloram.
737 5237 829 5301 Quam
844 5238 957 5307 opinio·
1009 5236 1086 5310 quad
1108 5236 1211 5291 deinde
1231 5253 1307 5291 anno
1332 5240 1383 5293 823
1406 5239 1562 5293 Galliarum
1585 5236 1710 5306 episcopi
1734 5235 1856 5307 scripse-

69 5312 72 5321 '
134 5317 182 5384 neni
202 5319 266 5430 can:
290 5320 325 5359 ex
343 5307 457 5432 atrqilmiql
468 5306 620 5433 hqminum
632 5309 765 5433 I{evellere
784 5315 956 5433 conarelptur
1009 5314 1086 5374 runt,
1105 5308 1271 5378 Dionysium
1294 5309 1322 5362 in
1338 5309 1442 5364 Gallias
1457 5309 1644 5432 ιιΙΟΙῖιιιιιιιῑιι,
1664 5306 1742 5432 uqbis
1757 5307 1856 5361 Monate

132 5389 170 5428 un
202 5390 300 5432 nosra
330 5392 354 5431 aa
397 5393 413 5431 e
459 5392 492 5432 oc
507 5378 607 5442 issimi,
657 5379 801 5449 ronysium
825 5394 877 5433 nos
907 5395 954 5433 um
1009 5380 1155 5450 episcopo,
1188 5378 1306 5434 missum
1335 5395 1407 5448 esse,
1446 5396 1507 5433 soa
1542 5377 1660 5448 ,regorii
1698 5377 1856 5433 'aconensis

1009 4953 1092 5009 laeile
1106 4953 1209 5020 oredo;
1227 4969 1293 5007 cum

1162 1218 1277 1274 Cassius
1302 1222 1331 1273 el
1351 1218 1473 1286 Gereon,
1499 1220 1604 1284 Victor,
1630 1218 1789 1274 Florentius
1808 1222 1850 1272 at·

1805 1322 1839 1361 ue

1147 1395 1273 1466 Martyrii
1286 1395 1406 1450 comites
1419 1394 1500 1465 plebs
1514 1399 1574 1449 tom
1586 1397 1740 1466 conjuncta
1749 1306 1852 1449 [ιὲἶωῖ

1757 1483 1848 1554 [phet.

1185 1591 1216 1645 ln
1230 1591 1339 1657 Africa,
1363 1589 1484 1651 Eusebii,
1510 1590 1629 1649 lleracli,
1649 1593 1675 1643 ct
1697 1590 1776 1650 alibi,
1802 1590 1854 1645 Se·

1218 1682 1288 1739 reni,
1310 1681 1335 1731 et
1357 1677 1500 1738 crescenti,
1523 1681 1549 1729 et
1572 1677 1716 1731 translatio
1733 1681 1854 1747 corporis

1221 1767 1370 1820 beatnsimi
1385 1765 1532 1820 Martialis.

1097 1858 1126 1909 ll
1149 1853 1256 1919 Quines
1280 1870 1344 1908 mox
1363 1855 1495 1921 Taracus,
1521 1853 1641 1918 Probus,
1660 1852 1854 1909 Andronicus·

1625 1939 1689 2014 [que
1704 1947 1853 2011 coronant,

1150 2031 1280 2099 Virtutis,
1302 2030 1460 2102 mortisque
1485 2045 1568 2100 pares
1588 2044 1661 2100 qnos
1680 2029 1773 2101 gloria
1789 2029 1855 2085 red·
1932 2050 1933 2054 ¹

1791 2115 1853 2190 [dit.

1171 2227 1203 2280 ln
1228 2224 1334 2281 nanno
1359 2225 1469 2287 Siciliae,
1491 2226 1583 2279 natale
1603 2229 1759 2280 sanctorum
1781 2225 1854 2279 Fon·

1222 2318 1267 2376 sti,
1281 2316 1419 2369 ianuarii.

1098 2408 1130 2458 li
1151 2403 1217 2458 ldos
1236 2407 1294 2456 lam
1311 2407 1426 2473 quartas
1442 2400 1552 2457 meritis
1567 2401 1690 2457 Edistins
1704 2404 1801 2473 auget,

1151 2491 1223 2548 Urbs
1253 2492 1387 2546 Ravenna
1415 2506 1467 2545 suo
1502 2489 1605 2546 celebri
1643 2507 1700 2563 quo
1731 2496 1856 2562 martyre

1757 2577 1856 2652 [pollet

1186 2688 1219 2741 ln
1248 2685 1397 2756 Campania
1429 2688 1547 2749 onitate,
1581 2686 1674 2740 notate
1700 2689 1856 2741 sanctorum

1221 2777 1367 2829 Fortunati
1383 2778 1408 2828 et
1422 2775 1564 2835 Prisciani,

1100 2866 1132 2919 13
1150 2865 1256 2920 Ternas
1279 2863 1436 2925 Marcellus,
1469 2863 1597 2930 Faustus,
1625 2863 1778 2918 lanuarias
1801 2864 1857 2918 im·

1756 2949 1855 3023 [pleni.

1149 3041 1221 3096 ‘lum
1240 3055 1356 3112 quoqne
1377 3040 1460 3094 Patre
1481 3038 1544 3109 tibi,
1569 3038 1743 3111 Dionysique
1767 3054 1858 3094 sacra·

1782 3125 1857 3200 [tum

1151 3215 1302 3287 Templum
1315 3235 1323 3284 ;
1336 3220 1365 3271 et
1385 3215 1575 3286 chrysantho,
1601 3214 1751 3287 llariaeque
1772 3230 1857 3270 eorn-

1668 3301 1780 3376 [scatet
1798 3318 1857 3373 ara,

1155 3392 1252 3466 lulpia
1265 3409 1331 3448 aum
1349 3393 1435 3465 plano
1450 3409 1508 3466 quo
1520 3392 1675 3463 praeminet
1689 3408 1806 3465 aequore
1817 3408 1859 3447 ca·

1660 3519 1665 3528 ·
1745 3480 1856 3554 [strum.

1188 3590 1219 3644 ln
1240 3590 1362 3659 spaniis,
1394 3589 1528 3651 Corduba,
1554 3591 1672 3653 avitare,
1703 3593 1860 3644 sanctorum

1222 3679 1318 3732 Fausti
1340 3680 1367 3732 et
1392 3679 1511 3733 Marcia.
1540 3678 1694 3733 lemovicas
1725 3676 1859 3731 &dicatio

1222 3768 1310 3819 sancti
1328 3766 1490 3827 salvatoris,
1516 3769 1542 3819 el
1562 3769 1650 3820 suncti
1673 3764 1785 3820 Geraldi
1799 3780 1860 3819 can·

1222 3854 1345 3920 sessoris.

1118 3944 1151 3998 lt
1171 3941 1302 3998 Callistus
1324 3940 1417 4012 pridie
1435 3940 1553 3997 antistes
1568 3944 1733 4013 martyrque
1748 3944 1858 4011 tropea

1153 4031 1334 4100 Praecellens,
1350 4029 1440 4085 multo
1457 4033 1485 4085 et
1500 4029 1652 4085 comitatus
1667 4032 1791 4100 martyre
1806 4028 1860 4083 lul·

1788 4117 1856 4191 [get.

1189 4228 1289 4289 Roma,
1317 4227 1365 4280 aia
1391 4224 1518 4287 Aurelia,
1555 4228 1584 4278 in
1617 4227 1736 4288 unitate,
1766 4225 1859 4279 natale

1223 4319 1312 4371 sancti
1327 4315 1429 4371 Golieii
1445 4318 1574 4385 episcopi.

1100 4407 1132 4458 its
1151 4403 1250 4458 ldibos
1271 4403 1340 4459 inde
1360 4402 1413 4458 tibi
1441 4404 1604 4459 Maurorum
1625 4402 1709 4457 turba
1732 4406 1858 4473 vocatur,

1151 4491 1311 4564 Agrippina
1333 4491 1438 4546 animis
1455 4492 1564 4561 pariter
1590 4507 1656 4562 qooe
1679 4491 1745 4546 laeta
1768 4491 1860 4546 beatis

1152 4580 1280 4636 Militiam
1300 4580 1413 4636 Christo
1442 4579 1547 4635 virtute
1569 4585 1597 4633 et
1623 4585 1718 4635 morte
1743 4579 1858 4636 dicavit.

1185 4669 1218 4723 ln
1233 4669 1338 4738 Capua,
1360 4667 1664 4732 ausonitanae
1684 4673 1772 4724 sanati
1795 4670 1859 4724 Far·

1224 4761 1325 4813 tanati.

157 4869 386 4935 'Annnoclmn
401 4881 452 4937 llio
472 4897 590 4937 monere
610 4882 693 4953 juvat
706 4882 734 4937 in
749 4882 845 4938 codice
866 4883 956 4955 Regio
1010 4881 1179 4955 Dionysium
1193 4883 1393 5007 Areopagilam
1407 4883 1437 4938 in
1461 4882 1566 4939 Gallias
1580 4898 1730 4956 nunquam
1744 4880 1856 4936 venisse

1331 4955 1517 5026 .lli0nysius,
1540 4955 1671 5010 Corinthi
1693 4953 1855 5025 episcopus,

69 5456 71 5521 l
127 5451 269 5504 sutoarent
279 5447 365 5503 Decio
379 5447 547 5520 imperatori
561 5452 738 5505 coaetaneum
754 5449 852 5505 fuisse.
868 5450 956 5522 Atqui
1009 5451 1179 5506 auctoritate
1193 5450 1315 5506 convelli
1327 5466 1384 5507 non
1399 5465 1484 5521 posse
1506 5448 1577 5504 milri
1591 5448 1708 5520 quidem
1730 5449 1853 5507 ridetur.
