3930 6098
148 235 201 289 tte
623 179 626 182 ἢ
725 227 905 283 arrasum
923 226 1154 284 consularius
1174 226 1327 286 ltoutcflt
1852 224 1908 279 tao

150 363 213 430 Quo
228 363 303 419 dieto
318 363 467 420 manifeste
479 361 627 426 docemur,
640 361 716 432 quod
730 376 796 415 cum
810 359 921 415 dicatur
932 359 996 431 Spi·
1015 359 1040 417 t
1053 362 1096 413 ter
1110 358 1198 414 solus.
1211 359 1243 413 Et
1257 357 1325 429 quia
1338 355 1426 413 Filius
1441 370 1558 428 quoque
1574 353 1717 428 sapientia
1737 362 1782 411 est
1807 354 1909 427 genita

151 453 225 509 ritus
239 469 256 507 a
271 454 352 507 Patre
365 450 528 522 procedere,
552 450 776 521 intelligendum
799 450 907 519 pariter
927 450 1004 520 qnod
1056 450 1092 504 de
1116 448 1267 519 sapientia,
1292 446 1366 502 sicut
1385 461 1438 501 uec
1459 447 1543 500 Pater
1562 444 1597 513 ei,
1616 460 1670 499 nec
1692 442 1816 515 Spiritus
1843 460 1907 498 san-

153 548 211 597 eta
234 541 304 596 Filio
329 540 473 610 procedat.
501 540 632 610 Itemque
662 555 728 594 cum
751 538 855 593 dicitur
881 557 897 593 a
929 540 1002 594 Filio
1056 537 1159 592 ctusei
1181 536 1392 606 intelligit,sed
1409 536 1469 607 ipse
1491 534 1677 602 sihi,itanec
1697 534 1779 587 Pater
1800 532 1827 586 ei
1849 549 1907 587 me·

155 629 240 690 mitti,
256 629 341 682 simul
357 628 577 697 intelligendum
593 629 670 699 quod
685 636 714 682 et
729 645 746 682 a
759 630 841 683 Patre
856 629 1001 695 mittatur;
1058 626 1151 693 minit,
1163 642 1217 679 uec
1231 625 1352 697 Spiritus
1367 631 1481 676 sisisclus
1496 623 1523 677 ei
1548 622 1653 692 diligit,
1677 621 1726 676 sed
1749 621 1810 691 ipsc
1828 620 1881 675 sibi
1900 637 1907 674 :

155 716 291 790 quoniam
306 718 391 772 Pater
404 722 433 772 et
445 718 532 771 Filius
543 717 616 771 sicut
628 717 714 772 unius
729 717 914 788 ejusdemque
937 726 1005 772 suut
1058 732 1108 769 sua
1124 715 1201 770 enim
1219 720 1262 769 est
1275 720 1304 769 et
1318 714 1379 785 ipse
1394 713 1543 779 riseris-uia,
1560 728 1611 765 sua
1634 710 1838 781 intelligentia,
1855 727 1909 764 sua

154 803 329 872 substantias,
352 803 393 859 sic
410 805 496 859 unius
519 806 705 876 ejusdemque
728 811 795 859 sunt
816 806 1003 876 operationis.
1056 804 1189 870 dilectio;
1205 805 1254 858 sed
1279 803 1319 858 ita
1339 819 1369 856 se
1391 802 1507 867 habere,
1524 801 1558 855 de
1573 802 1654 854 Patre
1677 799 1719 853 illi
1732 804 1785 864 est,
1801 798 1836 853 de
1852 814 1910 870 quo

155 893 218 959 Qua
229 892 264 947 de
275 908 305 947 re
320 893 370 964 qui
385 899 468 964 negat
487 893 622 964 Spiritum
634 910 650 946 a
664 893 733 947 Filio
745 893 829 962 mitti,
840 909 905 947 cum
921 893 1006 948 latea·
1058 899 1205 949 natusest.
1218 893 1340 963 Spiritus
1366 890 1452 946 etiam
1466 896 1581 944 sanctus
1601 888 1669 960 quia
1688 887 1839 958 sapientia,
1866 893 1910 942 est

156 982 389 1037 turcumaPatre
400 982 487 1048 mitti,
503 981 695 1053 negatprocul
712 981 799 1036 dubio
814 983 917 1037 Filium
929 983 1006 1036 Patri
1058 984 1215 1054 procedens
1229 983 1264 1037 de
1279 982 1430 1052 sapientia,
1459 995 1517 1032 non
1543 980 1654 1033 Patrem
1685 976 1771 1030 habet
1793 991 1910 1031 memo-

157 1071 435 1141 cooperari3acpcr
459 1071 585 1141 hocjam
605 1073 719 1126 Patrem
747 1076 776 1125 et
800 1071 903 1126 Titium
938 1071 1006 1126 dicit
1060 1072 1142 1138 riam,
1155 1077 1183 1126 et
1198 1063 1299 1125 Filium
1327 1067 1558 1138 intelligentiam,
1587 1070 1616 1120 et
1641 1083 1670 1120 se
1700 1065 1909 1120 dilectionem:

158 1174 219 1215 non
242 1159 327 1213 unius
348 1158 535 1231 ejusdemque
562 1160 767 1231 operationis:
791 1162 867 1232 quod
897 1161 1005 1227 dicens,
1061 1159 1246 1228 nequeenim
1273 1157 1415 1227 sapientia
1437 1161 1520 1224 esset,
1537 1156 1560 1208 si
1575 1155 1649 1209 alius
1664 1157 1690 1209 ei
1719 1153 1910 1218 meminisset,

158 1253 366 1320 consequenter
381 1253 465 1317 negat
475 1250 590 1303 Patrem
600 1255 629 1303 et
639 1248 742 1304 Filium
760 1250 844 1304 unius
863 1250 1006 1320 ejusdem·
1060 1248 1144 1318 sique
1160 1247 1233 1300 alius
1247 1247 1431 1317 intelligeret,
1449 1262 1481 1299 ac
1494 1245 1695 1299 tantummodo
1710 1242 1764 1297 sihi
1780 1244 1841 1314 ipsc
1866 1242 1911 1297 di-

158 1352 215 1408 que
240 1337 300 1392 lore
329 1336 506 1392 substantiae.
529 1339 595 1393 Tale
616 1345 659 1393 est
684 1345 712 1394 et
735 1340 805 1394 illud
819 1339 897 1410 «quod
920 1341 1008 1394 Filius
1061 1337 1177 1407 ligeret3
1192 1336 1241 1390 scd
1256 1335 1413 1406 ipsehabet
1436 1336 1496 1388 haec
1516 1334 1588 1400 tria;
1605 1338 1634 1386 et
1658 1349 1689 1387 ea
1707 1332 1747 1386 sic
1772 1332 1913 1400 habel,ut

158 1430 290 1493 testatur,
306 1426 476 1498 Spirituma
499 1429 584 1484 Patre
609 1430 774 1500 procedere.
797 1428 930 1499 Quisquis
955 1446 1008 1483 ne·
1061 1425 1122 1479 lraec
1137 1425 1197 1496 ipsa
1220 1425 1280 1495 ipse
1300 1425 1336 1478 sit
1351 1441 1357 1478 :
1375 1429 1573 1477 verumtamen
1594 1428 1625 1476 ut
1645 1421 1683 1475 ita
1704 1421 1750 1487 sit,
1766 1420 1843 1474 unde
1868 1419 1913 1474 illi

159 1530 226 1585 gare
242 1515 377 1570 maluerit
400 1533 459 1570 non
476 1533 542 1572 eum
568 1534 719 1590 quoquae
744 1519 814 1573 Filio
842 1518 1007 1589 procedere,
1062 1519 1104 1567 est
1121 1513 1195 1568 unde
1216 1513 1354 1585 procedit.
1382 1532 1396 1563 »
1423 1512 1572 1567 Subtiliter
1595 1510 1682 1565 nimis
1706 1515 1792 1581 atque
1816 1508 1913 1563 divine

159 1603 363 1675 negatpariter
389 1605 493 1659 Titium
518 1623 578 1660 uon
601 1608 727 1679 ejusdem
755 1625 814 1662 essa
834 1607 1009 1678 operationis
1062 1618 1250 1674 personarum
1277 1600 1426 1657 Trinitatis
1454 1600 1652 1654 distinctiones
1677 1598 1838 1663 insinuans,
1865 1614 1912 1651 sa-

160 1693 521 1763 eumPatrezacperlroc
544 1696 657 1750 Patrem
672 1696 904 1768 Filiumqucnon
924 1697 1009 1751 utrius
1063 1692 1201 1763 pientiam
1217 1691 1285 1746 dicit
1300 1707 1361 1745 esse
1385 1692 1510 1754 Patrem,
1538 1689 1766 1760 sapientiamque
1795 1686 1913 1754 Filium,

160 1780 210 1834 ssd
228 1779 349 1835 diversae
364 1781 426 1835 lore
442 1781 622 1839 substantia.
643 1784 724 1848 Quod
745 1784 881 1854 quoniam
896 1785 1009 1838 Arianae
1062 1780 1231 1851 sapientiam
1255 1795 1370 1850 quoque
1394 1778 1533 1850 Spiritum
1559 1782 1704 1843 sanctum;
1731 1776 1779 1829 sed
1808 1774 1914 1829 Filium

161 1868 291 1924 videmus
317 1869 475 1941 impietatis
505 1871 539 1924 de
563 1874 640 1925 tonte
667 1887 793 1938 manare,
822 1873 1011 1943 prolitcamur
1062 1868 1322 1940 genitum‚quiest
1340 1867 1524 1939 sapientiade
1542 1867 1633 1930 Patre,
1652 1863 1852 1936 quisimiliter
1870 1868 1916 1917 est

160 1973 227 2013 cum
248 1957 397 2012 catholicis
420 1964 510 2012 totam
531 1959 585 2013 sibi
606 1961 777 2015 Trinitatem
800 1961 962 2031 cooperari,
982 1966 1010 2015 et
1064 1956 1267 2026 saepissume
1293 1954 1432 2024 Spiritum
1457 1954 1673 2024 procedentem,
1698 1953 1747 2022 qui
1769 1951 1807 2004 sit
1825 1950 1914 2004 etiam

161 2043 196 2098 de
208 2043 342 2097 omnibus
358 2043 579 2112 intelligendum
596 2044 630 2098 de
646 2044 768 2115 singulis
784 2047 860 2116 quod
886 2046 1008 2100 dicitur:
1064 2044 1216 2115 sapientia,
1231 2049 1280 2097 sed
1298 2043 1333 2097 de
1362 2043 1444 2096 Patre
1470 2041 1520 2112 qui
1545 2041 1687 2111 sapientia
1709 2045 1761 2107 est,
1786 2037 1915 2110 Filioque

162 2129 300 2200 qnoniam
324 2145 389 2184 curn
415 2131 453 2184 sit
475 2136 534 2186 tota
560 2131 683 2186 Trinitas
709 2133 795 2187 unius
823 2134 1010 2206 ejusdemque
1064 2134 1114 2205 qui
1128 2132 1262 2187 similiter
1283 2131 1424 2202 sapientie
1439 2135 1489 2184 est.
1514 2130 1547 2185 Et
1573 2134 1603 2183 ut
1625 2129 1785 2183 evidentius
1807 2129 1916 2183 clareat

162 2217 340 2284 substantiae,
365 2219 491 2289 separari
512 2235 700 2291 nequaquam
714 2226 809 2290 potest
831 2223 1008 2292 operatione.
1064 2222 1139 2292 quod
1156 2221 1233 2289 dicit,
1245 2236 1387 2291 ponamus
1402 2219 1535 2291 superius
1546 2219 1670 2290 positam
1680 2217 1914 2272 similitudinem.

163 2306 225 2371 Oua
239 2306 274 2361 de
288 2322 319 2361 re
333 2323 399 2362 cum
416 2308 520 2362 dicitur
533 2308 684 2380 Spiritusa
704 2311 786 2365 Patre
798 2311 952 2381 procedere
964 2328 1010 2381 pa·
1063 2311 1129 2366 Tria
1157 2310 1236 2365 enim
1258 2308 1415 2377 constituit,
1443 2308 1575 2362 videlicet
1596 2307 1778 2373 memoriam,
1803 2304 1914 2360 intelli·

162 2395 233 2450 riter
244 2397 552 2468 quoquesentieudum
563 2398 704 2469 dicijquod
715 2399 1009 2469 procedatstam'tio.
1064 2400 1202 2472 gentiam,
1228 2398 1422 2464 dilectionem,
1451 2401 1590 2468 tanquam
1614 2395 1762 2450 Trinitatis
1780 2395 1916 2449 similitu—

199 2485 270 2539 ltem
285 2484 316 2538 in
329 2485 380 2540 lib.
396 2489 511 2556 xv(cop.
528 2489 553 2556 6)
567 2493 670 2542 sanctae
684 2489 830 2543 Trinitatis
847 2506 853 2543 :
873 2508 887 2540 a
904 2489 1013 2544 Dicitur
1066 2489 1162 2544 dinem
1178 2488 1208 2542 in
1227 2486 1360 2541 interiori
1379 2485 1497 2540 homine
1510 2484 1642 2556 positam.
1661 2484 1816 2555 dequibus
1835 2485 1916 2537 mul·

164 2573 283 2644 quidem
296 2573 326 2627 iu
340 2574 493 2645 Scripturis
519 2576 624 2631 sanctis
638 2578 761 2634 Christus
786 2579 839 2632 Dei
863 2581 962 2645 virtus,
988 2583 1013 2634 et
1065 2583 1127 2632 turn
1144 2573 1281 2647 disputat,
1305 2575 1408 2629 tamin
1432 2573 1655 2644 decimoquinto
1670 2573 1752 2639 libro,
1778 2589 1866 2643 qnam
1887 2577 1917 2627 et

164 2664 212 2719 lici
226 2665 371 2732 supientia.
386 2663 439 2718 Sed
455 2665 699 2735 quemadmodum
719 2667 756 2720 sit
780 2666 1010 2738 intelligendum,
1067 2664 1097 2718 in
1111 2664 1173 2718 aliis
1192 2663 1320 2734 ejusdem
1336 2663 1441 2733 operis,
1462 2664 1626 2733 approbans
1642 2662 1672 2715 in
1684 2661 1825 2716 memoria
1843 2677 1914 2715 cou-

163 2766 216 2806 nec
232 2752 345 2805 Patrem
364 2751 591 2807 Tiliusrideatur
605 2754 696 2808 lacere
714 2755 883 2826 sapientem,
898 2756 1013 2810 inlibro
1066 2735 1227 2807 tineritam
1254 2751 1474 2822 intelligentiam
1504 2766 1591 2822 quam
1612 2749 1807 2815 dilectionem,
1833 2748 1917 2803 etde

165 2838 1015 2914 septimodisputaturnestlitadlrocratiopervenit,utsic
1067 2841 1208 2895 memoria
1237 2840 1456 2910 intelligentiam
1487 2838 1564 2893 nasci
1587 2855 1594 2905 ;
1625 2839 1661 2892 de
1688 2842 1809 2910 utraque
1836 2853 1916 2904 vero,

164 2928 642 3001 sitTiliussapientiadesapientia‚
659 2932 903 3003 quemadmodum
915 2932 1014 2986 lumen
1033 2930 1208 3016 Cmemoria
1218 2929 1325 2983 seilicet
1340 2933 1368 2980 et
1381 2928 1585 2997 intelligentia,
1613 2927 1795 2980 dilectionem
1816 2942 1916 2996 proce·

168 3017 203 3073 de
218 3015 338 3085 lumine,
358 3018 432 3071 Deus
441 3017 476 3072 de
487 3019 555 3073 Deo.
571 3019 713 3074 Necaliud
725 3020 873 3091 potuimus
884 3020 1013 3075 invenire
1066 3019 1148 3085 dere;
1167 3025 1195 3072 et
1210 3019 1269 3072 hacc
1286 3018 1341 3071 tria
1355 3017 1440 3071 simul
1455 3033 1515 3070 esse
1535 3022 1620 3086 alque
1632 3016 1716 3069 unius
1730 3016 1908 3069 substantie.

127 3114 132 3124 ·
167 3105 305 3177 Spiritum
321 3107 579 3172 sanctum;nisiet
594 3108 688 3178 ipsum
703 3124 765 3163 esse
787 3108 969 3179 sapientiam,
985 3115 1014 3164 et
1066 3107 1198 3162 Eaeuim
1218 3105 1401 3160 meminimus
1416 3105 1689 3177 quaeintelligimus,
1707 3110 1735 3157 et
1752 3120 1818 3158 cum
1839 3105 1917 3157 votu-

168 3193 253 3249 simul
269 3209 369 3248 omnes
383 3211 469 3249 unam
487 3196 673 3266 sapientiam;
695 3199 768 3252 sicut
794 3214 886 3252 unum
912 3199 1011 3266 Deum,

168 3298 256 3338 unam
271 3283 435 3338 essentiam.
456 3284 527 3349 Quid
544 3285 649 3339 istlrinc
673 3284 839 3352 edocemur,
861 3286 916 3339 nisi
945 3302 1013 3356 pro·

168 3371 327 3426 cessionem
342 3371 464 3442 Spiritus
484 3378 542 3427 tem
557 3372 592 3426 de
615 3375 696 3427 Patre
721 3390 808 3444 quam
823 3374 857 3428 de
881 3373 966 3439 Filio;
987 3379 1016 3428 et

168 3460 242 3516 hanc
258 3461 427 3516 Trinitatem
439 3461 523 3517 unitis
548 3463 734 3517 substantiae?
748 3463 821 3516 Dicit
843 3463 1014 3534 sapientiam

169 3566 230 3604 esse
251 3552 374 3618 Patrem,
394 3548 566 3618 sapientiam
583 3549 696 3614 Filium,
713 3550 882 3621 sapientiau.
898 3567 1015 3622 quoque

170 3634 311 3705 Spiritum
323 3640 453 3688 sanctum
470 3652 476 3690 :
491 3637 541 3691 sed
558 3639 641 3692 Pater
655 3638 795 3709 sapientia
813 3640 848 3694 de
871 3641 949 3695 nulla
971 3658 1013 3695 sa·

170 3723 290 3794 pientia.
302 3724 549 3780 NoneuimaTilio
557 3727 932 3799 sumpsitistessetsapiens;
943 3745 1015 3799 quo·

171 3811 250 3867 niem
264 3828 329 3867 cnm
343 3813 381 3867 sit
398 3813 458 3885 ipse
468 3814 531 3869 lons
545 3822 574 3870 et
589 3817 763 3886 principium
778 3817 1015 3888 {universalitatis

170 3917 187 3954 a
202 3903 354 3974 semetipso
374 3904 488 3973 sapiens
503 3908 555 3969 est,
576 3921 632 3959 non
646 3906 767 3976 alicujus
787 3906 1015 3976 participatione.

170 3990 328 4046 Sicutlieus
340 4007 397 4046 non
408 3992 562 4062 abaliquo,
576 3993 625 4046 sed
640 3993 943 4063 asemetipsolumen:
959 4010 1017 4047 non

172 4080 250 4134 enim
265 4080 352 4135 habet
367 4079 474 4150 aliquid
490 4082 632 4150 superius,
642 4083 684 4134 vel
697 4082 871 4151 precedens,
888 4083 1017 4151 alioquin

172 4183 229 4221 nou
242 4169 295 4221 erit
311 4168 501 4222 universitatis
513 4168 703 4238 principium,
733 4168 783 4223 scd
807 4185 858 4224 uec
882 4171 1015 4242 imperte-

1068 3213 1131 3250 mus
1150 3196 1373 3265 intelligentiam
1402 3200 1529 3249 nostram
1554 3194 1670 3260 intueri,
1697 3209 1755 3247 nou
1784 3193 1916 3247 valemus

1069 3284 1123 3338 nisi
1141 3284 1176 3338 de
1192 3283 1340 3338 memoriae
1353 3284 1477 3353 quodam
1488 3289 1596 3337 secreto
1612 3283 1758 3352 procedat,
1774 3286 1914 3352 tanquam

1069 3378 1244 3441 generetur:
1267 3377 1379 3425 etcum
1405 3372 1597 3442 approbamus
1620 3369 1842 3439 intelligentiam
1864 3385 1915 3423 no-

1069 3468 1155 3514 stram
1186 3461 1222 3514 de
1244 3462 1383 3514 memoria
1405 3460 1596 3531 progenitam,
1633 3460 1666 3513 lit
1690 3476 1771 3513 emor
1799 3459 1918 3530 quidam

1068 3551 1261 3619 complectens
1280 3554 1308 3605 et
1331 3550 1551 3620 intelligentiam
1576 3555 1605 3603 et
1633 3547 1819 3613 memoriam
1851 3563 1918 3601 nam

1069 3639 1225 3694 delectatur
1243 3643 1272 3693 et
1295 3638 1494 3709 intelligentia,
1520 3653 1608 3708 quam
1627 3637 1777 3707 approbat,
1802 3641 1832 3691 et
1862 3652 1920 3690 me·

1070 3727 1161 3782 moria
1174 3728 1209 3781 de
1229 3744 1286 3798 qua
1300 3728 1379 3782 novit
1402 3733 1499 3780 natam
1522 3726 1752 3797 intelligentiam,
1769 3741 1857 3796 quam
1882 3725 1919 3779 di·

1069 3817 1133 3888 ligit
1150 3833 1157 3870 ε
1173 3816 1249 3870 unda
1275 3816 1316 3881 lit,
1343 3821 1376 3870 ut
1404 3816 1465 3869 haec
1490 3815 1605 3870 dilectio
1632 3820 1691 3868 tarn
1721 3815 1756 3869 de
1778 3814 1920 3868 memoria

1071 3922 1157 3977 quam
1182 3904 1423 3975 deintelligentia
1451 3906 1597 3957 nascatur.
1632 3903 1660 3958 Si
1690 3903 1769 3957 nulla
1793 3919 1919 3974 namque

1070 3995 1143 4047 locet
1155 3993 1345 4062 intelligentia
1360 3993 1439 4047 nulla
1458 3997 1553 4061 posset
1565 4008 1626 4046 esse
1648 3992 1709 4061 ejus
1733 3991 1865 4060 dilecti0;
1892 3995 1921 4045 et

1071 4082 1094 4135 si
1113 4081 1191 4134 nulla
1214 4079 1287 4134 loret
1306 4080 1455 4146 memoria,
1474 4094 1533 4132 non
1558 4085 1632 4133 esset
1651 4079 1727 4133 unde
1748 4079 1918 4132 consisteret

1072 4170 1271 4240 intelligentia.
1299 4169 1374 4223 Nihil
1390 4168 1468 4223 enim
1493 4168 1682 4239 intelligimus
1705 4169 1785 4239 cujus
1813 4184 1920 4223 memo·

172 4261 242 4321 ctus,
259 4270 311 4309 nec
324 4254 457 4324 indigens
471 4256 588 4326 alicujus
606 4258 689 4323 lteus,
708 4257 756 4312 sed
782 4259 892 4328 plenus,
918 4265 947 4314 et
970 4275 1017 4313 ve·
1037 4260 1144 4314 liciam
1161 4276 1218 4314 non
1234 4259 1393 4314 habemus:
1416 4258 1635 4328 distinguuntur
1649 4265 1745 4312 tamen
1769 4258 1825 4312 ista
1848 4275 1918 4330 pro-

172 4343 543 4414 rus,etperlectusDeus:
573 4344 690 4415 igitura
713 4347 867 4417 semetipso
890 4348 1014 4417 sapiens.
1071 4349 1141 4416 priis
1154 4349 1314 4402 intellectus
1335 4347 1378 4402 sui
1403 4347 1518 4401 linibus.
1548 4347 1683 4402 Memoria
1708 4363 1834 4417 namque
1862 4365 1917 4401 rron

175 4431 260 4486 Filius
273 4448 339 4486 vero
363 4431 513 4504 sapientia,
539 4434 588 4488 sed
601 4434 636 4489 de
669 4435 751 4490 Patre
772 4437 927 4506 sapientia,
949 4452 1017 4508 quo-
1071 4452 1167 4507 perse
1185 4436 1331 4507 intelligit,
1352 4436 1400 4490 sed
1416 4451 1467 4506 per
1487 4436 1723 4507 intelligentiam;
1741 4452 1793 4489 uec
1813 4436 1918 4490 intelli·

172 4520 251 4575 uiam
278 4521 332 4575 hoc
353 4521 454 4592 genuit
476 4523 561 4577 Pater
584 4524 662 4595 quod
684 4529 735 4579 est.
760 4525 883 4595 Spiritus
902 4540 1017 4596 qnoque

173 4609 323 4681 sapientia,
340 4610 390 4665 sed
406 4627 463 4664 non
493 4612 527 4666 de
550 4614 630 4667 nulla
654 4613 816 4684 sapientia:
840 4613 917 4667 solus
940 4614 1017 4668 enim

172 4699 257 4754 Pater
270 4699 406 4754 denullo.
423 4700 501 4754 Unde
516 4700 614 4772 igitur,
637 4702 691 4755 nisi
707 4703 742 4757 de
761 4701 920 4773 sapientiai
936 4703 1019 4757 Pater

172 4791 269 4842 autem
285 4787 442 4858 sapientia,
453 4788 540 4843 Filius
556 4806 671 4861 quoque
691 4790 831 4861 sapientia
848 4805 936 4860 :ergo
955 4790 1018 4860 Spi-

171 4874 245 4930 ritus
269 4875 418 4946 sapientia,
448 4875 483 4930 de
510 4876 593 4931 Patre
617 4877 744 4949 Filioque
771 4876 920 4948 sapientia.
956 4878 1019 4932 Non

172 4963 251 5019 euim
265 4963 503 5035 Patersapientia,
519 4964 662 5036 Filiusque
682 4965 834 5037 sapientia,
857 4965 1020 5020 diversitate

172 5057 352 5124 separantur,
362 5051 412 5106 sed
427 5052 537 5106 unitate
548 5053 730 5124 copulantur.
748 5054 831 5109 tdittit
846 5054 936 5125 igitur
950 5059 1022 5108 uter·

173 5156 229 5213 que
244 5141 384 5213 Spiritum
398 5141 570 5211 sapientiam
585 5144 786 5213 procedentem
800 5143 835 5196 ab
856 5148 986 5215 utroque.
1005 5164 1019 5194 »

209 5229 280 5284 item
293 5229 436 5301 posterius
455 5229 526 5299 (cop.
552 5229 625 5302 vrr):
653 5252 663 5278 ι
692 5230 852 5300 Eccelergo
880 5231 935 5284 tria
960 5232 1019 5300 illa,

173 5315 202 5372 id
223 5321 266 5371 est
288 5319 437 5386 memoria,
450 5317 652 5389 intelligentia,
672 5319 786 5373 dilectio
808 5335 857 5373 seu
878 5320 1020 5387 voluntas,

172 5405 203 5460 in
218 5404 267 5461 illa
277 5422 390 5462 summa
404 5412 432 5462 et
447 5407 620 5462 immutabili
643 5407 767 5462 essentia
781 5408 857 5480 quod
872 5415 916 5464 cst
936 5409 1019 5477 Deos,

176 5509 238 5550 non
252 5495 374 5551 Pateret
387 5495 645 5568 FiliusetSpiritus
668 5502 781 5553 sanctm
796 5502 872 5566 sunt,
895 5498 945 5553 ssd
969 5499 1021 5553 Pa-

1071 4523 1168 4594 gentia
1184 4541 1276 4594 perse
1290 4524 1334 4577 sui
1350 4524 1491 4591 meminit,
1515 4524 1564 4578 sed
1590 4539 1639 4595 per
1664 4523 1835 4579 memoriam
1853 4541 1861 4579 ε
1880 4524 1919 4577 sic

1072 4618 1100 4666 et
1113 4612 1226 4667 dilectio
1238 4612 1299 4666 sine
1315 4613 1455 4667 memoria
1471 4614 1512 4666 vel
1526 4612 1718 4682 intelligentia
1733 4628 1792 4665 non
1804 4613 1917 4683 diligit;

1072 4700 1183 4756 sublato
1202 4717 1328 4772 namque
1352 4701 1501 4755 intellectu
1527 4717 1586 4755 non
1610 4705 1652 4754 est
1685 4701 1763 4772 quod
1782 4701 1925 4755 memoria

1072 4790 1208 4856 retineat,
1234 4796 1263 4845 et
1290 4790 1402 4844 sublata
1423 4791 1562 4844 memoria
1581 4789 1697 4844 dilectio
1721 4789 1792 4843 nihil
1819 4789 1922 4844 memi-

1073 4877 1425 4950 nit3quaderedilectio
1441 4879 1502 4948 jam
1531 4895 1589 4932 non
1619 4879 1682 4945 erit,
1708 4894 1773 4932 cum
1804 4894 1863 4932 uon
1890 4879 1957 4932 sit.

1074 4965 1418 5038 quoddiligat,veln011
1442 4967 1607 5021 meminerit
1633 4983 1690 5037 quo
1716 4983 1746 5019 se
1771 4966 1923 5021 diliundat.

1073 5055 1117 5110 Sic
1129 5054 1219 5126 igitur
1247 5055 1302 5109 ista
1326 5055 1381 5109 tria
1402 5061 1431 5109 et
1461 5056 1545 5109 simul
1575 5060 1652 5121 suut,
1669 5060 1696 5108 et
1720 5070 1755 5107 ex
1785 5056 1925 5109 alterutro

1076 5148 1242 5209 nascuntur,
1256 5149 1284 5197 ct
1308 5144 1367 5198 suis
1386 5143 1493 5198 linibus
1514 5144 1740 5215 distinguuntur,
1772 5149 1800 5197 et
1825 5151 1926 5198 mutuo

1074 5233 1179 5287 suimet
1193 5232 1381 5303 indigentiam
1394 5233 1510 5288 hahent.
1533 5252 1546 5285 o

1109 5320 1164 5376 Sed
1179 5337 1237 5375 non
1257 5321 1359 5377 eodem
1379 5322 1464 5376 inodo
1487 5328 1585 5376 sancta
1607 5322 1728 5377 Trinitas
1754 5320 1925 5389 aestimatur,

1074 5409 1255 5466 sicutdoctor
1269 5411 1324 5466 iste
1342 5411 1513 5467 venerabilis
1536 5411 1672 5465 insinuat.
1704 5412 1751 5465 list
1770 5409 1851 5465 enim
1875 5411 1928 5466 Pa·

1074 5501 1118 5553 ter
1132 5505 1160 5554 et
1179 5499 1267 5555 Filius
1287 5506 1315 5555 et
1333 5499 1455 5572 Spiritus
1483 5505 1598 5555 sanctus
1622 5502 1681 5554 tota
1705 5499 1841 5568 Trinitas,
1866 5504 1928 5555 tan·
