3930 6098
107 257 156 310 951
188 243 195 257 ’

108 384 227 439 Fervere
240 387 273 438 ut
286 381 399 437 miraris
413 397 482 452 apes
493 397 545 452 per
560 386 651 452 prata,
667 399 718 452 per
731 383 829 438 hortos

107 473 182 544 Erga
195 486 355 543 purpureos
367 469 462 536 flores,
478 487 510 525 ac
524 486 641 540 carpere
658 487 755 526 morsu

108 559 189 622 Onod
202 559 326 612 referant
338 557 459 628 pedibus
473 574 539 612 cara
553 559 588 612 ad
604 559 743 629 praesepia
758 559 862 613 curvis.

109 650 171 703 Non
185 663 265 702 secus
280 647 331 700 has
349 646 444 701 videas
459 653 558 717 gentes
573 647 705 701 insistere
719 648 861 716 Amando,

108 736 266 807 Conspicuo
281 734 355 802 flori,
372 735 475 805 hyeme
490 741 576 806 atque
591 740 687 788 aestate
701 735 823 802 virenti;

109 826 170 890 Quo
181 829 391 878 sacrosanctum
407 825 519 877 valeant
533 822 674 892 baptisma
688 823 804 887 referre,

108 913 312 982 virtutumque
327 913 415 982 dapes
428 917 461 965 ut
470 911 564 965 dulcia
577 912 663 965 mella
678 918 837 983 reportent,

109 1001 177 1065 Quis
193 1001 292 1056 mundi
307 999 444 1053 Dominus
459 1000 596 1069 praedulci
611 1001 736 1070 pascitur
751 1001 865 1055 haustu.

111 1090 187 1144 Fana
199 1088 302 1142 dehinc
317 1104 404 1141 vacuo
420 1088 565 1165 nudantur
579 1089 688 1141 honore
704 1089 832 1159 profana,

109 1178 285 1247 illorumque
300 1176 415 1241 cadunt,
433 1192 558 1247 quorum
571 1193 684 1231 crevere
699 1178 806 1232 labore.
912 1203 918 1217 ·

110 1264 179 1320 lude
196 1264 244 1319 ubi
258 1264 324 1318 fena
335 1267 431 1330 ruunt,
448 1265 489 1319 vir
504 1271 616 1319 sanctus
632 1265 741 1335 templa
751 1266 904 1338 reformat,

113 1352 244 1408 Basilicas
259 1357 384 1406 statuens
398 1356 427 1407 et
441 1354 563 1407 claustra
577 1353 820 1408 monasteriorum
834 1371 842 1422 ;

112 1439 265 1495 Perfidiam
280 1438 347 1493 fidei
362 1440 511 1493 contundit
525 1441 657 1493 acumine
671 1440 737 1494 lldo.

114 1528 136 1583 0
149 1543 236 1599 quam
251 1542 356 1597 magna
370 1527 430 1581 viro
443 1543 575 1581 concessa
589 1533 631 1580 est
646 1527 738 1597 gratia
749 1527 841 1597 justo,

113 1614 298 1686 llultiplicem
315 1615 420 1668 meruit
434 1615 558 1668 fructum
572 1616 621 1685 qui
636 1615 766 1685 germine
782 1617 816 1672 ab
834 1617 910 1672 unol

113 1704 208 1758 Incola
221 1702 333 1757 vivifico
348 1706 476 1756 sacratur
489 1703 568 1757 fonte
583 1719 746 1770 renascens,

113 1792 252 1846 Praelara
267 1792 397 1845 Ecclesia
412 1793 557 1862 praecelsae
574 1792 679 1846 moenia
693 1798 823 1863 surgunt.

113 1879 190 1933 Felix
205 1879 253 1933 ille
266 1879 370 1944 obitus,
386 1879 577 1950 moriturque
592 1880 718 1950 plurima
732 1881 833 1950 pestis;

114 1968 170 2023 Sed
183 1972 280 2022 tamen
295 1967 344 2022 illa
360 1968 437 2022 salus
455 1969 578 2023 multum
594 1968 704 2022 felicior
720 1973 819 2034 exstat,

114 2056 175 2120 Qua
190 2061 325 2127 surgente
340 2072 397 2111 nno
413 2056 510 2126 plures
524 2056 554 2109 in
569 2056 653 2111 corde
669 2063 834 2127 resurgunt.

116 2145 182 2200 lloec
195 2149 247 2213 est,
263 2144 294 2197 ni
307 2143 400 2212 fallor,
416 2144 499 2198 celsae
514 2145 635 2198 mutatio
650 2144 766 2199 dextrae.

114 2232 220 2289 Crescit
234 2248 315 2286 amor
325 2232 436 2300 Sancto,
450 2232 566 2287 laudum
580 2232 733 2287 celebratio
749 2232 872 2303 Christo,

117 2321 204 2392 CuJ'us
218 2321 249 2375 in
265 2321 372 2375 auxilio
388 2321 457 2375 dum
472 2320 589 2374 verbum
605 2321 741 2392 praedicat
755 2322 833 2375 omni

116 2411 149 2464 ln
164 2409 282 2480 populo,
298 2409 430 2463 foecunda
442 2424 522 2478 seges
538 2409 572 2463 de
587 2411 694 2479 cespite
709 2425 839 2480 surgens,

117 2497 222 2552 Reddit
237 2496 427 2566 centuplicem
444 2496 581 2550 virtutum
596 2497 727 2565 gramine
742 2498 865 2567 frugem.

154 2587 179 2637 5.
195 2584 232 2638 Te
254 2598 348 2652 neque
371 2583 535 2652 apostolica
559 2599 706 2653 nunquam
720 2590 840 2654 purgata
860 2585 962 2654 securi,

116 2676 157 2727 Ac
171 2671 237 2726 fidei
253 2670 346 2736 sulcis,
364 2670 422 2725 ullo
438 2687 531 2742 neque
547 2687 664 2726 vomere
682 2673 768 2738 culta,

117 2759 306 2814 Pertransisse
322 2759 415 2813 virum
432 2759 536 2824 doleas,
553 2760 695 2815 Sclavinia
711 2762 808 2815 tellus.

119 2848 197 2901 Sicut
210 2863 295 2901 avaro
310 2847 416 2901 etenim
433 2863 498 2901 cum
516 2853 595 2902 muta
612 2849 734 2919 pecunia
747 2850 857 2918 crescit,

119 2935 226 2991 Crescit
244 2951 336 3005 amor,
355 2951 557 3006 summamque
573 2937 678 2991 famem
693 2939 846 3010 completio
861 2940 964 3011 gignit,

117 3024 162 3079 Sic
177 3023 232 3089 hic,
247 3023 270 3077 si
282 3023 364 3077 liceat
376 3023 461 3078 fatuis
474 3024 603 3079 conferre
617 3025 753 3096 benigna,

119 3113 260 3175 Crescere,
276 3127 334 3182 quo
350 3112 448 3177 crevit,
465 3112 604 3167 virtutum
621 3113 700 3167 lucra
714 3113 856 3170 honarum

24 3232 25 3236 κ
120 3200 305 3255 accumulare
319 3215 433 3270 parans,
447 3206 475 3254 et
490 3202 602 3255 avarior
616 3201 740 3272 amplius
755 3208 875 3257 exstans.

119 3288 251 3343 Partibus
266 3291 294 3341 et
309 3287 405 3342 multis
421 3303 487 3342 cum
500 3304 598 3359 sparso
617 3289 728 3343 semiue
743 3290 824 3344 verbi

118 3376 254 3446 Surgeret
268 3375 336 3429 hinc
351 3379 437 3446 atque
450 3375 517 3430 hinc
532 3376 655 3430 feliciter
669 3377 774 3447 inclyta
791 3379 901 3445 messis,

119 3463 265 3534 Comperit
279 3463 409 3516 astrictos
424 3464 536 3518 Sclavos
554 3480 650 3518 errore
667 3465 775 3519 inimici
792 3483 798 3520 :

118 3552 179 3614 Quo
195 3566 224 3604 se
240 3549 410 3620 martyrium
426 3567 477 3622 pro
493 3551 604 3606 Christo
621 3569 704 3622 posse
718 3554 823 3609 mereri

119 3637 270 3693 Confidens
286 3637 415 3705 Sanctus,
432 3639 581 3709 glacialem
595 3642 708 3697 transiit
722 3651 735 3676 ⁸
750 3643 862 3698 istrum.

119 3727 222 3797 lncipit
237 3730 266 3780 ct
278 3725 376 3796 glebas
390 3727 469 3781 durae
482 3728 667 3799 proscindere
682 3737 777 3797 terrae,

118 3816 186 3871 lude
200 3815 346 3885 Evangelii
362 3832 459 3870 semen
477 3817 618 3889 dispergit
635 3819 754 3888 ubique,

119 3906 173 3958 Per
186 3904 257 3970 loca,
274 3919 383 3974 perque
397 3903 506 3971 domos,
519 3921 569 3975 per
581 3921 647 3958 rrrrn
661 3910 690 3960 et
699 3906 822 3978 compita
834 3908 964 3978 Jactans3

119 3991 222 4046 Fundit
236 4007 326 4062 aquas
340 3990 421 4045 siccis
436 3993 546 4061 superis
563 3993 598 4048 de
613 3994 741 4048 fontibus
757 3995 842 4063 arvis,

119 4079 263 4149 Suggerit,
278 4078 417 4148 immittit,
434 4080 589 4148 concludit,
606 4081 753 4152 compluit,
770 4082 869 4136 ambit.

87 4239 89 4244 η
119 4167 163 4220 Nil
178 4167 252 4220 facto
267 4171 406 4237 superest,
423 4168 499 4237 quod
515 4168 634 4238 dignum
651 4169 740 4236 duxit,
757 4170 912 4240 agendum.

118 4255 145 4308 ls
159 4257 257 4308 tamen
271 4257 305 4308 ut
318 4260 443 4324 segetem
457 4255 543 4325 pleno
559 4272 617 4310 non
632 4257 762 4327 gramine
780 4257 852 4311 votis

119 4342 302 4412 Responderc
316 4342 393 4396 videt
408 4342 543 4413 propriis,
561 4360 730 4416 cassumque
744 4345 871 4400 lahorem

118 4430 153 4484 Se
166 4429 240 4483 saxis
256 4428 361 4484 inferre
376 4430 484 4497 dolens,
500 4431 611 4486 resilire
626 4436 783 4486 retrorsum

119 4518 244 4573 Cernens
256 4518 442 4589 conspicuum
453 4518 563 4574 ferrum
577 4521 713 4574 sulcantis
729 4521 830 4587 aratri,

117 4607 172 4661 Per
186 4621 366 4676 vacuumque
380 4611 462 4661 tuens
479 4606 508 4660 in
523 4607 614 4677 spinis
629 4623 759 4678 quarere
774 4623 906 4676 messem,

119 4693 302 4765 llartyriique
315 4693 394 4764 piam
408 4711 461 4749 nec
475 4695 601 4766 palmam
618 4697 760 4766 prendere
774 4712 875 4766 posse,

117 4782 161 4837 Ad
172 4781 305 4853 proprias
318 4783 425 4837 iterum
440 4783 553 4838 Christo
568 4789 611 4838 est
626 4784 779 4839 eomitante
793 4801 924 4839 reversus

117 4871 217 4925 Pastor
230 4875 257 4925 et
271 4886 363 4941 agnus
376 4887 452 4939 oves,
468 4872 564 4926 ovium
579 4872 637 4926 dux
651 4873 712 4943 ipse
726 4887 859 4939 suarum;

118 4959 159 5013 Ne
173 4965 271 5014 tamen
285 4959 428 5013 incassum
441 4963 534 5014 tantos
550 4960 656 5014 fudisse
669 4961 781 5015 labores

117 5047 268 5114 Poeniteat,
284 5047 461 5118 longumque
479 5048 534 5102 iter
546 5054 734 5120 properanter
747 5048 848 5102 adisse.

151 5178 164 5203 ⁸
176 5169 207 5223 Id
223 5172 265 5222 est
279 5168 451 5224 Danrrbinm.
465 5170 504 5224 lie
514 5170 617 5225 Sclavis
631 5186 717 5241 supra
732 5174 838 5224 actum.

151 5238 288 5304 bllarka,
317 5239 505 5294 Teutonicum
535 5241 717 5309 vocabulum,
744 5241 864 5295 limitem
894 5255 962 5311 pro·

115 5309 216 5364 vinciae
230 5308 373 5380 significat
390 5327 396 5364 :
414 5310 490 5381 quod
506 5311 612 5381 saepius
624 5310 729 5382 legitur
743 5311 773 5364 in
784 5311 886 5365 huual.
900 5311 963 5365 Ful-

116 5378 194 5431 dens.
221 5395 282 5434 aevo
302 5379 412 5434 llilonis
437 5381 551 5451 seriptis
575 5397 581 5435 :
607 5382 740 5436 videlicet
763 5382 799 5435 ad
822 5397 868 5435 an.
897 5384 961 5448 788,

117 5447 327 5525 821.861,etc.
351 5451 432 5515 Quod
454 5451 622 5506 vocabulum
644 5457 794 5506 extensum
816 5451 850 5505 ad
872 5456 961 5506 totam

117 5512 257 5575 ditionem
272 5521 314 5575 vel
329 5521 507 5592 provinciam
528 5521 744 5592 significandam
759 5537 766 5575 2
782 5521 848 5576 binc
863 5521 961 5592 plnres

705 232 860 311 'ursolus
879 254 1036 312 uonecur
1056 253 1082 310 s.
1101 254 1238 310 aarum
1804 256 1846 310 su

973 385 1066 441 ANec
1081 384 1206 456 quivisse
1219 383 1356 455 aliquem,
1371 383 1415 438 vel
1432 398 1563 453 parvum,
1580 397 1696 438 sumere
1715 383 1844 452 fructum

1008 474 1132 528 Paucula
1147 488 1237 543 grane
1250 473 1349 543 legens
1364 472 1527 527 coelestibus
1542 472 1649 528 indidit
1663 471 1782 527 horreis.

1045 601 1070 652 o.
1093 600 1130 652 Te
1155 613 1280 668 quoque,
1297 601 1393 651 sancte
1413 597 1506 664 Sator,
1527 596 1597 651 dum
1616 612 1672 651 nos
1690 596 1843 652 comitamur

1683 684 1815 758 [euntem

1010 777 1101 846 Atque
1116 779 1197 828 tuum
1213 774 1363 845 sequimur
1377 774 1489 829 felicem
1504 774 1630 828 carmine
1644 789 1771 841 cursum,

1010 866 1145 935 Ignotum
1160 863 1315 917 transimus
1328 862 1393 930 iter,
1411 878 1543 916 sermone
1558 867 1701 929 meantes,

1011 954 1073 1018 Quo
1090 951 1187 1005 nullus
1202 951 1306 1005 missus
1319 951 1437 1006 milleno
1452 967 1485 1005 ex
1500 951 1615 1022 agmine
1630 952 1729 1005 lesum

1012 1039 1156 1094 Vivifrcam
1170 1039 1240 1109 jecit
1254 1055 1342 1094 cornu
1356 1043 1492 1094 curvante
1505 1038 1650 1109 sagittam.

1012 1130 1075 1184 Non
1089 1131 1200 1196 Petrus,
1216 1128 1321 1183 Paulus
1336 1143 1430 1199 neque
1445 1126 1665 1182 seminiverbius
1680 1127 1756 1194 olim,

1013 1216 1132 1286 Propter
1143 1231 1215 1286 opus
1228 1214 1343 1268 solitum
1361 1214 1455 1268 veraci
1470 1230 1567 1268 errore
1583 1218 1709 1269 vocatus.

1013 1304 1101 1357 Nemo
1116 1303 1188 1356 alius
1203 1302 1305 1356 validis
1318 1317 1486 1373 quanquam
1501 1301 1628 1356 confisus
1646 1301 1674 1355 in
1691 1303 1773 1356 armis

1013 1390 1127 1461 Cupidis
1143 1389 1277 1444 eximiam
1291 1390 1409 1460 jactavit
1422 1405 1544 1443 acumen
1559 1388 1697 1443 inillam.

1012 1479 1160 1534 Servatum
1182 1478 1296 1532 tibimet
1312 1477 1362 1532 sed
1385 1478 1439 1531 hoc
1461 1480 1619 1542 certamen,
1635 1477 1773 1543 amande,
1787 1482 1832 1531 est:

1012 1569 1132 1638 Quoque
1144 1568 1216 1637 jugo
1231 1566 1317 1636 Regis
1330 1566 1444 1636 regidos
1459 1581 1519 1620 non
1534 1565 1659 1619 subdere
1675 1565 1768 1636 quisti,

980 1679 999 1732 B
1014 1654 1063 1708 llle
1078 1669 1159 1708 amor
1174 1655 1234 1707 heac
1247 1652 1357 1719 tenuit;
1375 1653 1437 1706 baec
1450 1652 1531 1706 duxit
1545 1653 1669 1706 honesta
1680 1653 1804 1706 voluntas.

1015 1743 1161 1807 Quatenus
1174 1741 1210 1796 ad
1227 1741 1381 1795 Dominum
1395 1741 1527 1811 perfusus
1542 1740 1620 1795 fonte
1634 1740 1743 1794 cruoris

1015 1831 1112 1884 Victus
1127 1835 1221 1885 morte
1239 1830 1365 1901 quidam,
1381 1829 1431 1885 sed
1447 1830 1535 1885 victor
1548 1844 1649 1883 amore
1662 1830 1774 1884 redires.

1015 1919 1112 1983 Qualis
1127 1917 1199 1972 forte
1214 1922 1295 1972 tuum
1312 1917 1382 1971 texit
1396 1918 1555 1971 constantia
1569 1917 1688 1989 pectnsl

1016 2006 1114 2072 Qualis
1126 2012 1155 2060 et
1169 2006 1307 2060 invictum
1321 2005 1449 2060 retinens
1467 2005 1586 2060 audacia
1600 2007 1690 2059 robur

1017 2094 1093 2149 Fecit
1105 2094 1135 2148 in
1149 2095 1278 2165 ignotam
1293 2094 1441 2165 regionem
1456 2095 1575 2148 tendere
1590 2093 1742 2164 gressum?

1018 2184 1057 2236 lie
1073 2198 1128 2253 qua
1143 2198 1196 2252 pro
1211 2182 1295 2237 donis
1308 2183 1462 2237 veniebant
1475 2183 1596 2236 vulnera
1612 2182 1736 2248 Francis,

1018 2271 1077 2324 Rex
1092 2271 1197 2341 quibus
1211 2287 1358 2326 armornm
1374 2271 1467 2326 valido
1486 2270 1647 2325 munimine
1662 2274 1757 2342 septos

1016 2361 1107 2429 Terga
1122 2359 1209 2414 dabat
1224 2359 1337 2430 fugiens
1353 2360 1459 2413 Franco
1475 2359 1630 2413 comitante
1645 2358 1748 2421 feroce,

1018 2448 1060 2500 Tu
1073 2446 1148 2501 socio
1163 2447 1224 2500 sine
1240 2449 1253 2490 b
1271 2447 1371 2501 marka
1385 2455 1395 2481 ⁰
1409 2446 1558 2517 clusasque
1573 2447 1688 2501 ruebas.

1018 2535 1072 2590 Sed
1084 2534 1155 2589 mihi
1171 2550 1264 2606 parce,
1276 2550 1388 2605 precor,
1406 2535 1483 2605 qood
1497 2534 1626 2589 servulus
1641 2533 1732 2588 audeo
1742 2531 1834 2603 supplex
1878 2596 1880 2617 Ι

1018 2624 1190 2694 Suppliciter
1205 2627 1297 2677 tecum
1315 2623 1466 2694 querulam
1481 2622 1611 2677 conferre
1628 2622 1779 2694 loquelam.
1878 2628 1880 2647 ²

1019 2716 1057 2765 Ac
1072 2712 1166 2766 votiva
1181 2711 1223 2765 tui
1238 2711 1331 2766 devoti
1347 2711 1451 2765 sumito
1468 2715 1543 2778 vota,

1019 2800 1087 2854 lude
1103 2800 1259 2870 palatinam
1274 2800 1341 2870 quia
1357 2816 1433 2853 nunc
1448 2800 1590 2853 intramus
1603 2797 1636 2851 in
1651 2798 1757 2863 aulam,

1020 2889 1149 2959 Respice,
1164 2888 1276 2957 Sancte,
1296 2904 1397 2959 precor
1412 2903 1458 2941 me
1480 2903 1556 2941 nunc
1571 2886 1724 2940 miseratus
1737 2888 1834 2940 euntem

984 2954 1005 3009 C
1022 2978 1117 3048 Dirige
1130 2981 1160 3030 tn
1177 2978 1329 3043 calamum,
1345 2992 1381 3030 ne
1396 2980 1511 3046 promat
1525 2975 1636 3041 inania,
1653 2979 1788 3039 nostrum,

1020 3067 1069 3130 Ne,
1086 3067 1155 3120 dum
1173 3065 1225 3119 rite
1241 3071 1306 3120 tuos
1319 3066 1451 3136 cupimus
1466 3080 1583 3119 narrare
1596 3063 1767 3133 triumphos,

1020 3153 1133 3208 Offensa
1145 3154 1272 3208 inveniat
1285 3154 1390 3224 regalis
1407 3154 1486 3225 virga
1500 3153 1654 3218 locellum,

1022 3245 1081 3297 lluc
1095 3242 1221 3296 fraterna
1235 3243 1336 3296 cohors
1355 3242 1487 3313 precibus
1501 3256 1640 3296 concurre
1655 3239 1775 3294 canenti.

1056 3386 1082 3436 7.
1101 3383 1159 3437 Rex
1173 3383 1348 3454 [lagobertus
1363 3387 1433 3450 erat,
1451 3383 1637 3447 Francorum,
1657 3385 1687 3434 et
1701 3379 1764 3451 jura
1781 3383 1834 3430 tene

1020 3469 1073 3524 Sed
1086 3471 1212 3525 tumidus
1228 3471 1320 3541 rigida
1337 3471 1460 3542 populos
1476 3469 1587 3524 ditione
1602 3467 1759 3539 premebat,
1777 3465 1833 3536 lbet:

1021 3556 1132 3628 Quique
1148 3559 1293 3629 potestatis
1308 3559 1474 3629 praecellens
1483 3556 1611 3611 culmine
1625 3561 1751 3619 cunctos,

1021 3643 1074 3709 Qui
1091 3650 1155 3700 ante
1170 3647 1264 3717 ipsum
1281 3651 1424 3718 sceptrum
1440 3649 1556 3716 gentem
1572 3649 1693 3699 tenuere
1708 3658 1756 3714 per
1767 3641 1830 3699 itum

1020 3733 1201 3804 Principibus
1216 3734 1316 3800 durus,
1332 3733 1408 3788 vitiis
1422 3734 1567 3804 subjectus
1580 3733 1725 3798 alumnus,

1020 3820 1151 3891 Turpiter
1166 3821 1287 3875 obsceno
1300 3821 1369 3875 luxu
1384 3822 1542 3875 maculatus
1557 3820 1666 3891 ubique

1021 3908 1151 3962 Infusum
1165 3909 1282 3963 Veneris
1297 3909 1429 3980 portabat
1444 3909 1473 3962 in
1489 3909 1601 3963 ossibus
1616 3908 1722 3979 ignem.

1022 3997 1061 4050 Ne
1074 4000 1170 4051 tamen
1186 3997 1216 4051 in
1233 4012 1324 4051 messe
1339 3998 1391 4050 hac
1406 3997 1494 4068 spinae
1507 3996 1692 4067 compunctio
1704 3995 1791 4064 surgat

1020 4087 1060 4138 Ac
1074 4090 1198 4153 eoeptum
1214 4086 1348 4156 deturpat
1362 4101 1444 4156 opus,
1465 4085 1606 4138 caussatio
1623 4089 1723 4148 cesset,

1022 4172 1084 4226 Non
1098 4173 1164 4227 tulit
1177 4173 1230 4228 hos
1244 4172 1409 4243 similesque
1425 4173 1527 4227 modos
1540 4173 1703 4227 constantia
1717 4166 1788 4225 nostri

984 4259 1175 4327 DPontifrcis,
1194 4260 1346 4331 querulam
1359 4261 1406 4314 sed
1424 4260 1564 4331 prompsit
1579 4266 1658 4315 mota
1671 4257 1799 4332 loquelam

1022 4353 1077 4406 Nec
1090 4350 1187 4404 timuit
1200 4349 1326 4404 renitens
1340 4348 1407 4404 saevi
1424 4348 1570 4403 mucronis
1584 4363 1720 4414 acumem

1020 4439 1050 4493 ln
1067 4438 1164 4492 multis
1177 4436 1276 4491 didicit
1289 4435 1357 4507 quia
1373 4436 1464 4490 victor
1476 4435 1565 4490 fidere
1582 4435 1679 4500 bellis;

1020 4526 1076 4579 Nec
1090 4524 1216 4594 pavitare
1229 4524 1323 4577 ferum
1338 4526 1452 4576 terreno
1468 4522 1498 4576 in
1513 4522 1590 4592 Rege
1605 4521 1740 4584 furorem,

1020 4613 1110 4677 Ouem
1125 4611 1169 4665 his
1185 4626 1352 4681 aggressum
1368 4609 1479 4663 studuit
1494 4609 1609 4680 pulsare
1624 4605 1757 4679 loquelis:

1019 4700 1131 4754 Scilicet
1143 4698 1245 4753 veterni
1263 4698 1287 4752 si
1302 4697 1404 4752 limina
1419 4701 1539 4767 tangere
1554 4694 1638 4765 regni

1019 4787 1147 4853 Curaret,
1164 4785 1283 4840 meliora
1298 4801 1357 4839 sum
1370 4784 1540 4839 commercia
1556 4783 1623 4837 vitre

1018 4874 1143 4929 Crimine
1157 4876 1268 4927 semoto
1282 4872 1385 4937 facere,
1403 4886 1438 4925 ne
1453 4870 1527 4925 forte
1543 4870 1676 4941 repulsus

1017 4958 1048 5011 ln
1064 4959 1148 5013 cbaos
1164 4957 1270 5012 inferni
1285 4959 1425 5013 scelerum
1447 4961 1591 5011 tormenta
1605 4956 1720 5011 subiret

1018 5046 1049 5099 Et
1064 5045 1132 5117 quia
1146 5050 1214 5099 sunt
1228 5046 1338 5100 stimuli
1350 5045 1494 5115 justorum
1511 5043 1597 5098 verba
1611 5039 1751 5113 malignis,

1017 5167 1129 5231 llarkae,
1156 5184 1206 5221 seu
1231 5169 1330 5221 llurcae
1347 5166 1378 5221 in
1398 5165 1551 5223 Germania
1574 5169 1603 5219 et
1621 5165 1721 5230 ltalia;
1740 5165 1765 5217 et
1780 5158 1827 5211 Pit·

1015 5239 1081 5293 fecti
1097 5238 1239 5293 limitanei
1253 5237 1368 5292 llarkisi
1382 5244 1411 5292 et
1425 5237 1599 5292 llarchiones
1615 5236 1695 5290 dicti.
1763 5303 1768 5310 ¹

1051 5310 1160 5366 ‘Clusa
1188 5313 1254 5362 sunt
1282 5308 1421 5378 angustiae
1450 5309 1593 5373 adituum,
1624 5321 1691 5377 quae
1715 5306 1832 5374 regionem

1016 5379 1201 5503 aperiungfipt·
1213 5379 1361 5503 {dandusst'
1386 5380 1476 5503 Apupc
1491 5375 1750 5501 Egirplpppglsuppupps
1758 5367 1836 5496 Apin&

1014 5466 1117 5586 dudi,
1133 5463 1678 5589 ,usiahierimit-diffamata
1687 5487 1812 5588 patiar.
