3930 6098
111 259 164 314 495
723 273 726 284 ·
801 253 929 311 hLVth
943 253 1183 311 coenheausls

111 395 251 451 terribilia
269 393 327 462 ille,
352 390 482 462 quihus·
506 389 648 460 Egyptum
671 387 813 460 percussit
827 388 956 460 potentia
973 391 1181 457 Aconspectum
1208 389 1329 456 gentium
1355 385 1484 440 reoeiuoit
1513 384 1655 455 justitiam
1679 399 1758 440 suam

112 484 251 539 inaudita.
271 481 371 536 Sedet
396 477 589 532 contumacias
612 482 722 531 vestras
744 475 854 531 ibidem
883 475 957 546 legi·
1014 475 1109 542 εενιι),
1145 473 1222 544 quod
1258 476 1300 525 est
1330 472 1470 527 Christus.
1506 471 1661 543 lmpletum
1705 477 1749 527 est

111 589 186 635 mus,
203 568 433 640 etquotidicvos
450 566 593 637 gemimus
616 571 646 620 et
664 565 803 620 dolemus.
828 565 881 619 Vos
892 580 958 618 vero
1014 562 1089 629 quod
1109 561 1195 615 David
1222 560 1312 613 multo
1340 565 1406 613 aute
1437 567 1566 630 tempore
1592 561 1716 616 cecinit:
1744 562 1764 618 d

111 654 343 712 nonsolumilla
363 669 438 707 nunc
454 652 534 707 oblili
554 651 635 722 estis;
652 665 749 704 verum
773 650 861 704 etiam
890 655 959 703 tunc
1013 654 1121 704 scantur
1150 653 1176 702 et
1205 653 1396 703 convertentur
1422 648 1459 702 ud
1483 651 1626 703 Dominum
1648 651 1764 705 uniuersi

110 744 262 815 pronihilo
282 746 496 798 contemnentes
517 739 648 796 duxistis.
665 740 736 793 Nam
760 739 810 793 illu
828 739 957 808 vestigia,
1013 741 1102 803 terrm
1126 742 1152 792 et
1174 737 1329 792 adorabunt
1350 739 1381 791 in
1402 744 1544 807 conspectu
1566 739 1624 807 eius
1646 752 1736 794 omnes
1761 762 1764 810 2

109 829 644 904 quaesiccomarepcdecalcaverunt‚
662 832 809 882 morante
835 825 957 881 vitulum
1013 829 1135 893 centium
1146 827 1228 895 (Psoi.
1245 840 1301 890 xxi,
1317 828 1373 897 28).
1398 826 1484 880 lsrael
1512 842 1623 894 sumus,
1647 828 1696 898 qui
1730 828 1764 883 Ιι

108 921 273 994 plaudendo
292 921 468 975 saltaverunt
483 920 504 972 b.
523 917 554 971 Et
578 916 693 972 mimice
717 917 832 971 llnxus⁰
852 930 957 986 corpo·
1014 914 1083 969 oiim
1111 915 1256 969 vobiscum
1281 916 1517 985 exspectavimus.
1552 915 1607 970 Sed
1633 915 1682 969 ubi
1711 915 1764 987 plat

109 1027 175 1065 rum
200 1010 354 1074 imitantes,
380 1022 448 1061 uoce
467 1022 532 1061 vere
562 1021 621 1060 non
650 1006 769 1073 excelsa,
791 1003 840 1060 sed
864 1019 959 1058 mersa
1012 1003 1244 1074 gentiumvcnit,
1260 1004 1434 1074 populorum
1451 1003 1675 1073 agmiuacrerit.
1692 1005 1726 1059 Et
1742 1003 1764 1058 ir

108 1098 251 1154 cantavit:
268 1099 306 1152 Hi
319 1100 382 1152 sunt
396 1095 438 1150 dii
450 1097 499 1162 tui,
524 1095 624 1164 Israel,
641 1096 690 1164 qui
706 1094 858 1149 educerent
878 1097 903 1148 te
926 1092 959 1146 de
1012 1097 1080 1148 sunt
1104 1092 1320 1147 vaticinantium
1348 1093 1431 1160 dicta,
1465 1093 1534 1163 quia
1554 1092 1647 1164 gloria
1672 1091 1764 1147 Domii

109 1186 304 1254 torcEqupti
327 1182 436 1253 (Euod.
460 1198 500 1248 iu,
531 1181 585 1251 nt).
615 1182 647 1235 Et
674 1181 747 1235 bene
774 1178 958 1251 propheticus
1012 1182 1089 1253 plata
1112 1187 1155 1236 εει
1181 1182 1275 1235 omnis
1301 1186 1386 1234 terra.
1417 1181 1551 1252 Quisquis
1574 1197 1640 1235 vero
1665 1196 1698 1234 ex
1727 1195 1764 1252 ge

109 1273 224 1329 sermo:
249 1275 306 1330 lton
320 1271 449 1327 occidunt
464 1271 496 1324 de
510 1270 590 1325 corde
606 1275 652 1325 tuo
676 1271 779 1324 cunctis
798 1269 891 1323 diebus
914 1270 957 1322 ui·
1011 1271 1077 1325 iesu
1092 1274 1188 1324 nostro
1211 1268 1342 1335 credidit,
1371 1268 1520 1324 confestim
1544 1268 1574 1323 in
1601 1284 1722 1323 numero
1750 1268 1762 1324 l

110 1368 217 1430 tactum,
236 1362 316 1430 dixit,
337 1366 369 1415 ut
384 1376 443 1414 non
465 1358 640 1431 operationis
662 1357 835 1429 signiticaret
854 1371 957 1428 perpe·
1012 1358 1154 1414 transivit.
1176 1361 1208 1412 Et
1232 1362 1264 1412 ui
1289 1359 1367 1429 quod
1383 1359 1446 1412 dico
1474 1357 1587 1412 clariori
1605 1358 1717 1412 firmem
1733 1358 1764 1412 ei

109 1453 192 1504 tuum
216 1465 310 1516 usum,
334 1448 384 1503 sed
409 1453 520 1502 tantum
543 1445 794 1501 rememorationis
818 1443 958 1500 indiceret
1011 1447 1195 1517 temetipsum
1221 1447 1361 1501 misellule
1385 1446 1572 1516 conspirent
1599 1447 1662 1501 ride
1689 1445 1764 1517 quali

110 1542 217 1592 retum.
235 1535 303 1601 Quis
318 1535 564 1602 enim,oinsune,
582 1550 638 1588 non
655 1533 783 1605 qnotidie
795 1533 849 1587 ista
875 1548 957 1586 reco·
1010 1536 1176 1591 iudaeorum
1205 1535 1352 1590 transieris
1380 1536 1461 1589 acie:
1485 1536 1526 1590 ita
1553 1541 1584 1590 ut
1605 1535 1665 1605 jam
1694 1551 1755 1590 non

110 1625 150 1679 lat
164 1625 250 1679 corde
270 1625 343 1678 sicut
361 1623 500 1694 propheta
516 1623 594 1688 dicit,
620 1622 705 1677 etiam
733 1626 761 1677 ei
780 1620 956 1692 erepublica
975 1623 1121 1721 Bputeris
1137 1624 1168 1679 in
1190 1625 1335 1694 gentibus,
1358 1625 1406 1678 sed
1422 1624 1580 1694 applaudes
1603 1630 1632 1678 te
1651 1640 1685 1679 ex
1706 1624 1764 1679 lsra

111 1713 266 1783 designatis
289 1712 367 1767 feriis
386 1712 472 1783 legat,
494 1712 571 1783 quod
597 1711 649 1766 tibi
682 1710 719 1765 ad
741 1710 956 1765 damnationem
1011 1712 1134 1767 existere
1156 1713 1296 1783 germine,
1314 1725 1425 1784 proco
1449 1713 1526 1784 quod
1551 1729 1652 1767 eorum
1681 1711 1764 1767 existi

109 1800 281 1871 cognitum‘¹
300 1801 409 1856 exstat?
1012 1801 1110 1855 saniae.
1138 1800 1282 1872 Quidquid
1302 1802 1381 1855 enim
1399 1801 1469 1855 olim
1494 1801 1701 1872 prophetarum
1725 1808 1764 1855 rat

143 1890 171 1945 l.
198 1890 278 1954 Quod
296 1905 363 1944 vero
388 1896 416 1945 te
446 1888 578 1960 gloriaris
600 1889 695 1959 legem
722 1892 802 1942 tuam
828 1886 957 1942 firmasse
1011 1889 1125 1957 cecinit,
1142 1894 1170 1944 et
1185 1890 1267 1961 quasi
1287 1905 1338 1961 per
1352 1890 1536 1960 sponsionem
1553 1889 1764 1960 promisissem

109 1977 232 2033 verificis
248 1977 438 2033 testimoniis:
455 1978 519 2049 quis
534 1977 620 2032 etiam
636 1975 690 2032 tibi
704 1977 754 2032 nei
781 1991 842 2030 csse
868 1990 957 2045 nega·
1011 1978 1065 2033 bus
1078 1978 1162 2033 nubis
1175 1978 1295 2045 dietum,
1309 1993 1376 2032 nam
1392 1994 1449 2033 non
1465 1980 1637 2049 negantibus
1657 1979 1721 2032 tuit.
1746 1977 1764 2032 E

109 2067 160 2135 vit,
176 2071 208 2121 ut
222 2067 314 2122 diluas
329 2067 407 2139 quod
431 2082 516 2122 nemo
540 2064 663 2136 ubjecit?
683 2064 808 2119 llicimus
834 2063 912 2119 eninr
929 2068 957 2118 te
1011 2067 1072 2121 noli
1087 2066 1183 2121 buccis
1195 2067 1375 2122 tumentibus
1390 2072 1419 2122 et
1433 2068 1532 2122 intlato
1546 2072 1663 2137 gutture
1679 2068 1709 2122 in
1719 2082 1764 2139 prr

109 2156 204 2228 legem
217 2157 368 2227 reprobam
384 2155 580 2226 assumpsisse,
592 2170 651 2209 non
665 2153 742 2226 quod
757 2152 865 2208 tuncin
882 2157 957 2206 tem·
1012 2161 1039 2210 te
1059 2157 1193 2210 extoliere
1206 2155 1256 2210 alti
1282 2156 1389 2220 throni,
1407 2172 1472 2211 cum
1489 2155 1560 2210 scies
1583 2172 1646 2210 mea
1666 2155 1764 2210 omnia

109 2260 181 2315 pora
192 2245 315 2315 reproba
328 2245 391 2311 tuit,
408 2244 456 2299 sed
466 2245 545 2316 quod
556 2243 728 2298 adveniente
734 2242 877 2313 jemluce,
893 2255 956 2295 um·
1011 2248 1061 2298 tua
1076 2260 1146 2299 esse.

109 2331 161 2385 bra
176 2333 305 2387 cessarit.
326 2332 425 2388 Omnis
448 2332 526 2386 enim
551 2332 595 2386 lex
622 2335 684 2401 tua,
707 2331 766 2384 imo
793 2331 858 2401 plus
882 2345 956 2398 mea,
1048 2336 1073 2389 5.
1084 2331 1165 2398 Quod
1180 2337 1277 2388 autem
1300 2334 1352 2402 ais,
1370 2333 1438 2405 quia
1456 2349 1557 2388 omncs
1571 2335 1645 2405 apud
1662 2334 1755 2390 Deum

110 2420 254 2476 Christum
274 2421 435 2489 annuntiat,
466 2419 664 2492 quemcuncti
687 2420 779 2475 iudaei
802 2423 957 2474 venturum
1011 2422 1166 2476 stiltusmtt
1184 2423 1274 2477 situle
1292 2423 1355 2492 (iso.
1384 2438 1410 2490 n,
1438 2425 1491 2491 15),
1512 2428 1540 2477 et
1563 2423 1646 2494 quasi
1671 2438 1764 2477 nona

110 2525 244 2565 essenon
261 2516 377 2578 negant.
394 2509 454 2565 Scis
469 2510 598 2581 prolecto
614 2524 713 2563 omnes
728 2512 806 2562 rutro
833 2508 958 2578 majores
1013 2514 1044 2563 ut
1064 2510 1149 2563 inane
1165 2515 1305 2581 reputatae
1325 2515 1401 2579 sunt,
1428 2511 1518 2565 miror
1538 2516 1564 2565 te
1580 2511 1750 2582 prudentem

111 2603 286 2668 exspectasse
299 2597 439 2665 Messinm,
452 2604 482 2652 ct
502 2597 564 2668 ejus
577 2596 705 2666 quotidie
723 2598 820 2666 patres
844 2600 957 2665 optasse
1011 2602 1069 2652 tam
1103 2598 1229 2654 inaniter
1257 2598 1401 2670 opinasse.
1431 2599 1489 2655 Scis
1513 2599 1652 2670 prolecto,
1686 2599 1755 2672 quia

110 2687 303 2756 praesentiam.
319 2686 398 2751 Quod
416 2686 622 2756 prophetarum
639 2684 703 2738 libri
724 2684 837 2755 publice
861 2683 957 2755 prule·
1012 2688 1102 2741 Deum
1118 2688 1214 2742 nullus
1229 2693 1272 2741 cst
1295 2688 1414 2759 aliquid,
1439 2693 1487 2742 aul
1508 2689 1598 2742 nescis
1611 2689 1686 2759 quod
1715 2690 1764 2760 ilo,¹

110 2781 187 2841 runt,
215 2791 267 2830 nec
296 2776 389 2831 cuncti
418 2776 483 2828 caeci
516 2775 659 2845 ducesque
684 2788 825 2827 cecorum
852 2787 957 2842 negare
1011 2775 1118 2846 seipse
1147 2777 1288 2832 retulerit.
1314 2777 1477 2832 hitenim:
1504 2780 1636 2847 Epusum
1663 2780 1712 2847 qui
1735 2793 1764 2835 eu

108 2869 237 2934 possunt.
254 2863 348 2919 Semel
364 2863 442 2918 enim
457 2864 547 2918 lassus
563 2879 603 2929 es,
624 2878 677 2916 nec
691 2878 796 2933 negare
812 2861 899 2929 vales,
929 2867 956 2916 te
1011 2864 1084 2919 dices
1101 2865 1175 2936 filiis
1197 2866 1283 2921 Israel
1301 2883 1307 2920 :
1325 2866 1379 2931 Qui
1389 2873 1428 2922 est
1452 2869 1528 2921 misit
1542 2883 1582 2921 me
1597 2867 1697 2937 (Ecud.
1722 2883 1765 2935 iu,

109 2951 387 3008 doctorumtuurum
399 2951 576 3022 jussionibus
591 2952 770 3022 compulsum
786 2950 884 3016 luisse,
897 2967 956 3005 non
975 2953 1151 3026 glutelligis
1179 2969 1283 3025 nempe
1310 2970 1368 3026 quo
1395 2955 1494 3009 tendat
1517 2954 1572 3009 isla
1598 2955 1736 3010 narratio.
1761 2957 1764 3010 Σ

108 3040 269 3096 intentione
289 3040 367 3107 fidei,
382 3041 432 3096 sed
457 3041 544 3095 livore
560 3040 697 3112 pertidia,
717 3039 880 3095 facundiam
906 3057 955 3095 ca·
1011 3043 1089 3097 enim
1105 3043 1220 3113 egregia
1240 3049 1268 3097 ει
1282 3043 1438 3114 singularis
1453 3048 1495 3097 est
1516 3044 1570 3097 ista
1588 3045 1658 3110 laus,
1675 3045 1699 3097 si
1714 3058 1764 3099 ess

109 3130 209 3184 ninam
235 3146 285 3184 ore
310 3129 426 3201 vipereo
454 3130 602 3183 subilasse.
630 3129 664 3183 iit
688 3129 752 3183 ideo
780 3129 848 3200 quia
869 3129 957 3183 rerba
1011 3131 1057 3185 cui
1075 3137 1178 3200 preter
1197 3131 1286 3185 Deum
1300 3131 1483 3186 concesseris.
1504 3132 1536 3185 Et
1550 3132 1623 3186 bene
1637 3133 1764 3202 prophet

109 3218 158 3271 tua
172 3232 204 3271 ex
220 3217 313 3271 alieno
328 3217 476 3271 stomacho
506 3216 610 3282 tluunt,
628 3221 657 3269 et
671 3230 731 3269 non
754 3212 887 3280 ductoris,
907 3216 955 3268 sed
1011 3219 1315 3290 contumacissimi
1342 3234 1430 3274 omnes
1451 3219 1517 3290 (lec.
1534 3236 1552 3285 1,
1578 3219 1621 3290 ll)
1640 3220 1764 3276 addidit:

110 3305 257 3375 discipulis
274 3320 436 3375 cognomen
456 3304 576 3372 sortiris,
591 3303 714 3357 libenter
730 3303 817 3358 debes
840 3301 956 3374 perqui·
1011 3312 1039 3361 et
1065 3313 1180 3377 gentem
1210 3309 1394 3362 israeliticam
1423 3308 1453 3361 in
1482 3308 1764 3378 numerocompreiu

109 3393 520 3464 rereproceresSynogogee:
546 3392 645 3446 Utrum
674 3392 727 3445 iste
753 3397 847 3446 noster
874 3392 956 3446 Chri·
1010 3396 1087 3450 enim
1108 3410 1197 3451 omnes
1213 3397 1293 3464 dixit,
1309 3397 1418 3450 nullam
1449 3396 1568 3466 excepit.
1587 3395 1616 3450 Si
1638 3402 1736 3451 autem
1761 3417 1764 3446 ι

110 3486 180 3546 stus,
197 3497 284 3553 quem
299 3486 329 3535 tu
345 3497 395 3536 ore
419 3480 604 3551 spurcissimo
630 3479 707 3534 visus
737 3496 767 3534 es
793 3481 954 3551 derogasse,
1011 3490 1109 3554 gentes
1124 3484 1163 3538 sic
1179 3485 1290 3540 suntin
1310 3489 1464 3556 conspectu
1490 3486 1552 3556 ejus
1575 3488 1656 3554 quasi
1669 3501 1723 3540 non
1747 3499 1764 3540 ε

110 3571 227 3641 qrrandu
241 3571 272 3624 in
289 3570 396 3625 mundo
411 3571 508 3625 lumen
522 3575 565 3623 εει
590 3573 680 3637 ortus,
694 3569 796 3641 uliquis
808 3585 874 3624 cum
889 3570 957 3624 ides·
1010 3575 1091 3642 quusi
1103 3574 1184 3640 nihii,
1211 3579 1236 3628 et
1250 3576 1331 3629 inune
1345 3572 1355 3608 ¹
1368 3578 1541 3644 reputentur,
1558 3573 1587 3628 in
1603 3573 1740 3630 omnibus

111 3659 182 3713 siam
197 3659 376 3729 cognoritex
393 3658 450 3713 illis
466 3658 560 3713 saltim
577 3659 620 3713 vel
635 3657 731 3714 unus?
751 3660 783 3713 Et
804 3663 881 3714 certe
905 3675 955 3713 ne·
1010 3662 1153 3732 gentibus,
1169 3667 1199 3717 et
1220 3663 1307 3717 lsrael
1324 3667 1368 3717 est
1384 3679 1391 3716 ε
1407 3679 1474 3734 ergo
1490 3669 1518 3716 et
1543 3662 1603 3733 ipse
1629 3667 1672 3717 est
1695 3677 1764 3734 quas

110 3763 178 3819 gare
191 3764 247 3803 non
263 3752 382 3819 poteris,
398 3749 476 3820 quod
492 3748 574 3802 multi
601 3748 631 3802 in
658 3763 725 3803 eum
748 3747 893 3803 credidere
922 3763 955 3802 ex
1010 3749 1057 3817 sit,
1082 3756 1110 3804 et
1131 3751 1160 3804 in
1173 3750 1263 3804 nihilo
1279 3757 1366 3822 atque
1385 3751 1472 3806 inane
1487 3755 1645 3821 reputatur.
1663 3751 1700 3806 Et
1714 3751 1764 3806 hee

108 3838 121 3892 J
126 3838 232 3906 udmis;
246 3839 285 3894 ita
299 3845 330 3894 ut
341 3855 392 3911 per
416 3839 533 3894 millena
557 3837 707 3892 hominum
722 3837 871 3908 agminum
904 3853 956 3893 sua
1010 3855 1084 3905 mus,
1098 3843 1130 3893 ut
1145 3845 1239 3894 vestra
1253 3840 1403 3910 frangatur
1413 3840 1556 3910 superbie.
1578 3840 1749 3894 retundatur

108 3942 188 3982 sacra
224 3929 390 3999 disponeret
411 3928 549 3984 convivia.
585 3927 656 3981 Nam
681 3943 740 3981 nun
767 3926 861 3982 solum
894 3928 956 3999 plu·
1009 3926 1097 3981 tionis
1125 3928 1259 3982 versutia.
1286 3929 1428 3983 Ceterum
1457 3928 1576 3984 liberior
1594 3927 1666 3982 mihi
1697 3943 1764 3998 resp

108 4033 164 4082 res,
182 4032 282 4072 rerum
303 4019 390 4071 etiam
412 4033 503 4089 prope
531 4032 631 4070 omnes
655 4015 746 4070 iudaei
772 4014 957 4071 crediderunt
1010 4019 1038 4068 et
1052 4013 1176 4080 brevior,
1202 4016 1260 4070 imo
1276 4017 1382 4071 clarior
1398 4023 1564 4071 exstatzeo
1585 4016 1661 4088 quod
1688 4031 1720 4071 ex
1749 4016 1764 4070 1:

109 4106 138 4159 in
157 4121 233 4160 eum.
260 4107 459 4177 Exspectantes
478 4105 556 4159 enim
572 4104 710 4170 ltessiam,
737 4103 785 4158 aiii
809 4119 956 4175 cognove—
1009 4103 1096 4175 stirpe
1131 4104 1306 4160 descendens
1330 4111 1431 4165 cuncta
1454 4106 1524 4161 mihi
1551 4106 1658 4177 glorier
1682 4105 1764 4172 dicta,

107 4199 176 4247 runt
191 4194 285 4264 ipsum
301 4210 362 4248 esse
380 4193 539 4247 errantium
560 4193 658 4246 viam:
682 4208 767 4263 porro
789 4193 852 4248 aliis
871 4209 955 4247 scan-
1009 4190 1061 4247 tibi
1085 4195 1117 4246 tu
1143 4193 1293 4264 applaudis
1316 4198 1459 4266 excerpta.
1484 4194 1643 4249 Prudenter
1664 4192 1764 4262 incauti

108 4282 167 4336 dali
181 4283 290 4337 exstitit
305 4288 396 4352 petra.
413 4283 445 4336 Et
457 4282 520 4336 ideo
548 4297 605 4336 non
634 4298 686 4335 nos
708 4287 808 4352 gentes
834 4281 955 4338 dicimus
974 4273 996 4327 Ῑ)
1010 4281 1120 4351 conjice
1134 4283 1280 4352 sapienter
1293 4288 1321 4337 et
1341 4299 1441 4354 aequus
1456 4283 1562 4337 arbiter
1576 4288 1645 4338 esto.
1668 4282 1739 4346 Quis

108 4387 179 4438 csse,
205 4370 447 4442 sedlsrael,quia
476 4387 508 4427 er
535 4371 703 4443 ipsastirpe
730 4372 956 4428 israelitica·orti
1010 4368 1121 4423 Israelis
1136 4371 1373 4425 nominecenseri
1389 4377 1431 4425 est
1443 4372 1617 4442 dignusilu
1638 4372 1697 4442 qui,
1728 4376 1761 4426 ut

106 4464 241 4529 parentes
261 4460 329 4514 olim
353 4459 471 4514 luerunt
493 4461 595 4515 nostri.
618 4460 672 4516 Sed
699 4460 747 4515 ubi
775 4460 955 4517 desideratus
1009 4473 1044 4512 ex
1065 4458 1227 4514 idololatria
1250 4461 1285 4514 ud
1301 4461 1407 4514 summi
1423 4461 1473 4515 Dei
1492 4462 1600 4515 cultum
1615 4475 1748 4514 reversus

106 4548 215 4603 cunctis
232 4549 364 4620 gentibus
380 4549 467 4617 venit,
492 4549 568 4604 illico
593 4550 652 4619 jam
675 4549 788 4604 uenisse
813 4551 954 4622 cognovi·
1010 4551 1176 4617 nongente,
1194 4547 1241 4601 sed
1256 4548 1312 4602 tide
1335 4548 1449 4603 Judaeus
1473 4564 1517 4614 es;
1540 4564 1577 4601 an
1601 4563 1656 4618 ego
1680 4547 1762 4620 quie

106 4652 181 4707 mas,
202 4653 289 4709 quem
317 4638 408 4693 multa
434 4654 486 4709 per
510 4646 642 4709 tempora
667 4640 764 4694 uenire
779 4645 864 4695 antea
891 4656 955 4712 pro·
1009 4638 1037 4688 et
1051 4641 1137 4704 gente
1152 4648 1167 4691 s
1182 4635 1317 4690 Hebraeus
1340 4635 1423 4690 sumi
1437 4637 1484 4692 sed
1510 4637 1574 4691 ideo
1597 4638 1711 4692 iudaeus
1732 4653 1764 4692 nc

106 4726 256 4797 phetatum
283 4727 469 4798 perlegimus.
492 4728 634 4783 Conversa
660 4734 702 4783 est
734 4729 812 4783 enim
842 4728 878 4785 ad
901 4745 954 4784 nos
1009 4723 1269 4794 comitianorum
1296 4740 1395 4779 novum
1419 4725 1490 4781 mihi
1520 4726 1686 4796 impositum
1713 4731 1764 4790 ⁰³¹2

105 4814 261 4870 multitudo
283 4815 422 4882 marisci
446 4816 594 4871 diversitas
622 4817 751 4887 gentium
777 4817 812 4871 ad
837 4832 890 4872 nos
912 4822 955 4872 est
1009 4811 1086 4883 quod
1110 4827 1139 4866 οε
1171 4816 1280 4868 Domini
1305 4817 1455 4869 nominauit
1482 4814 1549 4885 (iso.
1581 4830 1647 4883 cru,
1675 4815 1715 4882 i).
1749 4816 1764 4870 li

105 4903 303 4976 reversatum.
328 4904 382 4974 aa).
400 4903 492 4975 Super
511 4922 562 4959 uos
586 4911 666 4960 ortus
681 4911 724 4960 εει
747 4906 896 4977 Dominus,
925 4911 954 4961 et
1008 4901 1092 4955 Pater
1107 4915 1187 4954 meus
1201 4900 1344 4956 ahraham
1357 4909 1409 4969 est,
1427 4903 1494 4974 quia
1515 4902 1638 4974 uiajores
1659 4903 1717 4957 uici
1732 4918 1764 4957 ex

105 4991 199 5047 honor
214 4993 276 5063 ejus
300 4993 330 5046 in
353 5008 406 5047 nos
427 4998 470 5047 est
485 4993 570 5048 visus.
590 4995 623 5050 Et
643 5000 769 5067 pergunt
795 5000 895 5065 gentes
921 4995 951 5050 in
1007 4987 1216 5044 descenderunt
1235 4991 1352 5046 traduce
1375 5008 1381 5046 :
1407 4997 1602 5063 exspectantes
1625 4992 1701 5046 enim
1728 4992 1764 5048 hle

104 5080 595 5150 luminenostrc,etinsplendore
622 5083 823 5138 vultusnostri
853 5084 952 5156 inclyti
1007 5083 1170 5145 venturum,
1187 5083 1214 5132 et
1230 5080 1400 5149 recipientes
1425 5082 1595 5145 uenientem,
1624 5080 1716 5152 magis
1743 5083 1763 5137 il

104 5185 185 5240 reges
198 5189 206 5239 ;
220 5172 288 5242 qnia
303 5174 397 5226 notum
409 5172 476 5238 fecit
497 5170 629 5227 Dominus
643 5173 765 5228 satutare
783 5188 874 5241 suum,
889 5178 953 5229 unte
1006 5165 1111 5221 dentur
1132 5168 1220 5223 lsrflel
1242 5185 1313 5236 ²³³⁰·
1341 5185 1429 5240 <luam
1453 5170 1504 5242 ‘lui
1528 5170 1733 5242 aspectabwi
1756 5189 1764 5226 t

138 5321 151 5345 ⁸
168 5313 230 5379 ids,
248 5330 312 5383 quc.
1040 5324 1051 5350 ⁸
1071 5313 1101 5367 L.
1121 5313 1232 5369 basisti.

138 5383 151 5425 b
169 5383 231 5444 liis..
245 5385 375 5450 calcarit,
392 5385 507 5438 satiauit
1041 5384 1050 5419 ¹
1071 5384 1130 5451 tls,
1149 5388 1178 5438 in
1193 5386 1271 5438 tnnc.

138 5463 148 5485 ⁰
169 5455 197 5507 l..
213 5460 310 5523 iterus.
1041 5468 1056 5510 u
1077 5455 1136 5508 Nic.
1151 5458 1217 5509 Ant.
1236 5457 1253 5508 l.
1271 5472 1309 5516 vi,
1327 5471 1356 5509 u.
1376 5459 1436 5522 tu,
1452 5471 1554 5523 quiere.

137 5524 150 5565 d
170 5524 230 5592 bis,
247 5530 365 5592 counito.
