3930 6098
148 254 202 311 tls

505 247 733 308 utsstueetlo
751 248 785 304 lit
806 248 872 303 ΗΒ.
896 247 941 304 DE
960 245 1126 305 CORPORE
1147 247 1191 304 et
1209 243 1385 302 SANGUlNE
1404 239 1535 298 bottul.

1846 242 1899 294 ito

149 387 298 441 montium
327 388 358 439 et
383 398 414 437 se
435 382 539 438 ultum.
561 380 617 438 Sed
641 378 783 461 ejusmodi
806 378 995 449 objectionem
1014 379 1080 435 eit
1105 385 1148 435 est
1169 394 1272 460 corpus
1293 377 1438 436 Christi.»
1457 377 1526 444 Quis
1545 377 1686 433 tamenin
1709 394 1743 432 eo
1767 376 1899 433 aberrare

1055 453 1192 578 Mirifiii
1206 451 1298 593 iicaagw
1312 523 1363 576 295
1374 519 1443 604 edit.
1464 519 1630 584 amstelod,
1644 521 1695 575 ies
1707 519 1775 574 edit.
1799 519 1901 588 Paris.)

1055 594 1208 651 Corinaeum
1232 608 1293 646 eum
1315 593 1362 676 lice
1376 607 1480 675 priore·
1492 592 1594 646 erroris
1608 592 1697 661 cupite
1716 591 1833 646 elterum
1851 595 1900 673 est,

1054 661 1758 803 ttlitllilttt‘jttlttttt.llt‘attll
1778 677 1905 801 titt

1055 809 1117 860 eliu
1132 807 1261 876 mysterio
1276 805 1380 859 dicitur
1392 820 1436 858 ore
1450 804 1571 870 fidelium
1585 805 1675 871 accipi
1697 807 1728 857 ut
1741 805 1777 857 sit
1797 808 1904 929 πυρίαι-

150 455 282 512 retaliara
296 470 356 510 non
378 397 494 508 diitioile
509 458 563 517 est,
577 466 642 506 oum
656 465 718 520 ipse
740 452 912 506 Rahamnns
926 451 1002 506 dicat

153 526 389 595 sanguinempro
410 525 500 578 salute
521 521 643 577 effusum
656 537 717 575 esse
743 522 906 576 atidelibus
928 537 1001 593 epo·

151 602 224 664 tum,
242 610 294 664 que
314 611 368 650 non
395 596 481 650 colum
502 594 704 658 redimeremur,
730 607 822 646 oerum
846 594 928 646 etiem
949 607 999 662 po·

152 674 282 733 tereniur,
296 672 329 720 ut
345 682 433 734 supra
442 665 654 718 observavimus
670 679 703 717 ex
719 679 841 717 numero
856 663 900 717 et.

187 737 262 793 XLV.
279 737 347 805 Peg.
375 737 437 801 295,
466 735 532 789 edit.
561 734 680 788 tmstet.
696 740 725 786 at
755 735 803 788 118
823 733 998 787 Parisiensis.

150 810 189 864 et
225 806 519 863 Pseudo-Rebemnus
544 819 641 873 eorpus
668 804 741 873 quod
768 819 817 873 per
842 807 1001 873 mysterium

150 881 256 943 eeirtit,
276 879 324 932 lioe
337 881 377 931 est
396 876 468 945 quod
482 879 575 932 eaistit
598 876 774 929 inintellecta
793 874 858 942 fidei
875 880 937 943 post
949 875 1000 928 od-

150 952 323 1005 monitionem
348 950 453 1015 ligura,
474 947 588 1015 symboli
610 945 651 999 ecl
676 947 809 1013 mysterii,
837 945 909 1013 quod
931 945 1001 1013 (else

149 1024 233 1091 putet
259 1032 355 1087 cerpus
379 1018 503 1071 diuinum
527 1033 558 1070 ee
590 1018 735 1086 spirituale
753 1021 778 1071 et
802 1016 939 1071 invisibile
966 1016 1000 1070 eb

151 1093 313 1158 Hieronymo
336 1088 510 1142 indiculum:
537 1088 595 1151 loc,
611 1090 737 1155 inquom,
757 1102 854 1157 corpus
872 1103 890 1140 e
903 1102 999 1155 corpo·

151 1162 207 1216 ruli
219 1165 244 1214 et
256 1161 368 1229 proprio
384 1161 439 1213 siue
452 1159 568 1213 temone
582 1159 684 1214 Cliristi
701 1173 810 1227 corpore
825 1157 1000 1212 discriminat

152 1235 178 1286 et
189 1232 303 1285 secernit
328 1233 406 1294 reete,
422 1229 469 1284 sed
490 1228 560 1282 illud
573 1230 659 1298 impie
680 1230 752 1297 yuod
763 1230 877 1299 proprio
894 1229 1001 1297 corpori

151 1316 207 1356 esse
222 1302 307 1356 boum
320 1302 350 1354 in
360 1302 447 1356 elteri
463 1305 555 1369 neyet.

498 1422 655 1461 RESPONSIO.

190 1514 362 1584 Nentiqnam
396 1513 450 1568 sibi
480 1512 541 1568 fixit
564 1513 736 1567 Retramnus
769 1525 871 1580 corpus

153 1585 185 1639 in
200 1584 376 1640 Eucharistia
391 1584 512 1639 existere
527 1600 578 1654 per
603 1589 729 1636 mentem
746 1581 804 1634 sii-e
829 1597 881 1650 per
899 1597 968 1650 oper

152 1655 262 1711 tionem
277 1656 449 1709 intellectus.
468 1654 613 1724 Ejusmodi
624 1652 750 1707 chimera
761 1667 809 1706 scu
825 1666 871 1706 eus
884 1654 1000 1706 rationis

154 1741 304 1795 nunquam
321 1725 347 1779 ei
370 1725 399 1779 in
421 1724 551 1779 animum
575 1724 710 1787 incurrit;
729 1722 765 1776 ah
786 1737 820 1776 eo
842 1722 1041 1793 ignorem-13

152 1795 406 1867 poreplautastieo
427 1811 527 1849 verum
546 1795 720 1850 aonaturalo
741 1808 799 1847 nou
822 1792 1000 1847 discriminat
1052 1831 1134 1887 Num·

152 1872 202 1920 aut
219 1866 351 1932 secernit,
368 1866 417 1921 sed
433 1866 561 1937 potiusa
587 1881 707 1936 corpore
733 1862 938 1942 nuncupativo,
969 1868 1000 1917 nl

153 1937 336 2007 aitAlgerns,
349 1937 426 2009 quod
436 1953 535 1991 verum
550 1941 580 1991 et
594 1935 743 2007 proprium
755 1934 859 1989 occulit
879 1938 907 1987 et
920 1950 1001 2005 oper·

77 2050 80 2055 ι
154 2008 239 2062 culat.
265 2008 380 2062 Minime
394 2007 481 2060 etiam
505 2012 592 2073 negat
609 2006 782 2061 Ratramnus
802 2020 902 2058 verum
929 2020 1001 2075 pro-

153 2077 250 2147 prium
266 2093 370 2146 corpus
383 2077 488 2132 Christi
501 2076 531 2130 in
546 2076 724 2130 Eucharistia
737 2075 870 2140 existere,
891 2075 925 2129 de
943 2091 1001 2145 quo

154 2147 195 2201 ait
210 2162 290 2202 uum.
307 2150 351 2202 ee.
367 2169 377 2195 i
395 2147 477 2211 Quod
492 2162 597 2216 eorpus
617 2152 646 2201 et
667 2147 783 2216 sanguis
805 2144 920 2209 Christi,
937 2161 1002 2217 quie

155 2216 283 2271 bdelium
300 2233 350 2272 ore
365 2217 395 2271 in
406 2217 530 2271 Ecclesia
544 2217 753 2288 percipiuntur,
769 2216 870 2285 tigurie
882 2223 1002 2271 suntse-

155 2288 281 2343 eundum
301 2288 424 2357 speciem
448 2287 650 2354 visibilem;at
674 2302 741 2340 vero
756 2286 913 2341 secundum
930 2287 1004 2341 iuii·

156 2357 270 2412 sibilem
290 2358 492 2422 substantiam,
516 2358 603 2413 idest
627 2357 715 2412 divini
733 2357 892 2429 potentiam
909 2357 1002 2424 Verbi,

155 2444 222 2495 ,iere
242 2444 347 2499 eorpus
361 2434 390 2482 et
414 2429 530 2500 sanguis
544 2428 650 2484 Christi
664 2428 798 2483 existunt.
817 2447 830 2479 i
845 2432 882 2483 et
897 2428 921 2482 si
944 2444 1005 2482 rere

156 2499 294 2565 existunt,
310 2515 377 2554 ·uou
408 2499 532 2553 existunt
559 2515 609 2570 pcr
628 2505 750 2553 mentem.
776 2497 902 2553 Existere
928 2499 1004 2553 enim

156 2585 209 2695 pgr
228 2574 352 2695 mentem
368 2575 410 2624 est
425 2571 488 2624 tiele
509 2577 537 2624 ct
551 2570 718 2641 plantastice
744 2569 878 2623 existere:
906 2585 1005 2640 quem-

157 2655 243 2694 amo
264 2656 324 2694 uin.

220 2744 322 2794 Desinit
334 2744 362 2794 in
379 2745 478 2808 piscem
492 2743 588 2793 mulier
613 2743 730 2793 tormoea
753 2758 876 2808 superne.

195 2854 315 2923 iusuper
329 2867 387 2905 non
402 2855 487 2920 negat
500 2851 673 2906 Retramnus
683 2849 783 2920 impie,
800 2857 832 2904 ut
847 2851 872 2905 ei
894 2853 1007 2924 eitiugit

158 2924 335 2988 dissertator,
358 2923 477 2992 proprio
513 2922 626 2992 corpori
650 2937 710 2975 esse
733 2923 826 2975 laeum
854 2922 883 2975 in
911 2925 1006 2979 altari.

1054 880 1138 943 rtem,
1163 879 1210 932 lioc
1237 880 1286 940 est,
1315 881 1343 929 iit
1361 876 1428 945 ndis
1448 880 1560 941 s'yiium
1583 874 1659 929 istud
1682 889 1738 929 esse
1765 876 1822 928 inte

1054 948 1174 1017 corporis
1185 948 1298 1005 Christi.

1399 1031 1556 1071 uesaousio.

1845 877 1903 943 iyet

1090 1126 1241 1194 Nunquam
1250 1122 1361 1177 censuit
1371 1122 1902 1193 omncinysteriumcorpcreyifidemec

1055 1211 1087 1248 ex
1115 1194 1194 1248 libris
1215 1194 1277 1264 ejus
1305 1199 1363 1247 tani
1386 1208 1506 1264 pravum
1522 1193 1626 1263 dogma
1651 1193 1772 1261 intelligi
1796 1197 1900 1263 potest.

1055 1266 1230 1336 biysterium,
1270 1264 1427 1319 secundum
1452 1264 1652 1330 Ratraniuum,
1682 1270 1724 1316 est
1756 1263 1903 1333 objectum

1054 1335 1123 1389 fidei
1137 1341 1251 1398 nostra,
1270 1335 1339 1405 quia
1359 1334 1480 1388 interius
1503 1334 1632 1388 continet
1660 1332 1737 1403 quod
1765 1349 1901 1388 sensuum

1054 1406 1230 1460 exteriorum
1241 1405 1314 1459 vires
1329 1412 1456 1476 superat.
1477 1405 1623 1474 Nusquam
1645 1404 1731 1458 etiam
1754 1404 1827 1459 dixit
1844 1420 1902 1460 eor·

895 1509 999 1565 Christi
1051 1492 1105 1547 pus
1129 1477 1248 1546 fiyurete
1269 1475 1372 1530 dieitur
1391 1477 1483 1555 'accipi
1505 1480 1536 1556 et
1558 1478 1594 1530 sit
1612 1478 1772 1555 mysterium
1792 1476 1849 1530 :ad
1876 1475 1902 1530 id

963 1549 999 1634 ‘a-
1053 1548 1237 1618 probandum
1267 1553 1413 1616 conceptis
1437 1546 1530 1600 verbis
1550 1562 1583 1599 ex
1614 1547 1815 1600 lucubratione
1845 1546 1901 1600 Ra-

1054 1618 1160 1673 tramui
1185 1617 1336 1688 excerptis,
1363 1618 1490 1671 nonnisi
1517 1617 1705 1689 contemptim
1734 1617 1902 1671 dissertator
1955 1681 1957 1692 .

1058 1688 1206 1760 provocari
1217 1694 1291 1760 post.

1092 1759 1208 1814 Xthlt.
1237 1760 1314 1829 (Peg.
1343 1760 1396 1812 295
1425 1757 1485 1813 edit
1524 1759 1692 1826 Amstelod,
1713 1761 1763 1813 teo
1790 1758 1901 1824 Parioi.

1166 1831 1212 1895 11,
1231 1833 1431 1884 tenementum
1444 1831 1501 1883 sive
1526 1832 1685 1896 mysterium
1712 1833 1837 1884 conitere
1864 1831 1904 1882 eit

1052 1916 1087 1955 ee
1115 1900 1229 1966 duobus,
1246 1905 1272 1954 et
1284 1915 1356 1970 pene
1374 1900 1479 1954 visibili
1505 1903 1531 1953 et
1553 1901 1633 1955 uerbo
1654 1901 1715 1954 Dei.
1735 1903 1770 1956 lle
1796 1900 1905 1954 Gliri'sti

1054 1971 1248 2041 corporeqeed
1274 1986 1303 2025 eo
1327 1986 1398 2040 pene
1427 1972 1582 2033 intimetur,
1611 1972 1747 2026 intellectu
1770 1971 1904 2037 creditur,

1054 2045 1093 2097 sie
1103 2045 1262 2110 mysterium
1280 2042 1418 2097 intellectu
1429 2046 1455 2095 et
1462 2040 1518 2108 fide
1529 2044 1637 2111 pereyi.

1400 2162 1557 2202 RESPONSIO.

1093 2237 1127 2290 Ut
1162 2235 1224 2290 taisi
1259 2235 1425 2290 convincem
1462 2234 1688 2302 dissertatorem,
1719 2232 1904 2289 exscribenda

1057 2307 1220 2361 suntierba
1244 2323 1324 2360 num.
1339 2308 1384 2372 il,
1411 2322 1444 2360 cx
1474 2305 1579 2376 quibus
1600 2305 1777 2360 contrarium
1801 2303 1905 2358 intelli·

1057 2378 1134 2448 gitur
1162 2378 1293 2432 faciliter.
1321 2399 1331 2425 i
1360 2377 1537 2432 Coutitemur
1560 2376 1637 2448 quod
1667 2376 1698 2430 iii
1726 2381 1905 2430 sacramento

1057 2449 1184 2518 eorporis
1199 2453 1227 2501 et
1254 2448 1402 2517 sanguinis
1418 2447 1531 2502 Domini
1557 2446 1699 2518 quidquid
1722 2447 1847 2501 exterius
1859 2462 1905 2498 sii·

1059 2520 1158 2584 mitur,
1192 2519 1226 2573 ad
1253 2519 1380 2589 corporis
1406 2518 1590 2571 coluuionem
1627 2523 1758 2588 aptatur:
1787 2516 1904 2571 verbum

1059 2595 1154 2644 eutem
1169 2589 1229 2648 Dei,
1251 2589 1301 2660 qni
1318 2595 1360 2643 est
1387 2589 1469 2659 panis
1496 2588 1647 2643 invisibilis
1678 2587 1861 2641 invisibiliter
1876 2587 1904 2640 iu

1058 2660 1107 2714 illo
1123 2660 1247 2714 existens
1267 2664 1455 2720 sacramento.
1481 2658 1662 2713 invisibiliter
1683 2657 1908 2730 participatione

1060 2731 1105 2785 sui
1120 2731 1249 2785 lidelium
1269 2737 1378 2794 mentes
1397 2730 1566 2784 viritieando
1588 2729 1717 2799 pascite
1741 2732 1784 2782 itu
1804 2743 1837 2782 ex
1863 2728 1907 2782 his

1059 2802 1136 2855 aliud
1162 2801 1283 2871 intelligi
1308 2806 1403 2871 potest
1427 2816 1513 2870 quam
1531 2801 1656 2854 Verbum
1683 2799 1734 2854 Dei
1763 2798 1907 2854 Christum

1062 2872 1215 2927 Dominum
1229 2888 1332 2943 panem
1348 2871 1520 2925 invisibilem
1545 2888 1563 2925 a
1576 2870 1710 2926 fidelibus
1735 2875 1906 2940 perceptum

1060 2942 1090 2997 iu
1119 2948 1297 2997 sacramento
1324 2942 1528 2998 Eucharistiae?
1564 2943 1621 2996 lloc
1644 2941 1715 2995 dixit
1742 2941 1903 2995 clarissime

158 2994 290 3075 0¹¹i9¹¹¹¹J
307 2993 453 3062 00110811113
482 2991 783 3048 ‘'esbisdoeffifflffl·
808 2993 853 3056 ἳ4ο
873 3011 1006 3075 (10011198
1060 3014 1225 3069 Paschasius
1249 3013 1321 3067 libro
1337 3013 1372 3068 de
1395 3013 1519 3084 Corpore
1548 3016 1576 3066 et
1602 3011 1747 3082 Sanguine
1777 3011 1905 3072 Domini.

159 3065 194 3118 de
209 3065 323 3135 Virgine
350 3069 497 3133 sumptum
520 3067 548 3116 et
576 3078 627 3132 pro
657 3064 747 3117 salute
767 3063 946 3118 credentium
976 3082 1006 3120 in
1026 3078 1194 3154 cmg„
1215 3082 1908 3154 onom,discegyiudgusyarequgmquodffl

159 3149 241 3188 cruce
257 3149 428 3204 suspensum
446 3133 562 3189 ,nosti-is
576 3131 687 3187 saeculis
708 3132 846 3199 exhibuit,
871 3139 899 3188 et
919 3152 952 3190 ex
973 3154 1006 3191 eo

159 3204 308 3275 sanguinis
323 3207 431 3264 undam
446 3203 555 3270 effudit,
572 3219 628 3274 quo
652 3219 710 3257 uon
729 3205 821 3258 solum
851 3205 1005 3262 redimere-

159 3291 235 3341 mur,
256 3291 354 3330 verum
377 3275 464 3329 etium
480 3280 656 3346 potaremur.
672 3295 686 3322 ii
705 3275 854 3328 Enimvero
869 3292 934 3330 cum
959 3294 1005 3332 re-

161 3346 271 3416 dempti
300 3361 359 3399 uon
376 3345 465 3399 simus
486 3361 535 3399 san
561 3345 627 3397 iiiuc
651 3344 717 3398 ficto
733 3351 784 3398 aut
797 3347 1004 3411 commentitio,

161 3417 296 3484 sedvero,
312 3433 370 3471 non
386 3421 520 3485 potamur
534 3360 598 3468 tiolo
614 3416 656 3468 vel
672 3414 844 3483 imaginario
854 3418 1004 3486 sunguine,

161 3487 210 3540 sed
234 3502 310 3552 vero,
336 3487 443 3540 seilicet
470 3485 570 3539 eodem
587 3500 639 3555 pro
666 3484 864 3555 redemptione
892 3489 1006 3556 generis

161 3557 282 3612 humaui
312 3556 410 3610 effuso.
427 3556 455 3610 Si
471 3571 523 3626 par
543 3557 686 3624 proprium
710 3570 807 3625 corpus
829 3556 1008 3628 intelligatur

161 3644 265 3698 corpus
278 3627 337 3682 suis
354 3625 588 3751 proficientibus,
615 3626 750 3697 pondere,
779 3626 1007 3684 dimensionibus

161 3697 309 3753 attactibus
323 3700 406 3768 palpa
429 3698 504 3752 ileet
531 3697 942 3769 sensibusjaccommodatum,
962 3716 1006 3754 re·

160 3785 227 3822 vera
241 3770 334 3824 locum
346 3785 403 3823 non
421 3768 506 3824 habet
519 3767 549 3822 in
564 3768 645 3822 altari
661 3768 802 3838 ejusmodi
818 3784 929 3840 corpus.
954 3772 1006 3827 Sed

162 3839 186 3893 ei
214 3855 266 3908 par
293 3843 437 3910 proprium
460 3839 638 3909 intelligatur
665 3855 773 3903 verum,
802 3839 961 3911 spirituale,
991 3859 1007 3896 a

161 3914 245 3980 captu
260 3927 395 3965 sensuum
410 3910 547 3975 alienum,
559 3917 617 3962 tum
634 3910 756 3964 credidit
771 3910 942 3965 Ratrumnus
957 3929 1007 3966 ve-

160 3997 226 4036 rum
241 3997 345 4051 corpus
360 3981 464 4037 Christi
475 3982 510 4034 de
526 3979 640 4049 Virgine
656 3985 752 4033 nutum
778 3980 807 4032 iu
833 3981 1007 4036 Eucharistia

161 4052 293 4119 reperiri,
310 4066 395 4119 quam
406 4051 506 4104 fideles
520 4065 620 4103 omues
635 4049 752 4103 credant
766 4065 885 4119 corpora
904 4052 1008 4121 quibus

161 4127 224 4174 tum
257 4120 368 4173 utimur
395 4120 494 4173 eadem
512 4120 574 4172 tore
602 4118 739 4186 rediviva,
765 4125 794 4172 et
814 4121 951 4190 gloriosa,
979 4128 1009 4178 ct

162 4189 322 4260 spiritualia
341 4196 406 4260 post
422 4190 669 4243 resurrectionem.

197 4259 284 4315 XLVI.
307 4262 340 4316 ln
354 4275 383 4314 eo
403 4261 513 4314 ebemet
535 4258 717 4326 Retramnus,
732 4259 826 4330 inquit
841 4260 1009 4319 dissertator

162 4345 228 4401 pag.
246 4334 296 4386 187
315 4330 384 4384 edit.
409 4332 506 4398 Paris,
536 4332 588 4384 295
604 4329 670 4383 edit.
695 4331 865 4399 amstelod,
887 4335 960 4402 quod
982 4342 1007 4390 ct

1061 3155 1154 3210 caruis
1168 3155 1306 3220 sentitur;
1331 3153 1410 3208 aliud
1425 3154 1521 3209 videre
1540 3169 1626 3223 quam
1651 3152 1726 3222 quod
1743 3152 1832 3207 oeulis
1847 3152 1909 3206 istis

1061 3226 1154 3280 earnis
1170 3230 1346 3280 monstratur
1362 3225 1451 3279 :disee
1461 3225 1529 3295 quia
1540 3224 1614 3278 Deus
1628 3223 1745 3294 spiritus
1758 3224 1910 3276 illocaliter

1061 3296 1167 3366 ubique
1178 3302 1230 3360 est,
1247 3296 1375 3365 intellige
1389 3295 1457 3367 quia
1465 3295 1625 3365 spiritualia
1635 3295 1696 3348 haee
1712 3294 1784 3347 sicut
1795 3309 1848 3347 uec
1862 3294 1909 3348 lo-

1060 3367 1169 3431 caliter,
1187 3366 1226 3419 sic
1246 3366 1345 3436 utique
1361 3382 1414 3419 nec
1424 3366 1576 3420 carnaliter
1591 3369 1657 3420 ante
1673 3369 1855 3434 conspectum
1872 3364 1911 3419 di·

1060 3436 1132 3489 rinae
1144 3436 1299 3505 majestatis
1310 3435 1337 3488 iu
1348 3436 1471 3490 sublime
1481 3437 1619 3491 feruutur.
1632 3456 1645 3485 u
1660 3436 1692 3490 Et
1706 3444 1788 3488 antea
1800 3452 1863 3515 cap.
1876 3438 1907 3488 5:

1062 3506 1216 3561 ebibimus
1231 3521 1346 3577 quoque
1361 3515 1389 3560 et
1403 3523 1455 3560 uus
1480 3506 1668 3576 spiritualiter
1682 3511 1710 3559 et
1728 3505 1910 3560 comedimus

1061 3577 1237 3647 spiritualem
1263 3576 1367 3631 Cbristi
1383 3593 1508 3642 carnem,
1526 3577 1623 3647 inqua
1640 3577 1697 3630 vitu
1721 3582 1829 3631 telerna
1845 3592 1907 3629 esse

1060 3647 1194 3702 creditur.
1211 3669 1225 3697 ii
1241 3648 1275 3702 Et
1288 3663 1349 3718 cap.
1367 3650 1382 3697 o
1400 3649 1535 3703 :iiPorru
1556 3648 1626 3702 illud
1650 3647 1718 3702 tidei
1743 3662 1908 3701 sacramen·

1061 3724 1123 3773 lum
1149 3718 1215 3788 jure
1240 3718 1343 3772 veritas
1365 3718 1536 3790 appellatur.
1561 3718 1668 3772 Veritas
1683 3733 1752 3787 ergo
1768 3724 1810 3771 est
1836 3717 1907 3771 dum

1061 3805 1167 3860 corpus
1186 3788 1290 3845 Christi
1305 3793 1333 3843 et
1357 3791 1473 3860 sangnis
1501 3790 1605 3843 virtute
1629 3788 1752 3858 Spiritus
1767 3793 1796 3842 et
1816 3788 1909 3842 Verbo

1061 3859 1152 3930 ipsius
1167 3875 1201 3914 ex
1228 3859 1311 3929 panis
1332 3859 1449 3930 vinique
1473 3859 1630 3914 substantia
1654 3859 1792 3925 allicitur;
1815 3859 1910 3930 ligura

1061 3946 1128 3984 vero
1144 3931 1214 3984 dum
1231 3930 1371 3992 sacerdos,
1394 3931 1476 4001 quasi
1505 3930 1583 3985 aliud
1600 3930 1723 3984 exterius
1746 3945 1860 4000 gerens,
1873 3929 1910 3983 ob

1062 4000 1288 4056 recordationem
1301 4017 1388 4055 sacrae
1400 4001 1544 4082 passionis
1558 4001 1592 4054 ad
1608 4017 1698 4066 aram,
1712 4000 1794 4124 guod
1818 4001 1910 4054 semel

1061 4076 1174 4141 gestum
1189 4075 1241 4138 est,
1258 4071 1388 4142 quotidie
1399 4073 1530 4126 immolat
1541 4076 1665 4142 liguum.
1680 4091 1694 4121 ii
1733 4071 1815 4125 edem
1831 4071 1909 4143 apud

1061 4142 1199 4221 bigarum
1227 4143 1260 4196 ad
1291 4147 1456 4211 aperturam
1481 4142 1546 4196 libri
1574 4143 1608 4196 da
1626 4141 1804 4196 Eiiobaristia
1827 4142 1908 4196 inie-

1063 4228 1133 4266 uies.

1098 4284 1184 4338 xllx.
1207 4285 1286 4339 Num.
1313 4285 1346 4338 95
1363 4300 1369 4337 :
1385 4284 1588 4340 Secremeutum
1603 4283 1711 4352 aliquid
1735 4284 1829 4337 secreti
1844 4298 1909 4338 coii-

1063 4356 1148 4408 liueie
1163 4370 1169 4407 τ
1186 4359 1210 4407 et
1226 4355 1304 4409 eliud
1327 4369 1382 4409 esse
1401 4355 1474 4424 yuod
1494 4354 1640 4408 visibiliter
1668 4359 1812 4422 appareat,
1830 4354 1911 4408 eliud

162 4406 437 4486 fficiammmfl⁸⁸⁶
454 4401 577 4486 39Ψὸοω
596 4400 744 4481 marim?
767 4403 873 4471 ‘'meir“
895 4410 927 4472 ἵει
949 4421 1007 4459 ''¹¹“
1027 4428 1125 4483 livere
1140 4431 1213 4494 quod
1232 4425 1408 4480 iiieisitilliter
1427 4428 1462 4479 sit
1481 4426 1692 4494 accipiendum:
1713 4425 1806 4489 idest,
1825 4440 1860 4478 ee
1876 4426 1910 4478 il·

163 4477 275 4527 “mmm
302 4486 388 4527 ΝΜ
408 4478 543 4542 ‘mma’
571 4487 627 4526 rim
648 4486 725 4540 cuius
748 4478 811 4527 Μ’
838 4482 1008 4531 “mmmm
1062 4496 1115 4550 lies
1127 4500 1213 4549 mente
1237 4497 1309 4564 quod
1337 4511 1390 4551 non
1413 4498 1450 4550 sit
1474 4497 1503 4548 iii
1524 4511 1553 4549 eii
1576 4511 1646 4564 pene
1674 4498 1846 4562 sonctificate
1861 4500 1911 4563 pei

162 4545 417 4613 ipsumeesecorpus
435 4547 464 4598 in
478 4558 530 4612 que
546 4544 670 4600 Christus
683 4548 775 4597 nutus.

509 4665 668 4705 uesrousio.
678 4712 682 4721 ι

132 4769 135 4774 ·
197 4755 309 4809 Nullam
324 4754 364 4809 ait
378 4756 549 4809 listramnus
574 4753 699 4824 conspici
716 4755 904 4811 mutationem
933 4765 1008 4813 exte-

161 4824 267 4880 riorem
290 4825 321 4879 in
342 4826 490 4897 speciebus
511 4825 705 4880 eucharisticis
735 4825 845 4881 sivein
873 4829 1007 4898 symbolis

160 4896 244 4967 panis
264 4902 293 4950 et
311 4896 389 4950 vini:
411 4904 439 4951 et
460 4896 578 4967 quidem
594 4898 656 4966 jure
679 4901 795 4962 uierito;
815 4898 863 4952 sed
886 4901 1006 4967 apertis·

72 5002 89 5010 -
161 4967 232 5022 sime
260 4967 441 5036 docetpanis
464 4966 564 5022 etvini
585 4968 773 5026 substantiam
792 4969 820 5021 in
848 4984 951 5040 corpus
979 4974 1007 5024 et

160 5038 331 5108 sauguinem
351 5039 415 5093 lesu
431 5038 536 5093 Christi
559 5038 675 5105 mutari,
701 5056 781 5095 uum.
812 5042 841 5093 tii
867 5044 895 5093 et
917 5041 960 5106 ³0,
977 5040 1006 5094 iu

160 5109 265 5178 quibus
283 5109 344 5164 ait:
362 5128 376 5161 e
400 5111 506 5164 Panem
523 5114 553 5163 et
577 5108 674 5163 vinnm
696 5112 724 5166 iii
739 5109 868 5180 corporis
885 5115 913 5164 et
941 5127 1008 5165 sau·

160 5179 255 5245 guinis
267 5195 402 5234 conuersa
414 5178 600 5234 substantiam
613 5181 816 5236 acredentibus
827 5181 979 5247 sumenda,
991 5203 1005 5231 ll

160 5248 237 5317 quod
260 5251 315 5320 ipsi
342 5250 557 5306 Centuriatores
581 5250 840 5321 magdeburgenses
867 5267 1004 5323 recogno·

159 5332 235 5374 rere.
265 5324 302 5374 ltt
324 5337 391 5376 vero
415 5322 494 5390 qnod
522 5321 603 5384 ait,ii
626 5335 687 5375 ram
711 5321 884 5377 sacrementi
910 5322 1005 5393 ipsum

159 5400 220 5441 esse
244 5405 277 5443 co
315 5407 347 5445 us
361 5391 391 5446 in
407 5408 465 5461 quo
479 5391 608 5447 Christus
633 5397 718 5446 uatus
746 5397 800 5460 est,
815 5411 829 5442 i
843 5391 919 5447 idem
935 5393 1006 5448 dixit

158 5455 258 5537 beatus
272 5463 295 5514 Α
307 5476 393 5530 gerne
409 5463 449 5517 lib
463 5478 498 5516 ii.
516 5460 710 5529 Eucharistiae,
739 5478 801 5534 cap.
817 5465 832 5517 5
849 5477 856 5516 :
873 5483 888 5511 ii
912 5464 1006 5519 Conli-

157 5532 233 5581 citur
259 5535 355 5585 autem
376 5533 546 5588 sacrificium
572 5531 695 5596 duobus,
718 5545 899 5588 sacramento
923 5539 952 5589 et
974 5551 1006 5589 re

1060 4566 1179 4633 uidetur,
1195 4565 1243 4620 sed
1257 4569 1286 4621 in
1301 4566 1466 4621 credentium
1481 4569 1582 4636 spiritu
1595 4568 1623 4619 iii
1636 4565 1690 4634 tide
1704 4581 1763 4635 qua
1775 4566 1851 4620 lutet.

1409 4688 1568 4728 Responsio.

1098 4761 1176 4814 Hauc
1191 4760 1415 4824 conclusionem,
1427 4761 1534 4814 seilicet
1547 4782 1561 4809 ii
1571 4765 1781 4815 sacramentum
1798 4761 1910 4832 aliquid

1062 4831 1164 4885 secreti
1177 4830 1325 4889 continere
1339 4835 1367 4885 et
1391 4830 1547 4885 aliudesse
1568 4831 1643 4901 quod
1662 4831 1810 4885 visibiliter
1820 4849 1913 4902 uppa-

1062 4905 1133 4967 reat,
1147 4902 1224 4955 aliud
1239 4900 1318 4971 quod
1338 4900 1521 4956 invisibiliter
1544 4901 1580 4954 sit
1596 4902 1802 4972 accipiendum,
1818 4924 1832 4950 ii
1865 4919 1911 4955 or-

1061 4970 1213 5026 thodoxam
1230 4977 1255 5025 et
1283 4971 1463 5039 catholicam,
1486 4972 1606 5026 assumit
1620 4989 1653 5026 ex
1669 4973 1695 5027 S.
1714 4973 1822 5026 isidoro
1848 4973 1910 5042 epi·

1061 5057 1147 5111 scopo
1181 5042 1342 5112 flispalensi
1375 5042 1425 5097 lib.
1451 5059 1475 5095 ii
1504 5042 1653 5113 Originum
1681 5059 1743 5113 cap.
1762 5046 1804 5110 is,
1834 5045 1912 5113 apud

1061 5128 1148 5183 quem
1164 5112 1375 5167 continentibus
1391 5111 1503 5184 scriptis
1524 5112 1584 5168 beau
1601 5115 1755 5184 leguntur:
1772 5131 1787 5164 e
1808 5113 1911 5167 Socra·

1061 5184 1406 5254 meuluniestinaliqua
1428 5184 1629 5244 celebratione.
1661 5201 1726 5238 cum
1755 5199 1800 5237 res
1829 5191 1914 5254 gesta

1061 5253 1101 5306 ita
1116 5254 1153 5307 sit
1168 5260 1200 5308 ut
1222 5254 1331 5325 aliquid
1347 5253 1509 5324 siguificare
1532 5254 1797 5326 intelligatur-quod
1815 5261 1916 5309 sancte

1060 5324 1272 5394 accipiendum.
1306 5344 1319 5376 ii
1350 5326 1483 5380 Eamdem
1516 5325 1687 5380 sacramenti
1712 5324 1914 5381 definitionem

1059 5394 1185 5464 prodidit
1204 5395 1372 5449 Paschasius
1387 5395 1469 5451 initio
1493 5396 1620 5466 capitist
1646 5397 1713 5451 libri
1729 5396 1763 5450 da
1784 5396 1914 5466 Corpore

1060 5469 1089 5520 et
1112 5464 1257 5535 Sanguine
1282 5466 1425 5521 Domini:
1457 5487 1470 5517 ii
1503 5467 1718 5522 Sacramentum
1743 5465 1832 5538 igitur
1867 5474 1914 5522 eet

1060 5535 1201 5607 quidquid
1215 5535 1246 5590 in
1266 5535 1363 5608 aliqua
1378 5537 1571 5594 celebratione
1599 5537 1696 5592 divina
1722 5537 1806 5592 nobis
1826 5537 1912 5609 quasi

157 5601 339 5679 sacramenti,
375 5601 403 5657 id
434 5608 478 5657 est
507 5602 611 5659 Christi
650 5617 813 5673 corpore;i
844 5608 874 5658 et
899 5603 1003 5660 intra:
1058 5605 1275 5678 pignussalutis
1299 5607 1430 5674 traditur,
1456 5608 1911 5681 cumresgestarisibitislouga

158 5668 271 5725 itliut
285 5675 327 5727 est
342 5687 411 5744 ergo
425 5678 634 5730 sacramentum
647 5689 738 5746 quum
762 5690 808 5731 res
822 5675 1003 5742 sacramenti,
1059 5677 1138 5732 aliud
1151 5676 1296 5734 invisibila
1314 5683 1449 5751 operatur
1477 5678 1553 5750 quod
1582 5685 1679 5735 sancte
1709 5679 1910 5751 accipiendum
