3930 6098
169 331 201 381 55
737 319 915 377 lthRdllNi
933 318 1164 376 cerasiensis
1182 315 1337 374 heeacul
1883 315 1918 368 56

168 461 302 513 tractaret
326 454 495 510 versiculum
521 467 587 506 eum
614 449 664 522 qui
692 449 784 505 dicit:
815 470 829 500 a
846 449 927 506 Fiant
952 447 1049 506 natih
1068 446 1115 503 hic
1125 447 1221 519 justus
1234 445 1358 518 amplius
1370 445 1555 517 justificatur,
1570 444 1676 516 impius
1690 444 1814 516 amplius
1828 444 1919 500 sordi·

170 545 232 617 ejus
251 546 281 599 in
302 542 462 607 interitum,
482 540 513 595 in
532 539 716 612 generatione
732 555 789 593 rina
805 539 933 595 deleatur
960 554 1016 593 no-

170 650 238 689 men
254 634 326 704 ejus,
343 653 357 681 a
375 630 437 684 hacc
462 628 609 699 subjunxit
624 645 630 684 :
647 628 837 700 [Eosdemqne
864 634 948 683 natos
970 627 1014 682 di-

173 721 223 786 eis,
251 734 321 790 quos
347 717 477 788 superius
504 716 628 788 pupillos
652 716 700 769 ait.
716 717 748 770 er
766 713 903 786 quoniam
924 714 1017 770 solent

170 807 259 879 aliqui
294 811 477 878 peccaterum
509 821 600 876 genus
627 819 789 876 propagare
812 802 1014 874 longinquum,

170 897 264 967 ipsam
290 910 406 966 queque
430 910 509 965 spem
534 893 590 948 illis
616 892 814 965 prosperitatis
834 892 963 960 abscidit,
981 909 1016 947 ue

170 1000 228 1056 quo
255 999 284 1037 se
314 983 389 1037 beno
418 982 550 1052 pessimae
579 987 692 1036 mentes
718 981 933 1036 consolarentur
958 981 1016 1036 sire

171 1071 263 1142 magis
276 1086 334 1125 una
349 1070 497 1141 generatio
520 1070 570 1125 illa
585 1069 705 1125 dicenda
717 1076 770 1138 est,
789 1070 911 1141 {quando
925 1069 1016 1124 nasci·

170 1176 237 1214 mur
252 1159 282 1213 in
308 1159 448 1229 peccatis,
470 1165 499 1214 et
514 1159 579 1214 ideo
595 1159 668 1230 petit
686 1163 718 1214 nt
739 1159 774 1214 ad
796 1159 961 1225 secundam,
988 1158 1016 1212 id

171 1252 214 1302 cst
227 1247 263 1301 ad
278 1246 536 1317 regenerationem,
561 1263 618 1301 non
638 1248 808 1318 perveniant
824 1264 830 1303 :
845 1247 894 1319 qui
920 1253 1016 1302 tamen

169 1335 199 1389 in
216 1334 470 1406 praedestinatione
481 1335 588 1406 repulsi
600 1341 709 1391 suntut
723 1337 754 1390 in
768 1336 863 1407 prima
887 1341 1018 1407 peecato-

171 1439 235 1478 rum
252 1439 371 1478 suorum
399 1423 468 1479 laece
491 1424 664 1495 dispereant,
696 1440 732 1479 ne
760 1425 892 1480 secundae
919 1424 1018 1479 nativi-

1071 537 1165 592 datur.
1181 537 1270 593 Malos
1289 536 1322 591 ad
1334 536 1440 591 bonum
1453 534 1608 607 aliquando
1621 534 1808 603 convertitur,
1825 533 1918 589 bonus

1072 627 1106 681 ad
1122 625 1231 680 malum
1247 624 1399 697 aliquando
1415 623 1586 691 rellcctitur;
1601 623 1662 677 vult
1676 623 1741 694 quis
1751 639 1811 677 esse
1827 623 1920 678 bonus

1072 719 1100 765 et
1118 728 1177 766 non
1192 713 1280 780 valet;
1302 714 1361 768 vult
1384 713 1456 767 alter
1476 727 1538 768 esse
1556 712 1662 778 malus,
1682 716 1711 766 et
1729 727 1788 766 non
1802 710 1922 782 permit·

1071 800 1141 854 titur
1155 800 1284 871 interire,
1306 801 1390 856 datur
1405 801 1431 856 ei
1447 801 1497 872 qui
1527 801 1597 867 vult,
1619 815 1679 855 esse
1702 799 1822 854 bones:
1848 800 1921 854 alius

1071 904 1125 944 nee
1141 888 1211 951 vult,
1226 905 1278 943 nee
1291 889 1375 945 datur
1390 890 1428 958 ei,
1443 895 1476 943 ut
1493 889 1531 942 sit
1544 888 1636 943 bonus
1653 904 1660 943 :
1680 888 1733 943 iste
1747 886 1875 942 nascitur
1890 888 1921 942 in

1071 992 1168 1031 errore
1183 979 1211 1031 et
1226 977 1363 1044 moriter;
1379 978 1428 1031 illa
1447 977 1478 1031 iu
1502 976 1579 1031 bene
1602 992 1659 1048 quo
1674 976 1760 1045 eoepit
1775 990 1868 1047 usquc
1890 975 1919 1029 in

1071 1065 1158 1120 tinem
1170 1066 1317 1136 perdurat.
1331 1066 1442 1120 'tandin
1457 1065 1510 1120 iste
1525 1069 1582 1120 stat
1594 1080 1746 1137 quousque
1761 1064 1858 1131 eadat;
1871 1065 1920 1119 ilic

1071 1154 1145 1208 male
1174 1155 1224 1210 diu
1254 1154 1384 1223 vivendo,
1413 1155 1444 1209 iu
1470 1154 1527 1209 line
1555 1154 1689 1222 salvator,
1716 1158 1920 1224 respectusque

1071 1243 1262 1310 convertiter3
1282 1243 1343 1298 vult
1357 1243 1491 1314 prodesse
1516 1242 1639 1299 inbono
1662 1244 1755 1313 justus
1777 1258 1830 1297 nee
1847 1257 1920 1312 proe·

1070 1332 1155 1396 valet,
1169 1333 1231 1386 vult
1244 1348 1348 1386 necere
1366 1331 1457 1387 malus
1476 1337 1505 1386 et
1519 1332 1602 1386 valet.
1620 1333 1674 1386 lste
1689 1332 1750 1386 vult
1764 1331 1821 1386 ileo
1835 1347 1917 1385 vace-

1071 1435 1113 1485 re,
1134 1424 1163 1475 ct
1186 1420 1287 1475 saeculo
1303 1420 1483 1490 impeditur:
1513 1419 1561 1473 ille
1575 1419 1606 1473 in
1626 1419 1750 1491 negotiis
1775 1419 1919 1489 implicari

171 1511 237 1566 tatis
259 1511 399 1567 beneficio
423 1512 559 1583 laqueum
583 1513 683 1568 mortis
712 1513 854 1584 evadant]
881 1513 934 1568 Sed
956 1514 1018 1568 haec
1071 1507 1151 1578 cupit
1176 1524 1228 1563 nec
1256 1509 1378 1578 perficit.
1407 1510 1577 1563 nominatur
1594 1507 1686 1562 malus
1713 1508 1799 1574 bono,
1824 1507 1920 1563 bonus

68 1593 75 1601 ’
171 1599 269 1654 stillis
293 1598 398 1654 similia
414 1600 549 1655 dicuntur
570 1601 605 1656 dc
619 1601 676 1656 illis
701 1601 795 1672 quiin
812 1602 928 1657 Domini
939 1601 1017 1672 judi·
1071 1596 1226 1652 danmatur
1240 1613 1291 1668 pro
1304 1597 1404 1668 impie,
1421 1597 1528 1667 impius
1540 1597 1701 1650 honoratur
1718 1612 1770 1667 pro
1784 1595 1863 1666 josto
1874 1616 1882 1663 ;
1893 1601 1921 1650 et

170 1687 283 1742 catione
294 1688 450 1743 damnandi
465 1694 541 1757 sunt,
563 1695 592 1744 ct
606 1690 652 1745 hic
666 1705 717 1760 per
736 1690 1016 1760 praedestinationem
1032 1731 1053 1785 B
1072 1684 1102 1738 in
1121 1685 1174 1740 hac
1197 1690 1275 1740 tante
1300 1685 1470 1740 obscuritate
1484 1701 1541 1740 nun
1571 1686 1645 1740 valet
1675 1685 1763 1740 homo
1792 1685 1919 1740 divinam

172 1776 303 1846 repulsos
323 1777 402 1842 dixit,
419 1793 490 1848 quos
509 1777 538 1831 in
555 1783 691 1833 aeternam
708 1778 921 1834 damnationem
933 1779 961 1834 in
970 1779 1016 1851 ju·
1072 1775 1242 1845 perscrutari
1272 1774 1491 1847 dispositionem
1516 1779 1545 1828 ct
1571 1773 1715 1829 occultum
1729 1772 1919 1845 pradestina-

171 1864 246 1920 dicio
263 1864 417 1919 mittendos
432 1865 601 1934 pronuntiat
616 1882 622 1920 :
639 1866 709 1921 vidit
724 1867 801 1921 euim
818 1868 907 1922 males
919 1883 1017 1938 perse·
1070 1860 1157 1915 tionis
1171 1861 1350 1932 perpendere
1365 1860 1519 1931 ordinem]
1833 1876 1838 1883 ‘

171 1957 319 2006 reraturos
335 1952 409 2006 Deus
423 1952 454 2006 in
470 1954 555 2021 malo,
574 1958 602 2008 et
616 1952 681 2009 ideo
699 1955 773 2026 apud
790 1960 927 2010 aeternam
942 1971 1018 2026 prae·
1107 1949 1216 2014 Quibus
1230 1949 1323 2004 verbis
1348 1965 1407 2004 noe
1432 1949 1524 2004 solum
1541 1949 1616 2022 qued
1643 1948 1680 2005 sit
1693 1949 1848 2004 electorum
1864 1965 1919 2003 nu·

172 2040 320 2096 scientiam
340 2057 422 2095 suam
445 2041 551 2096 talibus
574 2043 788 2112 praedestinavit
808 2060 933 2114 poenam.
955 2045 1017 2098 Non
1071 2052 1168 2091 merus
1182 2037 1301 2108 praemio
1313 2038 1504 2106 coronandus,
1518 2043 1547 2092 et
1560 2037 1749 2109 reproborum
1761 2036 1917 2092 multitudo

172 2129 237 2185 idco
252 2134 349 2183 tamen
374 2131 588 2200 compelluntur
602 2130 636 2184 ad
650 2146 764 2202 poenam
781 2130 919 2202 quianon
934 2148 966 2187 ex
984 2148 1017 2186 oo
1071 2141 1156 2196 poena
1174 2125 1205 2179 in
1224 2125 1334 2196 judicio
1359 2125 1498 2193 ferienda,
1521 2126 1626 2180 divium
1653 2125 1918 2194 predestinationis

172 2216 248 2288 qnod
272 2215 468 2287 praedestinati
491 2222 558 2272 srrnt
571 2218 746 2288 judicantur,
768 2219 818 2275 scd
836 2235 870 2275 ex
891 2221 1017 2292 eoquod
1072 2213 1173 2268 ordine
1187 2214 1359 2284 dispositum
1377 2214 1801 2278 torcolarissimeeemonsrrat,
1816 2230 1918 2270 rerum

171 2305 337 2374 peccatores
351 2303 475 2374 praesciti
495 2311 571 2372 srrnt,
588 2305 624 2360 ad
642 2321 740 2376 poenes
763 2306 959 2377 predestinati
975 2322 1018 2361 co·
1071 2302 1222 2374 utriusque
1236 2302 1354 2369 ordinis,
1369 2303 1396 2358 id
1411 2308 1523 2358 cattam
1543 2303 1700 2358 electorum
1715 2319 1802 2375 quarn
1817 2318 1917 2373 repre·

67 2381 72 2384 Α
172 2395 375 2463 gneseeetur:
397 2392 563 2448 sicutenim
584 2410 670 2449 neme
694 2394 1018 2466 petestimputereDeo
1071 2390 1186 2460 borum,
1202 2391 1258 2445 vita
1274 2408 1331 2464 quo
1344 2408 1428 2447 eursu
1442 2407 1533 2464 quove
1549 2391 1663 2447 tramite
1678 2392 1811 2447 volubilis
1832 2409 1918 2447 mun·

172 2479 250 2551 quod
274 2483 383 2549 peceat.
399 2480 439 2536 ita
460 2498 574 2554 quoque
589 2483 666 2554 qued
686 2499 739 2554 pro
759 2485 880 2556 peccatis
894 2485 1017 2556 ponien-

171 2567 225 2623 dus
249 2568 296 2624 sit.
312 2569 412 2625 Peccat
427 2568 505 2624 enim
529 2571 645 2642 proprie
669 2572 816 2627 voluntate
836 2572 1016 2643 delinquens,

174 2655 339 2726 puniendus
360 2660 456 2713 eutem
469 2663 512 2713 est
530 2659 608 2731 justo
621 2659 730 2732 judicie
742 2661 898 2731 judicantis
915 2667 965 2716 :et
983 2662 1019 2716 si·

171 2750 219 2800 eut
234 2745 342 2817 pcccati
369 2763 454 2802 cansa
469 2764 525 2802 nen
546 2766 578 2804 er
595 2749 646 2804 hei
660 2751 839 2822 praescientia
862 2750 1016 2819 descendit,

172 2835 239 2906 quia
254 2834 568 2907 nullusidcireepeccat
582 2839 650 2909 quia
665 2840 738 2894 Deus
753 2855 819 2894 eum
834 2844 1018 2910 peccaturum

171 2923 338 2995 prescierit,
355 2925 402 2979 sed
418 2924 524 2981 ideirco
541 2925 608 2998 quia
624 2927 716 2999 magis
742 2928 868 3001 propriae
882 2929 1017 3000 concupi·

1072 2478 1101 2533 di
1115 2483 1245 2551 tempera
1261 2485 1448 2551 pertranseat,
1478 2480 1552 2534 sicut
1566 2480 1684 2551 superni
1712 2480 1919 2535 moderaminis

1074 2568 1166 2640 legem
1188 2584 1247 2623 non
1269 2569 1425 2639 egreditur,
1452 2568 1492 2622 ita
1521 2568 1642 2623 emlesris
1668 2568 1855 2640 dispositione
1873 2587 1920 2623 sc-

1073 2657 1142 2712 creti
1158 2657 1240 2711 doeet
1254 2672 1316 2712 esse
1329 2657 1573 2727 predestinatum.
1593 2658 1785 2729 Utrorumque
1800 2658 1836 2713 de
1848 2658 1917 2717 tine.

1072 2745 1203 2800 videlicet
1230 2746 1386 2800 electorem
1415 2762 1466 2801 seu
1492 2745 1693 2816 reproborum,
1711 2746 1831 2817 loquens
1853 2746 1919 2801 ait:

1073 2832 1203 2905 [Gemina
1227 2838 1268 2889 est
1289 2833 1513 2905 praedestinatio,
1540 2834 1598 2889 sire
1623 2835 1781 2890 electorum
1807 2835 1843 2890 ad
1873 2851 1919 2889 re·

1073 2922 1182 2993 quiem,
1211 2922 1270 2977 sive
1294 2923 1482 2993 reproborum
1503 2924 1538 2978 ad
1571 2926 1714 2991 mortem}
1747 2924 1918 2979 llaeeautcm

171 3010 286 3068 secutiae
300 3011 398 3068 obedit
411 3029 497 3084 quam
512 3021 654 3088 praecepto
669 3017 846 3087 prohibentis
862 3017 913 3072 [lei
925 3034 942 3072 a
956 3026 1052 3090 pec-c
1073 3010 1288 3082 proedtslinalio
1313 3012 1557 3083 quemadmodum
1593 3013 1622 3067 in
1643 3013 1764 3083 singulis
1784 3017 1919 3082 ῡρθῐθῑῑῐΐ

171 3105 255 3157 cato:
281 3101 322 3156 ita
351 3119 466 3175 quoque
491 3104 589 3159 nullus
612 3106 770 3162 idcircoad
793 3123 908 3177 pmnam
928 3107 1016 3173 radit,
1072 3098 1202 3171 sequenti
1234 3099 1375 3153 ῦθῦῑθῡῑὶθ
1410 3104 1559 3154 monslfflt·
1590 3101 1736 3171 [Uimque
1769 3100 1918 3171 inituim,

171 3189 309 3261 quiahoc
324 3190 354 3244 in
378 3191 430 3246 Dei
455 3192 707 3264 praedeseinatione
722 3201 788 3250 ante
803 3195 896 3251 suerat
911 3211 918 3251 ;
933 3211 967 3251 01
983 3212 1016 3251 00
1072 3187 1169 3242 divino
1184 3188 1281 3260 agitur
1292 3188 1413 3258 judicio,
1439 3194 1469 3243 nt
1488 3205 1601 3260 semper
1624 3190 1729 3244 electos
1748 3205 1874 3260 superna
1890 3195 1918 3245 et

170 3277 248 3331 euim
268 3277 346 3349 qued
357 3279 505 3350 praescitus
521 3285 562 3336 est
575 3281 605 3336 iu
621 3283 744 3354 pcccatis
758 3298 972 3353 permansurus,
989 3287 1018 3338 et
1071 3276 1209 3332 interiora
1223 3277 1304 3348 sequi
1319 3276 1413 3344 faeiat,
1431 3293 1545 3348 semper
1559 3278 1708 3349 reprobos,
1719 3281 1749 3331 et
1760 3278 1874 3332 infirma
1890 3283 1919 3335 et

172 3364 234 3420 sine
249 3366 427 3437 peanitentiae
439 3366 532 3423 fructu
548 3368 634 3422 vitam
658 3374 829 3440 praesentem
846 3370 1017 3426 terminate·
1072 3366 1212 3421 exteriora
1247 3366 1400 3435 delectent,
1431 3366 1588 3421 deserendo
1624 3367 1792 3437 permittat]
1830 3368 1919 3422 Docet

171 3468 231 3521 rus,
245 3468 279 3505 eir
303 3469 337 3506 co
354 3454 507 3523 deputatus
522 3459 564 3509 est
590 3456 624 3510 ed
646 3472 771 3527 poenam.
789 3459 822 3511 Et
844 3456 917 3511 sieut
933 3466 1018 3512 causa
1071 3455 1149 3509 enim
1166 3455 1241 3526 quod
1255 3454 1514 3526 predestinationis
1529 3456 1599 3511 orde
1612 3455 1734 3511 eoelestis
1752 3456 1918 3511 discrimine

169 3539 280 3608 peccati
306 3541 536 3612 concupiscentia
560 3548 612 3610 est,
629 3560 686 3614 qua
701 3543 791 3616 magis
808 3545 940 3601 obeditur
965 3563 1016 3601 ro·
1068 3543 1170 3615 judicii
1189 3543 1335 3612 liberetur,
1358 3548 1386 3598 et
1406 3545 1510 3599 eleetos
1536 3545 1626 3600 divini
1653 3543 1761 3599 amoris
1789 3545 1918 3612 damma,

170 3625 274 3680 luuleti
284 3627 378 3681 carnis
392 3645 479 3699 quarn
494 3635 638 3701 praecepte
649 3631 756 3701 divine,
772 3633 812 3688 ita
826 3650 918 3706 poenm
931 3635 1018 3708 depe·
1071 3631 1254 3700 succendens,
1275 3631 1424 3702 interiora,
1437 3633 1465 3688 id
1482 3638 1526 3688 est
1539 3633 1680 3705 spiritalia
1695 3640 1724 3688 et
1738 3650 1873 3706 superna,
1890 3635 1919 3690 id

169 3711 386 3767 tationisoause
414 3719 456 3767 est
471 3716 578 3786 peccati
594 3718 779 3789 perpetratio,
804 3725 831 3776 et
850 3729 1016 3795 posteapro
1071 3720 1261 3788 estcmlcstie,
1286 3722 1486 3793 concupiscere
1514 3738 1629 3793 semper
1652 3723 1737 3778 iaciat
1760 3727 1789 3779 ct
1815 3723 1916 3794 sequi:

170 3806 286 3872 peceato
306 3802 385 3857 nulla
404 3803 491 3874 digna
516 3805 679 3862 satisfactio.
703 3809 775 3864 ilinc
790 3815 903 3864 sanctus
926 3812 1016 3866 lsido·
1070 3811 1098 3862 at
1112 3809 1249 3879 reprobos
1262 3808 1339 3879 justo
1355 3811 1471 3881 quidem
1484 3810 1604 3882 judicie,
1636 3811 1807 3866 mortalibus
1821 3815 1920 3866 temen

170 3905 219 3942 rus
239 3890 413 3961 Hispalensis
428 3891 589 3964 episcopus,
619 3895 682 3950 vitm
703 3897 1017 3971 maritisetsapieutiae
1070 3898 1191 3965 occulto,
1209 3898 1919 3970 demdesidedosupernaepatriaenonirradiat,

170 3977 279 4034 lumine
306 3980 471 4051 praeclarus,
496 3982 700 4039 catholicorum
717 4001 840 4057 sequens
855 3987 1016 4043 doctrinam
1071 3992 1156 4058 atque
1167 4003 1216 4041 eos
1228 3986 1382 4042 invisibilis
1396 3987 1467 4041 loni
1481 4003 1579 4042 amere
1594 3992 1720 4042 exterres
1735 3986 1920 4057 derelinquit,

169 4066 382 4138 magistrorum,
399 4067 429 4122 in
445 4069 519 4124 libre
535 4072 660 4126 seeundo
678 4073 891 4130 Sententiarum
906 4076 976 4148 (cup.
989 4077 1016 4144 6)
1071 4091 1128 4129 neu
1147 4074 1297 4143 interiora,
1317 4075 1365 4130 sed
1382 4076 1535 4143 exteriora,
1566 4091 1775 4147 nonsuperna,
1803 4075 1851 4129 sed
1879 4074 1923 4128 in-

168 4155 315 4226 geminam
330 4155 388 4210 lore
401 4157 685 4227 praedestinationem
701 4166 759 4216 tam
777 4180 913 4219 sensuum
928 4182 1015 4237 quam
1071 4165 1149 4232 tima,
1163 4163 1217 4218 hec
1230 4169 1273 4218 est
1288 4180 1346 4218 uon
1361 4163 1501 4235 spiritalia
1516 4165 1564 4220 sed
1593 4164 1763 4235 corporalia,
1790 4179 1848 4218 non
1864 4180 1921 4219 coe·

172 4241 324 4297 verborum
352 4243 533 4300 attestatione
558 4246 650 4316 docet,
680 4248 798 4306 dicens:
817 4252 946 4323 [Gemina
973 4259 1016 4309 est
1070 4252 1213 4306 lestiased
1230 4258 1344 4307 terrene
1366 4253 1440 4307 bona
1465 4252 1587 4324 diligere
1602 4269 1631 4306 se
1649 4253 1757 4324 quique
1770 4251 1919 4323 permittit.

168 4329 391 4400 praedestinatio,
427 4332 485 4388 sire
523 4334 682 4391 electorum
714 4339 750 4394 ad
781 4339 922 4411 requiem,
955 4322 1680 4414 sicel)Nenenimveritatisquisquambonum3
1700 4342 1921 4412 velamarepe-

167 4418 359 4488 reproborum
374 4419 410 4474 ad
424 4427 558 4478 mertem.
575 4425 699 4498 Utraque
718 4426 815 4483 divino
829 4429 925 4500 agitur
936 4429 1015 4499 judi·

168 4505 224 4573 cio,
239 4512 272 4562 ut
287 4523 401 4579 semper
417 4511 520 4566 clectos
540 4529 666 4585 superna
680 4519 708 4569 et
721 4517 859 4572 interiora
873 4518 955 4589 sequi
969 4518 1015 4572 ia-

168 4594 234 4664 ciat,
246 4612 417 4668 semperque
433 4601 578 4670 rcprobos,
606 4607 637 4658 ut
651 4603 751 4659 intima
761 4609 789 4660 ct
804 4605 944 4660 exteriora
962 4606 1014 4659 de·

167 4682 282 4751 lactent,
310 4684 466 4742 deserendo
490 4691 646 4760 permittat.
677 4691 755 4748 Sicut
783 4693 897 4765 ignorat
927 4695 1013 4749 hemo

166 4771 323 4827 terminum
334 4773 407 4829 lueis
419 4781 448 4830 et
458 4778 653 4848 tenebrarum,
670 4781 713 4835 rel
724 4781 877 4853 utriusque
893 4781 933 4835 rei
949 4782 1013 4854 quis

166 4859 290 4931 linissit,
301 4860 341 4916 ita
355 4863 469 4933 plenius
483 4866 574 4923 nescit
589 4869 653 4938 quis
668 4873 733 4923 ante
749 4884 834 4923 suurn
848 4869 935 4924 finem
953 4870 1014 4925 luce

1068 4432 1134 4496 test,
1150 4429 1193 4483 rel
1209 4429 1331 4500 assequi,
1350 4430 1403 4484 nisi
1419 4430 1545 4486 veritatis
1560 4431 1623 4485 luce
1638 4430 1830 4484 commonitus
1848 4429 1912 4499 ipsa

1067 4521 1244 4588 protestante
1255 4518 1384 4573 veritate.
1403 4539 1417 4568 a
1428 4520 1516 4574 Nemo
1533 4518 1610 4573 venit
1625 4518 1660 4573 ad
1675 4534 1732 4584 me,
1755 4517 1810 4572 nisi
1830 4517 1915 4573 Pater

1068 4606 1215 4660 attraxerit
1228 4623 1296 4661 eum
1309 4609 1398 4676 (doure.
1416 4623 1450 4673 vr,
1468 4606 1679 4675 44);aeta1ibi
1696 4623 1703 4662 :
1726 4627 1740 4656 «
1756 4607 1846 4661 Nemo
1863 4622 1917 4660 no·

1068 4694 1109 4748 vit
1121 4695 1235 4749 Patrem
1252 4695 1306 4749 nisi
1317 4696 1415 4764 Filius,
1428 4701 1456 4751 et
1480 4695 1525 4749 eui
1538 4695 1671 4762 veluerit,
1689 4694 1776 4750 Filius
1788 4694 1917 4749 revelare

1068 4784 1177 4852 (Marte.
1192 4800 1229 4849 x1,
1241 4784 1301 4854 27);
1316 4802 1330 4835 e
1348 4783 1453 4838 attrahi
1469 4789 1566 4839 autem
1580 4784 1616 4839 ad
1631 4783 1773 4840 Christum
1789 4782 1857 4854 qeid
1872 4788 1917 4837 est

1069 4871 1124 4926 nisi
1141 4881 1173 4928 ut
1186 4872 1216 4927 in
1237 4888 1303 4926 eum
1322 4874 1454 4927 credatur
1473 4876 1500 4926 et
1523 4872 1666 4927 credendo
1693 4878 1840 4943 sequatur.
1869 4871 1916 4927 Sic

162 4948 283 5020 justitia
303 4952 504 5022 praeveniatur,
525 4956 568 5010 vel
599 4957 663 5027 quis
686 4961 869 5028 peecatorum
888 4959 1014 5013 tenebris
1067 4975 1182 5032 quoque
1193 4976 1244 5032 per
1260 4961 1361 5015 Filium
1374 4960 1493 5014 revelari
1502 4962 1614 5016 Patrem
1630 4976 1689 5015 nen
1705 4963 1747 5014 est
1760 4959 1840 5015 eliud
1858 4959 1916 5014 nisi

166 5054 260 5110 usquc
276 5038 404 5094 insnum
424 5042 579 5097 terminum
596 5044 773 5106 obscuretur,
796 5051 846 5100 aut
870 5046 935 5118 quis
950 5052 1014 5117 pest
1068 5048 1135 5103 lidei
1161 5048 1253 5104 oculis
1275 5050 1387 5104 Patrem
1404 5049 1512 5117 videre,
1537 5054 1567 5104 et
1590 5047 1750 5104 dilectionis
1772 5047 1915 5118 obsequio

167 5127 279 5197 lapsum
307 5128 491 5185 tenebrarum
520 5136 820 5205 conversusresurgat
847 5134 882 5190 ad
909 5134 1011 5190 lucem.
1067 5137 1211 5205 venerari3
1236 5153 1405 5209 quemrere
1430 5138 1514 5192 Pater
1540 5137 1636 5192 trahat
1648 5136 1685 5191 ad
1699 5136 1855 5204 Christum,
1888 5141 1918 5191 et

167 5214 346 5270 Cunetahaec
362 5217 418 5272 lieo
431 5223 538 5290 patent,
551 5220 698 5275 hominem
710 5238 776 5276 rere
787 5223 879 5278 latent
895 5240 1011 5296 :qnam
1067 5225 1112 5280 eui
1129 5225 1216 5280 Filius
1238 5225 1344 5280 revelet
1367 5227 1491 5292 Patrem,
1518 5240 1577 5279 non
1589 5225 1726 5291 humane,
1751 5238 1850 5278 rerum
1872 5223 1916 5279 di-

166 5300 208 5354 ris
222 5303 367 5372 justorum
388 5306 566 5360 conversatio
588 5307 619 5361 in
638 5308 691 5363 hac
714 5312 774 5364 vita
793 5312 950 5381 probabilis
977 5315 1015 5370 sit
1066 5313 1133 5371 rino
1149 5317 1280 5368 censetur
1294 5313 1416 5384 judicio.
1431 5313 1462 5368 Et
1476 5313 1506 5368 in
1523 5313 1703 5386 hacquidem
1723 5312 1916 5367 mortalitate-

167 5386 310 5446 ineertum
325 5398 422 5448 tamen
434 5393 600 5449 homiuibus
616 5412 687 5467 esse,
701 5397 736 5453 ed
751 5415 838 5470 quem
852 5399 909 5455 sint
924 5399 1013 5456 linem
1067 5401 1140 5456 nnlli
1154 5402 1300 5473 cognitum
1311 5401 1376 5473 quis
1391 5400 1429 5456 ita
1443 5402 1573 5458 trahatur
1587 5403 1622 5458 ad
1636 5402 1792 5469 Christum,
1809 5401 1851 5455 rel
1867 5400 1916 5456 eui

165 5477 372 5551 predestinati,
397 5481 446 5537 sed
474 5481 572 5538 omnia
595 5487 733 5541 reservari
757 5488 854 5543 future
875 5491 1011 5546 examini.
1068 5490 1107 5545 sic
1136 5490 1224 5546 Filius
1249 5491 1356 5546 revelet
1370 5491 1495 5559 Patrem,
1519 5495 1550 5546 ut
1572 5490 1657 5546 sitde
1676 5490 1916 5545 uumeroeleeto-

164 5563 234 5622 llira
248 5566 398 5641 dispositio
412 5572 455 5626 est
468 5585 601 5644 supernae
616 5572 836 5646 distributionis,
859 5593 912 5649 per
925 5593 1013 5652 quam
1068 5593 1143 5634 rum.
1179 5579 1251 5635 ilinc
1281 5579 1382 5635 beatus
1420 5579 1545 5637 Isidorus
1570 5579 1764 5653 prosequitur,
1795 5577 1913 5637 dicens:
