3930 6098
161 264 212 323 tte

515 224 740 319 DISSEDTthO
762 263 793 319 ut
814 261 878 319 tta.
900 261 945 317 ltu
963 258 1134 319 CORPORE¹
1151 261 1195 319 ET
1214 257 1391 317 SAthUlNE
1413 254 1544 316 buntur.

1865 258 1912 315 tao

162 403 237 458 bene
251 400 356 467 meriti,
376 401 411 455 ab
428 397 571 470 ejusmodi
592 397 711 455 heresis
730 398 903 454 contumelia
917 404 946 454 et
959 415 1009 471 op·
1027 396 1048 448 Α
1063 413 1120 452 uon
1131 398 1217 453 modo
1228 413 1320 468 nuper
1334 395 1537 452 aTridentinis
1551 395 1715 451 censoribus
1729 393 1911 467 summisque

187 473 282 529 robrio
296 489 354 527 uon
368 470 583 525 vindicaverint.
601 471 658 540 Ego
677 486 743 524 vero
763 470 853 525 luteor
868 487 913 524 me
928 471 1010 524 intel-

166 492 257 615 iigere
267 559 325 597 nou
339 558 420 611 posse
435 554 539 612 exque
554 540 720 595 dissertator
732 540 785 594 sibi
802 541 922 595 suaserit
935 548 1010 612 post-

168 630 255 680 quam
266 616 390 667 cremata
405 610 514 666 fuerint
528 611 703 681 exemplaria
717 611 782 666 libri
797 612 831 665 da
847 612 972 683 Corpore
982 618 1011 667 et

168 684 313 754 Sanguine
335 683 459 747 Domini,
477 698 533 735 non
550 683 609 736 visa
632 699 691 736 esse
717 688 782 736 ante
804 698 910 735 aurium
931 685 1008 746 1525,

168 754 220 807 sub
240 754 356 807 nomine
377 753 528 807 Bertramii
541 761 590 806 aut
606 753 752 807 llatramni
766 770 831 806 uam
845 753 1011 822 Sigehertus

168 825 271 878 saeculo
296 840 345 884 xii.
370 823 477 878 scilicet
500 840 575 878 anno
598 823 817 893 quadragesimo
841 829 904 894 post
919 824 1009 876 conci·

168 895 238 948 liunr
259 896 431 951 itomauum.
449 900 576 948 recenset
590 894 695 948 librum
711 894 746 947 da
762 895 884 964 Corpore
899 898 928 947 et
939 894 1011 949 San·

168 965 255 1032 guina
271 965 387 1020 Domini
402 964 455 1018 sub
468 965 584 1018 nomine
599 965 745 1018 llatramni
761 965 836 1018 inter
850 963 955 1035 scripta
970 982 1013 1018 ca·

168 1035 273 1091 thetica
287 1040 315 1088 et
333 1036 490 1089 orthodoxa
505 1036 688 1099 Trithemius,
699 1035 786 1090 abbas
801 1035 1013 1105 Spanemieusis

168 1106 270 1161 saecriio
295 1122 329 1159 xv
349 1108 379 1159 in
400 1107 535 1176 Calatogo
558 1106 733 1175 Scriptorum
758 1107 1013 1161 ecclesiasticorum

169 1177 244 1231 idem
262 1182 387 1246 praestat,
404 1183 432 1230 et
447 1177 565 1247 vestigia
584 1177 725 1246 sigeberti
740 1178 911 1247 ingeminat.
923 1183 1014 1231 Antea

143 1253 335 1318 ·Anonymus
368 1247 554 1313 Cellotiauus,
581 1248 649 1313 sive,
674 1254 705 1301 ut
733 1255 814 1318 putat
837 1248 1013 1313 dissertator,

169 1318 310 1387 Erigerus.
338 1319 526 1373 llatramnum
546 1318 673 1387 ejusdem
697 1317 763 1372 libri
782 1324 928 1372 auctorem
945 1319 1016 1372 indi·

169 1388 256 1469 gitat:
287 1393 315 1441 et
337 1389 460 1442 ioannes
490 1389 656 1450 Fischerius,
688 1389 837 1459 episcopus
865 1388 1014 1455 Rotleusis,

169 1475 233 1528 ipso
247 1475 323 1512 anno
336 1461 413 1515 iseo.
429 1459 505 1514 Nihil
516 1460 604 1530 igitur
616 1465 671 1513 lam
684 1459 912 1513 averoatienum
928 1475 1014 1529 qnam

170 1529 246 1599 quod
264 1529 333 1583 dixit
356 1530 520 1584 dissertator
544 1546 634 1599 usque
658 1530 693 1583 ad
719 1546 825 1583 anuum
844 1531 910 1584 tuae
925 1532 1014 1583 altum

170 1599 245 1668 apud
268 1616 367 1654 omnes
390 1602 451 1670 ejus
475 1600 540 1655 libri
563 1600 616 1653 sub
630 1601 776 1655 llatramni
797 1601 914 1654 nomine
930 1601 1016 1654 tuisse

169 1670 323 1724 silentium.
349 1670 490 1726 Caeterum
515 1671 539 1724 si
563 1671 626 1739 quis
652 1670 868 1725 librosioanuis
883 1671 958 1726 Scoti
982 1671 1017 1725 da

1064 469 1248 541 pontificibus
1263 484 1383 525 censura
1394 473 1508 523 notatus
1522 473 1574 523 est.
1590 490 1600 515 ι

1408 589 1564 629 arsroasio.

1101 679 1131 736 Si
1149 686 1238 734 tantas
1260 678 1445 734 admirationi
1469 678 1563 733 locum
1589 676 1715 732 inveniat
1738 677 1913 748 dissertator,

1066 769 1098 804 ax
1113 769 1147 805 eo
1165 751 1243 822 quod
1260 752 1398 804 tuendum
1418 751 1576 820 comparuit
1592 750 1695 803 librum
1715 750 1862 804 llatramni
1880 752 1915 806 de

1065 824 1191 891 Corpore
1204 829 1231 876 et
1241 822 1385 891 Sanguine
1405 821 1517 873 lmuvvni
1535 819 1585 873 riri
1606 821 1722 890 quidam
1735 821 1863 889 theologi
1880 826 1917 875 ta·

1066 893 1150 947 metm
1162 909 1281 947 censura
1292 899 1421 945 notatum
1437 892 1509 946 etin
1527 891 1651 944 indicem
1667 891 1804 944 librorum
1821 892 1916 961 prohi-

1066 963 1196 1020 bitorum
1216 964 1375 1032 relegatum
1400 963 1435 1016 ab
1460 962 1705 1016 examinatoribus
1734 962 1877 1033 deputatis
1900 981 1917 1016 a

1067 1034 1190 1088 concilio
1204 1034 1371 1088 Tridentino
1388 1038 1417 1087 et
1432 1033 1467 1086 ab
1483 1033 1613 1101 ipsismet
1627 1033 1762 1087 Romame
1778 1034 1918 1102 pontilici-

1068 1104 1120 1159 bus
1142 1106 1279 1175 majorem
1295 1104 1379 1158 faciet
1393 1104 1611 1157 admirationem
1630 1105 1747 1173 antiqua
1763 1105 1847 1157 missa
1866 1105 1916 1159 La·

1068 1180 1128 1229 tina
1143 1192 1229 1245 quam
1248 1174 1377 1230 Matthias
1396 1175 1509 1228 Flaccus
1529 1174 1657 1242 lllyricus
1674 1175 1802 1244 proxime
1818 1176 1917 1246 elapso

1068 1248 1172 1299 saeculo
1195 1246 1358 1312 argentinae
1380 1246 1454 1317 typis
1474 1244 1605 1298 mandari
1623 1247 1743 1299 curarit.
1766 1246 1917 1301 Enimvero

1069 1318 1227 1387 primulum
1243 1317 1334 1370 lucem
1360 1316 1502 1386 publicam
1518 1315 1587 1369 vidit
1603 1333 1657 1385 ope
1678 1316 1803 1369 hominis
1824 1318 1917 1371 haere·

1069 1387 1127 1449 tici,
1149 1387 1392 1458 quemadmodum
1408 1386 1481 1441 liher
1496 1386 1655 1448 llatramni,
1674 1391 1702 1440 et
1715 1386 1749 1440 ab
1769 1389 1916 1441 examina-

1070 1458 1181 1511 toribus
1198 1458 1311 1512 concilii
1321 1457 1478 1511 Tridentini
1494 1457 1672 1526 aequabiliter
1686 1457 1713 1510 in
1729 1457 1821 1510 indice
1837 1458 1918 1511 libris

1071 1528 1222 1608 prohibitis
1238 1534 1366 1598 nuptas
1388 1527 1452 1592 fuit,
1477 1529 1516 1580 uli
1542 1529 1701 1597 perspicere
1727 1528 1810 1582 tacite
1825 1534 1869 1583 est
1886 1529 1917 1583 in

1070 1599 1171 1653 indicis
1186 1599 1344 1669 appendice
1360 1598 1502 1662 secunda,
1525 1604 1723 1651 verumtamen
1738 1599 1824 1652 hodie
1839 1598 1916 1668 rjus-

1072 1670 1148 1723 modi
1161 1670 1245 1722 missa
1258 1668 1358 1740 lllyrici
1367 1669 1505 1722 catholica
1515 1673 1543 1721 et
1553 1668 1709 1722 orthodoxa
1722 1675 1871 1739 reputatur
1881 1670 1918 1724 ab

169 1741 423 1794 Praedestiuatione
446 1746 496 1794 aut
521 1747 556 1793 lle
574 1744 582 1791 ὶ
601 1743 700 1812 φύσεων
726 1746 853 1815 pepigero
875 1742 1018 1811 applicata
1036 1740 1205 1801 Bomnihus
1219 1743 1310 1794 doctis
1326 1739 1456 1794 Ecclesiae
1467 1738 1664 1808 scriptoribus,
1680 1745 1709 1792 et
1723 1741 1758 1793 ab
1774 1740 1843 1810 ipsis
1857 1757 1920 1811 pro-

170 1815 265 1863 ruente
280 1812 366 1876 legat,
383 1816 491 1865 tautam
507 1759 571 1880 styii
587 1811 778 1866 differentiam
798 1813 1015 1877 animadvertat,

169 1886 213 1933 tot
231 1881 327 1935 Patres
341 1881 452 1935 Crunos
468 1882 600 1951 mysticos
621 1889 648 1936 et
671 1884 806 1936 asceticos
821 1885 921 1937 citatos
936 1899 1017 1954 repe·

170 1950 225 2003 riet
240 1967 363 2020 qnorum
380 1952 494 2006 nullum
515 1952 666 2021 vestigium
686 1958 735 2006 aut
751 1954 863 2007 sulcum
885 1955 1016 2007 interuo-

169 2036 247 2075 scere
261 2022 328 2076 licet
343 2022 372 2075 in
391 2022 471 2076 tibris
489 2024 647 2090 Ratramui,
665 2024 811 2078 utlibrum
836 2025 870 2078 de
894 2026 1017 2094 Corpore

170 2097 198 2146 ct
212 2091 357 2162 Sanguine
371 2093 483 2147 Domini
497 2094 549 2146 sub
569 2094 718 2148 llatramni
736 2095 852 2148 nornine
869 2096 1017 2165 vulgatum

169 2163 271 2216 ioanni
295 2163 452 2233 Scotigeuae
469 2163 632 2234 adjudicare
652 2169 679 2218 et
699 2165 826 2219 insolens
841 2171 869 2219 et
883 2182 1017 2237 superva-

172 2249 293 2286 caneum
304 2250 365 2287 esse
382 2234 520 2289 rideatur.

207 2304 408 2358 Verumtamen
423 2305 470 2359 hic
486 2321 576 2359 unum
591 2304 810 2375 praetermittere
825 2322 883 2361 non
903 2322 1018 2377 possum

172 2375 248 2443 quod
263 2374 381 2443 hujusce
397 2375 452 2430 litis
472 2377 588 2430 omnino
609 2377 799 2430 decretorium
821 2394 881 2430 esse
897 2377 1016 2432 ridetur.

172 2446 288 2499 Constat
309 2447 386 2499 enim
407 2447 545 2500 loannem
570 2448 686 2501 Scotum
714 2463 817 2516 corpus
836 2448 941 2502 Christi
956 2453 1019 2519 post

172 2516 408 2570 resurrectionem
428 2533 481 2571 uec
501 2517 630 2571 sensibus
647 2519 793 2572 tractabile
818 2535 869 2572 nec
883 2534 1017 2573 carneum

172 2587 360 2655 existimasse,
384 2592 416 2640 ut
434 2587 620 2658 intelligimus
639 2605 671 2642 ex
688 2589 760 2642 libro
782 2589 847 2643 vde
874 2589 1018 2644 Diuisione

172 2661 292 2721 natura,
304 2673 370 2736 pag.
383 2660 446 2721 293,
463 2673 543 2712 rium.
560 2661 591 2714 37
607 2676 613 2712 :
633 2680 644 2708 ι
669 2659 802 2729 Quisquis
817 2664 913 2713 autam
929 2660 1019 2713 sancti

170 2726 313 2781 ambrosii
330 2728 517 2799 Gregoriique
532 2730 681 2799 Theologi,
698 2730 862 2798 diligentius
877 2731 952 2783 dicta
973 2730 1018 2783 in·

172 2800 305 2866 sperarit,
326 2797 453 2852 inveniet
469 2800 596 2869 prolecto
613 2816 671 2853 non
688 2801 878 2854 mutationem
893 2801 1019 2870 corporis

173 2870 280 2922 terreni
304 2868 334 2927 in
354 2870 468 2924 coeleste
481 2886 594 2940 corpus,
611 2870 660 2923 sed
676 2870 794 2923 omnino
818 2871 969 2925 transitum
988 2871 1017 2925 in

172 2939 266 3007 ipsum
282 2939 435 3003 spiritum:
453 2956 508 2994 nou
520 2940 549 2994 iu
561 2941 641 2994 illum
653 2940 702 3011 qui
718 2942 818 3002 aether,
830 2941 877 2994 sed
894 2941 1017 2995 initium

172 3008 1016 3081 quiintellectnsvocitatur.»Ambrosiussiquidemnmnem

1069 1812 1238 1865 testantibus
1250 1810 1558 1881 hominibustanquam
1570 1811 1629 1863 suis
1638 1810 1820 1880 dogmatibus
1833 1810 1918 1865 valde

1072 1897 1236 1947 repugnans
1252 1888 1281 1935 et
1295 1881 1413 1934 adversa
1436 1881 1611 1949 repudiatur.
1637 1882 1702 1951 Ejus
1717 1881 1803 1935 tidem
1827 1887 1855 1934 et
1872 1881 1917 1955 ὁρ-

1072 1949 1192 2014 Ouddita-a
1222 1951 1373 2006 vindicavit
1401 1951 1645 2004 eiriiuentissimus
1668 1952 1821 2005 cardinalis
1843 1953 1920 2006 Dorta

1072 2024 1175 2077 lterum
1195 2023 1391 2090 liturgicarum
1406 2021 1456 2075 lib.
1472 2038 1491 2086 1,
1507 2037 1567 2090 cap.
1588 2025 1630 2088 tt,
1643 2037 1804 2093 novamque
1819 2023 1919 2077 editio·

1072 2109 1136 2146 nem
1154 2093 1215 2147 lieri
1229 2094 1258 2147 in
1274 2093 1437 2163 appendice
1448 2092 1481 2146 ad
1496 2092 1601 2146 librum
1613 2095 1647 2145 de
1659 2094 1755 2147 Delius
1766 2093 1916 2161 liturgicis,

1071 2170 1099 2217 et
1110 2166 1140 2218 P.
1158 2165 1297 2230 Coralius,
1310 2163 1517 2220 Orator-iidem.
1531 2164 1595 2217 lesu
1614 2162 1771 2234 Presbyter,
1786 2164 1816 2217 in
1826 2167 1920 2217 Auria·

1072 2235 1147 2289 libus
1161 2235 1363 2289 Ecclesiasticis
1390 2235 1573 2300 Francorum,
1590 2240 1762 2288 curaverunt
1780 2235 1918 2288 ‹amenda-

1071 2305 1173 2358 tiorem
1187 2312 1214 2359 et
1229 2306 1319 2373 magis
1330 2304 1506 2369 castigatam,
1521 2306 1595 2357 sicut
1606 2305 1752 2359 llatramni
1763 2304 1868 2359 librum
1883 2306 1919 2359 de

1072 2376 1196 2444 Corpore
1205 2382 1233 2429 et
1243 2375 1388 2445 Sanguine
1399 2375 1512 2428 Domini
1521 2375 1746 2429 emcvvdatiorem
1756 2391 1787 2429 ex
1799 2377 1919 2446 antiquo

1071 2446 1167 2498 codice
1192 2447 1384 2515 manuscripto
1408 2461 1473 2498 cum
1498 2462 1566 2499 cura
1592 2452 1619 2499 ct
1644 2445 1700 2500 lide
1714 2448 1917 2514 expressimus.

1073 2517 1207 2570 Eamdem
1233 2517 1348 2570 missam
1370 2516 1496 2570 Latinam
1518 2516 1703 2586 inquisitores
1724 2517 1853 2588 liispani,
1874 2534 1919 2570 re·

1072 2592 1177 2656 guante
1192 2587 1326 2657 Philippo
1339 2587 1475 2650 secundo,
1491 2587 1785 2654 cevrsnraaliecerrirrt,
1802 2587 1917 2657 instiga-

1072 2658 1149 2711 tione
1165 2657 1336 2712 Ferdiuandi
1359 2659 1496 2721 Toletani,
1521 2658 1601 2712 discis
1625 2658 1767 2721 albensis,
1793 2657 1919 2712 hominis

1072 2729 1166 2782 studio
1177 2728 1476 2798 religioniscathoticoe
1485 2727 1806 2799 nonsolunvtlagraulis,
1818 2745 1919 2782 verum

1072 2798 1158 2852 eliam
1176 2799 1305 2862 iurantis,
1330 2815 1415 2868 quem
1436 2799 1506 2853 dicit
1527 2799 1632 2852 lesuita
1654 2799 1805 2854 Famlauus
1820 2799 1919 2854 Strada

1072 2885 1106 2922 ex
1119 2869 1226 2923 bellicis
1242 2870 1391 2923 tormentis
1407 2869 1502 2923 iusum
1518 2870 1684 2931 antuerpia
1698 2869 1726 2922 in
1739 2870 1838 2923 eadem
1859 2870 1919 2924 bel·

1072 2940 1125 2992 lica
1140 2946 1283 2993 tormenta
1298 2940 1424 2993 retusum
1437 2940 1532 2992 luisse.
1546 2940 1696 2994 Enimvero
1709 2940 1777 2993 nihil
1795 2940 1919 2993 admira-

1071 3010 1150 3064 tione
1163 3011 1280 3080 dignum
1292 3010 1316 3063 si
1327 3011 1361 3064 ab
1371 3011 1513 3079 ejusmodi
1526 3011 1674 3064 tribunalis
1684 3011 1840 3074 judicibus,
1853 3012 1917 3082 qui-

171 3080 407 3148 compositionem
431 3082 533 3148 aufert,
562 3082 601 3136 ita
625 3087 656 3137 ut
688 3088 753 3153 post
779 3081 1124 3151 resurrectionemcbus
1150 3081 1305 3135 inerrantia
1329 3082 1439 3135 nullan
1462 3082 1532 3135 coelo
1558 3080 1661 3134 tradita
1683 3087 1735 3146 est,
1750 3082 1878 3150 judicata
1894 3088 1921 3136 et

171 3166 284 3220 corpus,
300 3156 329 3205 et
342 3153 448 3218 anima,
472 3157 500 3206 et
515 3152 688 3223 intellectus,
702 3169 791 3207 unum
807 3153 864 3207 sint
882 3158 911 3207 et
927 3170 1016 3208 unum
1075 3153 1265 3206 condemnata
1288 3151 1414 3205 virorum
1429 3151 1576 3205 doctorum
1605 3167 1692 3220 epora
1706 3152 1814 3206 auxilio
1829 3159 1859 3206 et
1872 3151 1917 3208 de·

172 3221 291 3291 simplex
305 3238 398 3291 neque
412 3239 445 3277 ex
460 3223 552 3278 tribus
567 3224 762 3294 conjunctum,
778 3229 807 3278 et
821 3240 885 3295 qua
904 3224 950 3279 hic
967 3225 1021 3280 tria

171 3291 313 3359 videntur,
341 3293 399 3347 illic
428 3309 501 3347 unus
529 3293 688 3349 intellectus
712 3294 844 3348 eflicitur.
869 3295 1021 3366 Gregorius

172 3361 303 3414 similiter
328 3369 356 3416 et
380 3363 577 3417 incunctanter
604 3365 707 3416 astruit
735 3365 926 3419 uastationem
958 3380 1021 3419 cor-

172 3432 249 3499 poris
263 3437 391 3500 tempore
411 3433 627 3486 resurrectionis
643 3433 670 3486 in
700 3434 837 3498 animam,
862 3434 967 3488 auiuvre
989 3436 1020 3489 in

172 3499 362 3566 intellectum,
387 3507 416 3555 et
436 3502 595 3556 intellectus
610 3503 640 3556 in
659 3504 759 3565 Deum,
773 3520 805 3556 ae
820 3502 860 3557 sic
874 3505 971 3558 omnia
991 3505 1019 3558 in

172 3569 305 3623 omuibus
322 3572 395 3625 Deus
412 3571 477 3637 erit,
494 3572 566 3626 sicut
580 3588 629 3627 aar
644 3574 771 3631 vertitur.
788 3573 817 3627 in
834 3575 936 3628 luceru.
954 3596 968 3626 a
989 3577 1022 3631 Et

171 3638 300 3707 ejusdem
321 3640 385 3696 libri
401 3657 481 3695 num.
502 3644 549 3698 38:
567 3643 624 3698 «si
648 3659 716 3713 ergo
731 3643 932 3699 transformata
955 3662 1020 3700 caro

171 3709 275 3765 Christi
297 3713 388 3766 estin
411 3712 461 3766 Dei
486 3713 619 3767 virtutem
649 3721 677 3768 et
696 3715 812 3786 spiritus
830 3716 1021 3784 incorruptio·

171 3795 248 3846 nem,
265 3782 391 3850 profecto
414 3783 477 3851 ipsa
490 3800 555 3838 caro
575 3785 664 3837 virtus
683 3792 726 3839 est
743 3792 771 3840 et
796 3786 1020 3855 incorruptibilis

171 3850 306 3920 spiritus;
322 3870 354 3907 ac
368 3854 391 3907 si
406 3854 456 3908 Dei
471 3855 560 3908 virtus
575 3856 702 3924 spiritus,
721 3857 827 3926 ubique
844 3862 959 3911 estnon
975 3875 1020 3911 so·

170 3923 230 3977 tum
244 3939 330 3994 super
344 3925 404 3978 ioca
419 3928 447 3979 et
461 3930 602 3997 tempora,
620 3942 717 3980 verum
733 3928 819 3981 etiam
835 3942 920 3997 super
935 3945 1020 3983 omne

169 3994 245 4062 quod
267 4000 310 4049 est
326 3996 397 4049 nulii
422 3995 539 4049 dubium
569 3996 639 4066 quin
664 3997 724 4064 ipsa
744 4015 809 4050 caro
838 3998 971 4053 virtulem
992 4006 1019 4053 et

169 4063 302 4133 spiritum
332 4066 532 4119 transformata
556 4068 635 4120 nollo
650 4066 710 4120 loce
730 4068 918 4136 contineatur,
940 4070 1018 4124 nullo

114 4137 126 4156 ⁶
170 4141 298 4204 tempore
323 4140 464 4201 mutetur;
486 4137 533 4189 sed
557 4137 627 4190 sicul
660 4137 709 4191 Dei
734 4138 823 4192 virtus
844 4144 903 4193 ets
926 4139 1018 4207 iritus,

170 4203 294 4259 Verbum
315 4205 446 4260 videlicet
469 4207 645 4276 quodetiam
668 4207 699 4261 in
719 4210 857 4264 unitatem
877 4156 933 4264 siit
953 4213 1016 4266 sub·

169 4274 281 4329 stantiae
297 4280 452 4345 acceperat,
469 4277 566 4331 omnia
581 4279 642 4332 loca
663 4284 692 4332 et
709 4284 838 4349 tempora
856 4286 885 4335 et
902 4281 1020 4336 univer·

169 4342 388 4400 saliteromnem
398 4346 692 4418 circumscriptionem
706 4351 831 4404 excedat.
850 4353 935 4406 »tam
953 4369 1018 4407 vero

168 4414 233 4482 quis
243 4415 383 4484 ejusmodi
396 4419 582 4487 opinamenta
593 4421 703 4474 auctori
721 4421 786 4475 libri
802 4421 836 4475 de
851 4422 975 4491 Corpore
990 4429 1019 4477 et

168 4484 312 4566 Sanguine
329 4487 442 4543 Domini
463 4489 606 4544 ascribat?
630 4491 679 4562 qui
695 4508 809 4560 prorsus
830 4494 974 4546 contraria
989 4499 1017 4546 et

167 4558 226 4609 toto
240 4556 379 4612 diametro
394 4559 527 4630 opposita
542 4560 650 4624 doceat,
662 4566 691 4614 et
705 4562 864 4623 prasertim
885 4579 965 4619 num.
983 4567 1017 4619 30

168 4627 228 4680 brec
243 4628 329 4692 verba
344 4629 387 4683 ori
401 4630 505 4686 Christi
520 4631 644 4685 inducit:
662 4651 675 4682 a
696 4632 766 4687 Cani
790 4640 855 4703 post
874 4650 1015 4688 resurrec·
1035 4656 1039 4661 ’

167 4697 273 4751 tionem
294 4699 381 4753 visuri
397 4702 458 4755 sitis
481 4717 527 4755 me
547 4704 633 4757 coelos
649 4719 844 4769 ascensurum,
866 4720 932 4760 cnm
946 4705 1016 4759 inte-

165 4767 208 4834 gri
227 4769 354 4834 corporis
386 4771 444 4824 sive
474 4772 620 4842 sanguinis
647 4773 700 4826 mei
732 4773 921 4844 plenitudine.
944 4797 958 4824 o
982 4777 1015 4830 Et

165 4854 245 4893 num
262 4842 314 4894 99:
332 4863 345 4889 o
361 4844 397 4894 At
413 4858 479 4895 vero
502 4844 612 4912 Corpus
633 4844 703 4899 illud
718 4845 747 4898 in
764 4861 821 4916 que
847 4860 948 4915 passus
972 4851 1014 4901 est

165 4916 193 4960 et
207 4911 360 4965 resurrexit
383 4913 520 4975 Christus,
542 4915 691 4985 proprium
715 4916 776 4985 ejus
795 4931 899 4986 corpus
919 4916 1014 4971 existit

164 4979 344 5059 deevirginis
369 4983 462 5037 ldariae
476 4999 595 5054 corpore
610 4990 768 5054 sumptum,
793 4986 934 5055 palpabile
954 4988 1012 5041 sire

164 5050 274 5106 visibile
299 5054 384 5108 eliam
411 5060 475 5122 post
497 5058 746 5117 resurrectionem,
770 5056 842 5109 sicut
860 5056 918 5125 ipse
932 5057 1011 5111 disci·

162 5121 237 5186 prdie
261 5122 317 5176 ait:
344 5126 456 5194 Palpote
474 5131 500 5178 et
519 5126 607 5181 videte
633 5128 699 5193 quio
724 5129 839 5194 spiritus
863 5142 969 5182 curnem
986 5136 1011 5183 ct

162 5205 224 5245 ossa
246 5209 299 5248 nori
324 5194 403 5247 habet
423 5197 492 5250 sicut
511 5212 552 5250 me
572 5195 671 5251 videtis
695 5197 799 5251 hebere.
819 5217 830 5243 »
849 5197 897 5252 llis
921 5199 1011 5269 igitur

162 5263 286 5332 emplius
301 5262 449 5317 immorari
466 5282 521 5319 nnn
542 5283 615 5335 optus
630 5271 681 5329 est,
697 5267 743 5321 sed
768 5265 803 5319 ad
820 5268 957 5323 tuendam
982 5275 1010 5324 et

161 5330 360 5386 vindicandam
387 5333 471 5404 hujus
492 5336 558 5390 libri
581 5337 666 5390 tldrm
691 5341 719 5390 et
737 5333 889 5410 όρθοδόξιαν
909 5338 1010 5393 leviter

159 5402 328 5472 placideque
354 5407 508 5475 procedere
528 5406 617 5475 juvet.
641 5431 650 5453 u
680 5406 769 5477 Hujus
788 5414 877 5463 nutem
900 5409 973 5476 libri,
993 5429 1005 5458 a

1075 3223 1236 3277 laesoribus
1249 3228 1361 3292 egeant.
1378 3223 1456 3276 Inter
1466 3222 1678 3276 lucubrationes
1689 3223 1874 3276 illustrissimi
1889 3240 1920 3278 ec

1075 3293 1232 3347 doctissimi
1247 3293 1356 3348 Claudii
1372 3293 1524 3362 Espencaei,
1541 3293 1664 3346 doctoris
1690 3293 1814 3363 theologi
1839 3294 1918 3348 Pari-

1076 3363 1185 3429 siensis‚
1200 3363 1275 3416 inter
1289 3365 1385 3417 Patres
1399 3367 1580 3434 purpuratos,
1597 3363 1626 3416 ni
1642 3380 1729 3432 prava
1740 3364 1857 3418 covrsilia
1873 3365 1920 3419 eb

1075 3433 1377 3505 stitisseuteeaptandi,
1392 3439 1424 3487 ut
1433 3434 1763 3490 testiticaturD.tacobus
1774 3439 1919 3503 augustus

1075 3506 1210 3559 Thuanus
1222 3511 1251 3558 et
1262 3506 1386 3573 ipsemet
1404 3506 1580 3573 espencaeus,
1596 3505 1657 3574 ejus
1673 3507 1873 3559 commentarii
1890 3506 1919 3560 in

1076 3575 1231 3645 Epistolam
1245 3576 1281 3629 ad
1297 3576 1392 3629 Titum
1407 3579 1435 3629 et
1449 3581 1585 3629 tractatus
1607 3577 1642 3629 de
1658 3575 1840 3631 Continentia
1861 3592 1919 3648 prae

1075 3645 1184 3700 caeteris
1198 3646 1351 3711 evineuut;
1366 3645 1473 3716 quippe
1494 3662 1557 3700 cum
1574 3663 1632 3700 uon
1648 3647 1740 3699 solum
1757 3647 1919 3701 eruditione

1075 3732 1188 3770 sviuima
1202 3717 1379 3786 expleantur,
1401 3732 1501 3770 rerum
1524 3717 1608 3770 etiam
1629 3717 1730 3787 spiritu
1756 3718 1868 3771 consilii
1891 3723 1920 3772 et

1076 3787 1251 3841 fortitudinis
1266 3787 1371 3855 scripta
1390 3786 1448 3840 sint
1463 3787 1597 3841 adversus
1613 3787 1718 3840 abusus
1732 3792 1760 3841 et
1776 3788 1844 3841 vitia
1857 3789 1920 3859 qui·

1073 3858 1126 3911 bns
1141 3861 1230 3911 terme
1245 3873 1345 3911 omnes
1361 3873 1394 3910 eo
1409 3859 1511 3911 saecule
1528 3857 1761 3912 deformabantur
1776 3857 1917 3926 homines,

1073 3934 1270 3982 verumtamen
1280 3927 1352 3981 tanti
1367 3927 1420 3981 viri
1433 3932 1568 3982 tractatus
1578 3928 1685 3998 proditi
1699 3931 1728 3981 in
1745 3928 1839 3982 iudice
1855 3946 1920 3983 exa-

1074 3999 1245 4052 minatorum
1261 3997 1374 4052 concilii
1386 3998 1544 4052 Tridentini
1567 4015 1630 4053 cum
1649 4000 1804 4054 Batramno
1821 4007 1918 4056 nostro

1073 4075 1102 4122 et
1123 4069 1208 4122 missa
1231 4068 1330 4123 Latina
1354 4069 1457 4140 lllyrici
1480 4069 1632 4124 infeliciter
1658 4076 1764 4134 errant,
1790 4086 1847 4123 non
1871 4073 1920 4125 mi·

1074 4141 1137 4194 nori
1158 4139 1369 4193 existimatione
1394 4139 1473 4207 digni
1489 4140 1564 4208 apud
1580 4156 1679 4193 omnes
1708 4140 1846 4194 eruditos.
1864 4143 1920 4197 Nec

1073 4210 1150 4265 euim
1161 4210 1657 4281 dubitandilocusrelinquiturquin
1673 4210 1733 4280 ipse
1752 4211 1921 4267 dissertator

1073 4289 1169 4334 noster
1183 4281 1366 4349 Espenereum
1383 4280 1457 4333 iuter
1472 4282 1600 4335 doctores
1614 4281 1766 4335 catholicos
1779 4289 1807 4335 et
1824 4283 1919 4338 omni·

1073 4352 1126 4405 bus
1145 4351 1282 4405 doctrinae
1303 4356 1331 4405 et
1355 4350 1421 4405 lidei
1441 4351 1570 4405 numeris
1590 4351 1737 4405 absolutos
1760 4359 1916 4408 recenseat.

1038 4422 1256 4496 DPercoutarcr
1270 4422 1393 4475 libenter
1408 4439 1423 4474 a
1438 4421 1620 4476 dissertatore
1636 4422 1765 4491 nunquid
1781 4423 1918 4479 articulos

1072 4493 1139 4545 cleri
1154 4492 1291 4548 Gallicani
1306 4493 1340 4547 de
1363 4497 1501 4562 potestate
1526 4492 1724 4557 ecclesiastica,
1740 4493 1802 4564 regi
1824 4494 1917 4549 Chris·

1071 4562 1229 4616 tianissimo
1244 4563 1355 4618 «ablatos
1371 4579 1446 4617 anun
1473 4566 1550 4623 1682.
1575 4579 1647 4633 quos
1667 4578 1764 4615 revera
1787 4564 1822 4616 ab
1838 4567 1918 4619 tuno

1070 4634 1163 4688 centio
1183 4634 1215 4687 lll
1244 4634 1446 4689 condemnatos
1472 4634 1558 4688 fuisse
1578 4649 1635 4687 nen
1655 4635 1780 4701 ignorat,
1800 4635 1916 4691 delendi

1069 4720 1152 4774 posse
1167 4703 1329 4759 existimet?
1339 4709 1382 4759 An
1395 4720 1479 4774 aequo
1494 4705 1537 4758 vel
1554 4703 1653 4774 iniquo
1664 4704 1761 4757 animo
1778 4704 1866 4760 ferret
1881 4708 1917 4761 ri·

1070 4774 1182 4843 tuperio
1197 4775 1272 4829 allici
1291 4790 1424 4827 censuras
1450 4774 1600 4827 Facultatis
1628 4773 1795 4827 parisiensis
1819 4778 1917 4831 adver·

1069 4845 1316 4900 snsVernautium
1343 4847 1393 4898 aut
1416 4843 1584 4899 Amadaeum
1609 4844 1800 4915 Goymenium
1826 4848 1914 4913 latas;

1068 4931 1104 4969 au
1126 4915 1265 4986 ejvismedi
1286 4929 1471 4968 censurarum
1488 4913 1623 4967 defensor
1646 4915 1672 4967 ei
1691 4915 1914 4972 admirationem

1068 4986 1217 5041 mereret?
1232 4984 1306 5048 Quas
1317 4990 1412 5038 minen
1429 4984 1522 5038 sciunt
1537 5001 1637 5038 omnes
1649 5001 1705 5039 nen
1721 4986 1813 5039 solum
1829 4987 1860 5041 in
1875 4989 1916 5042 in·

1067 5056 1127 5111 dice
1139 5056 1278 5109 librorum
1289 5053 1504 5124 prohibitorum
1515 5056 1674 5120 collocatas,
1689 5056 1737 5110 sed
1749 5057 1785 5110 ab
1793 5058 1916 5113 Alexan·

1065 5128 1116 5181 dre
1130 5126 1178 5180 Vll
1195 5140 1308 5179 summo
1325 5124 1459 5197 pontifice
1474 5126 1575 5180 vetitas
1587 5132 1616 5180 et
1635 5127 1808 5196 proscriptas
1824 5129 1914 5184 tuisse

1064 5197 1141 5250 bulla
1156 5196 1321 5250 anthentica
1342 5195 1477 5251 adversus
1497 5213 1544 5250 eas
1560 5213 1694 5251 censuras
1717 5197 1784 5251 data
1802 5198 1913 5267 Romae,

1063 5266 1196 5336 imposita
1221 5282 1305 5331 poena
1326 5268 1628 5321 excommunicationis
1644 5267 1707 5335 ipso
1722 5267 1796 5320 tanto
1814 5269 1912 5324 incur-

1062 5338 1160 5392 rendae
1170 5354 1207 5391 vu
1219 5336 1360 5391 Kalendas
1373 5337 1441 5391 tulii
1457 5339 1525 5392 anni
1538 5339 1629 5406 (tenu)
1647 5337 1799 5393 undecimo
1812 5342 1913 5411 ponti·

1062 5409 1162 5462 tlcatus¹
1178 5406 1328 5465 Alexandri
1339 5408 1465 5478 septimi.

159 5472 254 5594 igqtririt
270 5472 435 5553 dissertator
449 5493 514 5547 pag.
537 5481 585 5533 l66
602 5484 630 5532 rt
644 5480 706 5559 DS&
718 5480 860 5602 hcolumna
875 5479 1006 5561 interiori
1097 5478 1209 5560 Nullius
1235 5478 1357 5559 auctoris
1382 5478 1564 5560 libriumagis
1584 5493 1704 5559 censura
1727 5479 1818 5533 vexati
1844 5486 1913 5562 saint

158 5547 719 5690 tltftllxtttbhtlhbt'aare
735 5552 929 5690 toallis
944 5566 1005 5674 at
1059 5548 1911 5691 tlltttsssttlzlltrzlll”guillattitulasti?

157 5679 285 5753 ciperent
300 5688 382 5745 valde
392 5688 487 5743 miror
500 5690 610 5761 aliquos
629 5707 690 5746 case
708 5690 837 5748 inventes
851 5695 1001 5763 postquam
1057 5688 1908 5767 drigenianadogmata.Verumtamennonunmitumiinge
