3930 6098
86 221 145 277 325

577 223 715 282 CONTRA
743 223 948 285 GRAECORUM
977 224 1157 284 OPPOSle.
1173 256 1208 269 -
1224 227 1289 285 tllt.
1316 228 1360 284 lV.

1793 239 1845 294 326

85 351 195 406 ducere
220 352 386 407 nonsolnm
411 369 469 407 nou
491 354 682 412 consentiunt.
709 358 937 429 verrrmpenitos
957 359 1052 415 Adice
1077 360 1225 415 secundum
1249 361 1456 430 indulgentiam,
1493 380 1546 419 aon
1578 367 1725 423 recaredum
1755 370 1841 440 impe·

86 441 278 498 interdicunt.
304 442 439 507 Quamvis
462 443 492 496 ia
518 444 629 497 caeteris
656 445 777 499 nimium
801 447 938 516 supersti-

85 530 155 584 tiosi
172 532 323 585 rideantur
338 532 467 603 objectis,
492 532 521 585 in
538 533 592 586 isto
613 538 708 587 lamen
732 535 775 588 vel
792 536 937 605 stupendi,

84 620 133 674 vel
149 620 264 675 dolendi
280 621 437 690 plurimum
452 621 597 676 videntur.
615 623 753 694 Stupeudi
771 624 900 694 quidem,
915 625 938 679 si

85 718 148 763 lani
163 717 230 763 silut
243 727 260 763 a
275 709 424 780 sapientiae
447 711 557 765 lumine
571 714 685 772 remoti,
703 730 760 784 ‹puo
781 730 837 767 non
852 713 937 767 intel·

84 799 179 869 ligant
191 799 333 852 Romanos
349 797 377 851 in
393 798 447 852 hoc
461 799 534 853 iacto
547 816 604 854 non
619 800 713 854 solnm
726 817 783 854 non
805 803 937 872 culpabi·

85 889 128 944 los
143 903 293 958 apparere,
306 902 405 941 verum
423 887 508 942 etiam
524 889 724 958 praedicabiles
734 889 852 943 enitere·
866 891 936 945 Nam

83 975 271 1030 continentiae
284 976 390 1029 bonum
411 981 439 1030 st
462 975 598 1031 castitatis
619 977 731 1048 insigne
754 982 811 1032 tam
829 984 938 1033 constat

83 1080 149 1117 esse
164 1065 342 1135 praeclarum,
366 1069 398 1117 ut
418 1065 505 1119 etiam
525 1066 681 1135 gentilibus
700 1067 737 1120 sit
749 1066 937 1135 {admirable,·

82 1158 113 1205 et
128 1153 253 1207 inomni
270 1153 370 1207 ordine
395 1154 512 1208 comsit
535 1155 729 1224 praedicabile,
753 1160 814 1210 tum
840 1157 937 1227 praeci·

81 1258 144 1312 pue
158 1241 190 1295 in
211 1242 417 1308 sacerdotibus,
440 1259 473 1296 ac
494 1243 613 1313 reliquis
638 1245 709 1297 sacri
730 1245 828 1298 altaris
850 1245 937 1299 mini·

82 1330 172 1395 stris3
189 1346 262 1401 quos
285 1347 350 1384 crim
376 1332 493 1402 reliqum
518 1333 636 1386 virtutes
660 1333 768 1387 faciunt
799 1333 934 1400 illustres,

81 1419 256 1474 illustriores
269 1425 366 1474 umen
382 1421 506 1474 reddunt
527 1420 722 1476 sanctimoniae
747 1423 891 1494 splendor,
908 1428 936 1478 et

80 1508 221 1562 castitatis
235 1508 320 1562 decus
335 1510 495 1580 egregium.
513 1510 634 1564 Dolcndi
660 1518 819 1580 venustent,
840 1513 864 1565 si
890 1518 934 1566 ta·

80 1597 121 1650 lia
147 1613 213 1650 cum
239 1598 382 1665 noverint,
407 1598 540 1653 adversus
562 1599 767 1654 conscientiam
788 1601 935 1672 propriam

992 452 1064 502 rium
1080 447 1173 520 (ibid,
1203 450 1240 514 6).
1263 450 1314 504 Cui
1340 453 1468 521 protinus
1493 454 1635 524 subjecit:
1663 459 1727 512 Volo
1752 470 1842 515 autem

992 552 1080 592 omues
1101 540 1218 592 homiues
1237 554 1294 592 esse
1306 538 1375 593 sicut
1388 544 1529 610 meipsum,
1550 545 1710 616 etreliqua.
1729 546 1840 610 Quibus

993 626 1141 680 manifeste
1168 626 1310 697 signiticat
1333 644 1362 680 se
1378 629 1506 683 caelibem
1522 647 1593 698 esse,
1611 649 1662 686 nec
1674 636 1774 688 uxoris
1790 651 1839 689 co·
1864 667 1866 670 -

992 717 1059 784 pula
1076 716 1206 770 detineri.
1227 718 1298 771 ilinc
1325 717 1392 770 alibi
1415 718 1530 773 scribit:
1555 727 1602 774 Aa
1628 737 1681 777 aare
1713 724 1841 780 babemus

991 810 1147 873 potestatem
1180 821 1298 860 sororem
1330 807 1468 860 mulierem
1506 809 1724 865 circumducendi
1757 813 1840 869 libid.
1889 794 1895 808 ⁸

993 909 1029 958 u,
1044 893 1092 961 'a'l‘l
1108 895 1139 947 ln
1153 910 1210 964 qna
1225 911 1254 948 re
1271 895 1379 948 socium
1392 893 1445 948 sibi
1463 895 1621 949 Barnabam
1637 898 1697 952 lore
1712 915 1771 953 non
1790 900 1840 954 ab·

992 988 1087 1051 negat,
1104 982 1218 1037 dicens:
1236 984 1281 1037 Aa
1306 999 1352 1051 cac
1371 988 1397 1037 et
1422 983 1563 1038 Barnabas
1588 986 1657 1039 banc
1680 991 1839 1055 potestatem

990 1085 1044 1123 uon
1060 1071 1187 1125 babemus
1213 1072 1305 1142 (leia,
1323 1072 1373 1138 lb?
1392 1071 1425 1125 Et
1448 1076 1545 1126 umen
1562 1072 1618 1126 ista
1645 1090 1710 1128 cum
1740 1075 1841 1131 beatus

990 1161 1144 1228 Apostolus
1181 1159 1216 1213 de
1242 1176 1272 1213 se
1302 1161 1481 1230 proliteatur,
1513 1177 1697 1233 neqrraquam
1726 1165 1841 1234 nuptias

990 1248 1173 1314 condemnat,
1190 1247 1345 1318 dequibus
1367 1252 1396 1302 et
1411 1254 1552 1320 praecepta
1575 1249 1736 1320 conjirgatis
1752 1251 1838 1318 dedit,

991 1341 1018 1388 et
1037 1335 1248 1390 incontinentes
1264 1336 1402 1398 bortatur,
1420 1343 1450 1390 ul
1479 1337 1502 1389 si
1532 1353 1562 1391 sc
1592 1354 1652 1392 uon
1681 1339 1839 1403 continent,

989 1424 1108 1478 nubant.
1135 1425 1212 1478 Adeo
1237 1441 1361 1496 namque
1388 1430 1446 1479 tarn
1472 1425 1599 1480 Salvator
1626 1442 1712 1497 quara
1738 1427 1840 1482 beatus

991 1514 1093 1567 Paulus
1110 1514 1287 1568 matrimonii
1304 1520 1386 1584 pacta
1403 1530 1462 1568 non
1478 1515 1643 1584 reprobant,
1664 1519 1697 1569 ul
1713 1521 1841 1570 statuant

990 1618 1109 1655 uxorem
1127 1619 1141 1654 a
1161 1602 1221 1654 viro
1238 1617 1295 1655 non
1310 1601 1466 1668 discedere,
1485 1618 1536 1655 nec
1548 1603 1642 1657 virum
1658 1619 1776 1658 uxorem
1798 1621 1839 1658 re-

80 1686 217 1750 nitentes,
238 1686 447 1756 reprehendere
463 1704 519 1740 non
539 1692 674 1741 verentur
698 1688 773 1759 (ruod
794 1689 935 1743 laudabile
956 1675 975 1727 Β
991 1691 1129 1762 linquere,
1144 1690 1200 1743 nisi
1229 1707 1313 1743 causa
1329 1689 1542 1743 fornicationis:
1559 1691 1635 1761 quod
1662 1691 1686 1743 si
1701 1691 1834 1745 discesse-

78 1773 142 1826 iore
159 1789 217 1828 non
233 1774 379 1846 ignorant.
395 1775 507 1829 Timere
525 1792 650 1847 uanique
671 1777 835 1831 debuissent
859 1778 934 1848 qnod
988 1778 1057 1846 rint,
1072 1779 1209 1848 innuptos
1225 1794 1350 1832 manere.

78 1862 252 1931 perlsaiam
272 1863 401 1934 loquitur
425 1863 548 1935 Spiritus
573 1870 708 1920 saueius.
748 1868 792 1920 l'ae
820 1866 857 1920 eis
886 1871 935 1936 urai
1023 1869 1156 1921 Attamen
1171 1866 1378 1921 continentiam
1395 1866 1565 1937 persuadere
1584 1866 1750 1920 desiderans
1764 1866 1837 1921 Pau·

78 1950 292 2004 dicuatraatum
321 1951 468 2018 bonum,et
491 1953 586 2006 baurim
608 1954 719 2021 matrim,
745 1960 870 2023 polientes
898 1960 934 2010 tc·
989 1955 1041 2022 lus,
1056 1955 1095 2009 sic
1110 1956 1217 2010 eisdem
1240 1955 1394 2010 Corinthiis
1424 1955 1538 2010 scribit:
1564 1957 1619 2010 lloc
1646 1958 1740 2024 itaque
1765 1954 1834 2014 dico.

77 2038 178 2093 aebras
193 2039 288 2106 lucem,
305 2044 330 2093 et
344 2041 562 2095 tuccmtcnebras
577 2042 647 2109 (Iso.
661 2059 688 2108 v,
704 2045 762 2109 20).
986 2045 1104 2109 fratres:
1125 2043 1238 2113 Tempus
1262 2045 1338 2098 breue
1364 2048 1412 2111 est,
1438 2044 1573 2113 reliquum
1598 2048 1637 2096 est
1661 2047 1692 2096 ut
1715 2045 1764 2111 qui
1786 2043 1836 2096 ba-
1877 2106 1880 2116 ,

114 2126 366 2189 Quemadmodum
383 2144 451 2198 ergo
475 2143 655 2199 consequens
676 2145 737 2184 esse
763 2131 931 2199 decernunt,
988 2135 1165 2200 beutuaorm,
1189 2139 1321 2201 tunquam
1342 2148 1395 2186 aon
1415 2133 1540 2185 babentes
1554 2134 1626 2200 sint3
1643 2135 1668 2185 et
1689 2134 1737 2200 qui
1759 2131 1836 2202 flent,

78 2219 111 2268 nt
132 2214 255 2269 Romani
272 2214 408 2269 damnare
429 2215 731 2287 nuptiasjudicentur,
752 2218 775 2272 si
798 2219 933 2289 peuesil-
987 2224 1117 2290 tanquam
1140 2236 1193 2273 aare
1215 2223 1321 2288 {irritem
1347 2223 1373 2272 et
1396 2220 1445 2289 qui
1470 2218 1600 2285 caudent,
1629 2223 1760 2287 liraquam
1783 2234 1837 2272 riou

79 2304 123 2356 los
137 2303 267 2374 episcopi
282 2320 330 2357 seu
348 2304 506 2376 presbyteri
522 2305 705 2361 matrimonia
723 2324 780 2362 non
803 2308 932 2363 sortiun-
985 2309 1131 2376 uendentes
1141 2328 1151 2374 ,·
1167 2315 1191 2361 ct
1206 2310 1254 2376 qui
1276 2311 1367 2361 emicat
1394 2312 1525 2376 tanquam
1539 2322 1592 2360 nore
1608 2307 1774 2370 possidentes
1789 2326 1797 2374 ;
1811 2312 1837 2361 et

80 2398 147 2446 tur:
165 2409 236 2462 ergo
250 2392 275 2446 si
301 2398 454 2464 propterca
482 2395 651 2465 nuptiarum
677 2395 860 2450 damnatores
883 2397 931 2451 ha·
985 2400 1034 2466 qui
1052 2402 1167 2452 utuntur
1191 2398 1238 2450 boc
1257 2396 1366 2461 mando,
1393 2399 1525 2464 turianum
1542 2411 1595 2449 riou
1609 2399 1724 2449 utuntur
1738 2411 1744 2449 :
1759 2410 1835 2465 prae-

78 2479 167 2534 tiendi
189 2486 267 2547 sunt,
284 2481 377 2537 eidem
391 2482 540 2537 sententiae
555 2484 743 2553 subjacebunt
758 2487 856 2540 Patres
871 2490 929 2539 tam
985 2489 1048 2540 ierit
1060 2487 1133 2539 carim
1147 2488 1237 2554 figura
1255 2485 1337 2554 liujus
1355 2485 1452 2538 mundi
1471 2484 1497 2555 (1
1511 2485 1570 2540 Cor.
1591 2500 1639 2550 vn,
1658 2484 1761 2554 abal).
1781 2483 1835 2547 Qui

80 2569 189 2623 Veteris
203 2586 291 2644 quam
312 2571 382 2625 Novi
395 2571 578 2626 Testamenti.
595 2573 668 2626 Elias
682 2573 832 2645 propbeta,
849 2573 930 2643 cujus
985 2575 1117 2646 superius
1130 2574 1373 2628 incontinentibus
1388 2573 1515 2627 nubendi
1539 2572 1683 2627 licentiam
1707 2572 1833 2639 dederat,

78 2659 112 2711 ad
127 2658 286 2728 imperium
309 2660 414 2714 coelum
440 2666 583 2714 reseratur
605 2666 634 2715 ct
648 2662 800 2722 clauditur.
821 2662 930 2733 quique
985 2669 1121 2735 tauquam
1147 2663 1269 2718 infirmis
1284 2663 1384 2716 salutis
1407 2661 1569 2716 remedium
1585 2661 1735 2732 porrigens
1756 2662 1833 2730 dicit,

79 2745 240 2801 ministerio
269 2747 398 2818 angelico
420 2749 580 2803 sustollitur
595 2749 630 2804 ad
654 2750 748 2818 coelos,
776 2751 930 2805 nondnxit
983 2750 1079 2802 blctius
1107 2753 1146 2802 est
1169 2750 1240 2802 caim
1268 2747 1368 2801 nubere
1392 2762 1474 2816 quom
1497 2749 1543 2800 uri
1575 2746 1664 2816 libid,
1689 2748 1728 2817 6).
1754 2747 1834 2800 Nunc

77 2850 209 2888 uxorem.
225 2835 364 2890 ieremias
378 2843 454 2891 vates
467 2836 497 2890 in
521 2843 604 2892 utero
627 2838 828 2906 sanctificatus,
846 2839 930 2909 virgi·
982 2838 1115 2908 praecipit
1134 2836 1215 2891 frena
1243 2837 1364 2889 luanriae
1387 2851 1452 2889 cum
1469 2835 1584 2906 propria
1614 2851 1834 2906 quoqucuxoro

77 2922 178 2977 uitatis
193 2926 316 2985 bonum.
337 2929 366 2979 et
379 2925 556 2980 castimoniae
571 2927 726 2996 puritatem
744 2929 928 2982 matrimonio
948 2925 1126 3020 Ccohibere.
1143 2924 1214 2988 Quid
1230 2931 1272 2978 est
1286 2925 1363 2978 enim
1380 2923 1456 2977 aliud
1468 2924 1545 2994 qnod
1561 2923 1625 2976 dicit
1640 2940 1646 2978 :
1662 2925 1717 2989 Qut
1735 2923 1834 2979 babeat

78 3012 216 3081 pretulit.
233 3012 344 3080 Daniel,
363 3012 406 3069 vir
420 3013 628 3068 desideriorum
649 3015 818 3085 appellatus,
836 3016 928 3086 magis
982 3030 1090 3078 uaores,
1108 3019 1239 3082 trinquam
1253 3028 1306 3082 aare
1329 3013 1454 3066 babentes
1476 3014 1542 3076 siat,
1573 3011 1626 3065 nisi
1641 3011 1745 3076 dicere,
1767 3012 1833 3066 libi·

77 3101 286 3154 continentiam
298 3116 384 3171 qrram
401 3101 583 3172 conjugalem
594 3104 728 3173 copulam
739 3102 853 3174 delegit.
873 3105 928 3158 Nec

78 3194 176 3243 tamen
190 3189 240 3243 isti
267 3189 381 3260 nuptias
405 3190 585 3252 damnavere,
607 3192 737 3262 quamvis
761 3192 926 3262 nuptiarum

77 3279 184 3333 foedera
216 3293 275 3332 non
303 3277 465 3333 habuerint.
496 3278 623 3334 Salvator
650 3280 685 3334 dc
711 3280 821 3351 virgine
850 3281 928 3335 nasci

77 3366 189 3434 maluit,
215 3373 248 3420 ut
275 3383 387 3421 sacrum
418 3367 585 3439 conjugium
610 3368 794 3439 approbaret,
819 3369 929 3439 nuptiis

77 3455 215 3510 interesse
231 3471 289 3510 non
311 3456 413 3511 renuit.
427 3456 551 3510 loannes
577 3457 684 3511 amoris
706 3457 890 3528 privilegium
912 3475 929 3512 a

77 3545 189 3600 Christo
210 3545 379 3617 promeruit
409 3545 547 3617 quoniam
570 3547 635 3618 plus
650 3546 753 3601 Christi
776 3547 928 3618 discipula·

76 3637 149 3700 tnm,
166 3650 255 3706 quarn
278 3633 393 3705 nuptias
416 3633 513 3704 elegit.
536 3633 636 3688 Petrus
662 3635 818 3703 apostolus,
844 3639 929 3688 ante-

76 3738 163 3793 quam
183 3722 313 3778 Christus
329 3738 396 3776 eum
419 3722 448 3775 in
465 3723 640 3792 apostolatus
669 3723 837 3792 dignitatem
861 3724 927 3777 snb-

75 3814 201 3879 rogaret,
239 3810 458 3865 matrimonium
499 3826 558 3865 non
595 3811 719 3882 sprevit:
753 3812 928 3882 apostolatus

75 3902 173 3951 autem
187 3898 328 3968 dignitate
347 3899 529 3966 sublimatus,
547 3903 576 3953 et
595 3899 624 3952 in
647 3900 840 3970 evangelicam
853 3916 927 3970 prus-

74 3985 247 4041 dicationem
270 3987 439 4053 destinatus,
470 3988 523 4042 etsi
549 3988 702 4058 conjugem
727 4003 783 4042 non
809 3988 927 4057 repulit,

74 4089 148 4144 opus
162 4081 260 4129 tamen
275 4075 425 4147 conjugale
441 4075 602 4130 declinavit.
617 4075 697 4140 Quod
709 4076 794 4129 ctiam
811 4080 928 4129 cataros

73 4163 222 4232 apostolos
247 4162 347 4217 secisse
375 4180 434 4218 non
467 4163 669 4219 dubitandum.
698 4166 831 4218 Attamen
860 4164 928 4218 istos

982 3102 1056 3156 dinis
1072 3101 1214 3156 lasciviam
1228 3119 1244 3154 a
1259 3102 1384 3172 propriis
1408 3107 1493 3156 elram
1510 3102 1647 3155 risoribus
1662 3101 1829 3172 reprimere,

983 3194 1011 3244 et
1032 3191 1124 3244 amori
1140 3190 1231 3260 magis
1251 3191 1386 3256 liliorum,
1403 3206 1489 3261 quum
1505 3190 1598 3243 carnis
1614 3187 1756 3242 desiderio
1771 3204 1830 3241 ser·

983 3279 1142 3333 viendum'l
1168 3280 1288 3349 Propter
1317 3278 1391 3350 qrrod
1421 3279 1531 3333 dixerat
1554 3276 1701 3348 superius:
1730 3278 1832 3331 Bonum

983 3374 1022 3422 cst
1049 3369 1154 3422 bomini
1180 3369 1317 3421 andicrem
1353 3383 1405 3421 aaa
1443 3373 1552 3433 tangere
1581 3365 1673 3434 (lbra,
1710 3365 1744 3434 l).
1777 3364 1832 3419 Sed

983 3456 1295 3526 quoniambaecvirtus
1324 3471 1382 3509 nou
1405 3454 1540 3508 omnihus
1567 3454 1655 3516 adest,
1677 3459 1831 3522 propterea

983 3545 1058 3613 dico,
1076 3547 1189 3615 Propter
1208 3547 1415 3611 fornicationem
1438 3547 1531 3597 autem
1554 3545 1740 3610 unusquisque
1754 3556 1833 3595 suam

982 3650 1095 3688 elacrem
1127 3634 1234 3700 lrabeat,
1261 3639 1287 3687 ct
1312 3648 1481 3703 unaquaeque
1504 3647 1584 3685 suum
1613 3633 1703 3684 uirum
1733 3630 1832 3684 babeat

983 3722 1075 3790 (ibid.
1104 3723 1142 3790 2).
1171 3721 1251 3785 Quod
1275 3721 1327 3774 hoc
1358 3721 1421 3773 loco
1457 3719 1621 3774 infirmitati
1654 3718 1830 3782 conceditur,

960 3807 1124 3881 ¹posterius
1148 3826 1275 3863 resecare
1297 3809 1431 3879 gestiens,
1446 3809 1501 3864 ait:
1532 3810 1585 3875 Qui
1608 3807 1828 3873 babeatuaores,

983 3906 1113 3968 tuaqrtam
1127 3913 1180 3951 aaa
1208 3897 1333 3951 bubartes
1353 3896 1418 3950 siat.
1446 3897 1561 3950 Monens
1583 3910 1639 3948 non
1654 3910 1769 3965 semper
1782 3894 1829 3949 in-

981 3985 1112 4040 firmitati
1134 3985 1361 4052 deserviendum,
1378 3999 1476 4037 verum
1492 3982 1666 4037 castimoniae
1687 3982 1830 4037 sanctitati

981 4073 1244 4140 consuescendum:
1270 4073 1408 4144 qnoniam
1451 4071 1580 4144 praeterit
1619 4070 1714 4142 ligura
1742 4071 1829 4141 hujus

983 4163 1093 4217 mundi.
1121 4163 1222 4231 Figura
1249 4162 1305 4216 fuit
1337 4160 1436 4215 mundi
1462 4160 1605 4215 carnalem
1630 4159 1827 4230 posteritatem

74 4267 161 4306 nemo
176 4268 263 4306 sanus
278 4252 352 4306 dicet
366 4253 516 4308 damnasse
536 4253 682 4324 conjugia,
699 4253 766 4307 licet
780 4252 927 4307 contineri·
948 4266 969 4319 Β
983 4268 1121 4322 quaerere,
1134 4257 1162 4305 et
1173 4252 1297 4305 liliorum
1311 4251 1449 4322 progenie
1463 4249 1599 4321 gairdere,
1612 4248 1828 4318 turbaquepro·

73 4340 121 4394 tiae
137 4340 357 4395 sanctimoniam
374 4340 482 4395 suerint
494 4341 660 4413 amplexati.

109 4431 196 4484 Porro
211 4429 336 4485 Romani
363 4430 608 4500 quemadmodum
631 4430 786 4500 culpantur
807 4429 925 4500 nuptia-

72 4533 138 4572 rum
153 4518 260 4573 ioedera
276 4518 423 4584 damnare,
450 4518 686 4590 quandoquidem
711 4518 786 4588 apud
808 4535 854 4572 eos
870 4535 923 4573 nn-

72 4607 140 4674 ptiae
156 4606 346 4672 celebrentur,
363 4605 577 4676 etexlegitimo
590 4606 775 4661 matrimonio
792 4606 844 4661 lilii
858 4623 923 4676 pro·

71 4700 208 4748 creentur
219 4695 234 4749 ‘l
244 4694 348 4750 Scribit
364 4696 464 4749 beatus
475 4695 623 4765 apostolus
639 4695 744 4750 Paulus
760 4694 923 4758 Corinthiis,

71 4783 187 4837 dicens:
218 4787 282 4850 Volo
312 4789 402 4838 autem
429 4799 517 4838 omnes
546 4785 665 4838 homiues
692 4800 748 4838 csse
776 4788 846 4838 sicat
869 4799 923 4837 me·

71 4876 163 4939 ipsum
175 4888 182 4936 ;
196 4871 243 4925 sed
253 4875 440 4941 unusquisque
450 4873 529 4926 babet
537 4876 680 4941 proprium
693 4874 793 4926 dorium
805 4888 839 4926 ca
855 4875 923 4926 Dea:

71 4959 143 5012 atius
158 4959 267 5026 quidem
291 4961 339 5024 sic,
358 4960 430 5014 alius
445 4975 507 5013 aaa
529 4963 569 5013 sic
585 4960 607 5030 (l
621 4962 680 5017 Cor.
712 4977 758 5020 vn.
787 4961 826 5029 7).
846 4960 923 5014 Unde

72 5061 138 5099 vero
154 5047 266 5100 dicebat
282 5048 360 5117 quod
385 5048 471 5102 vellet
495 5065 596 5102 omncs
626 5049 760 5103 homines
775 5064 836 5102 esse
852 5048 924 5102 sicut

71 5136 207 5204 seipsum,
223 5136 310 5205 patilo
332 5138 465 5207 superins
488 5137 590 5208 aperit,
608 5137 656 5191 ubi
672 5137 832 5208 conjugatis
846 5152 921 5208 prae-

70 5229 152 5293 cepta
167 5224 262 5278 sanxit
272 5224 395 5279 invicem
406 5226 462 5279 sibi
474 5227 718 5296 quemadmodum
735 5227 922 5293 deservirent,

70 5313 113 5364 sui
131 5314 261 5382 corporis
278 5319 449 5382 potestatem
479 5321 537 5368 tam
563 5314 607 5368 vir
634 5331 720 5385 quam
743 5314 922 5369 femiuanon

69 5399 213 5467 habendo,
225 5402 273 5456 sed
289 5418 323 5455 ex
340 5402 457 5456 alterins
472 5403 659 5472 permissione
676 5403 824 5457 servando.
845 5403 922 5457 Unda

68 5488 98 5542 in
128 5490 314 5544 cunclusione
348 5490 389 5546 sic
416 5491 530 5546 intulit:
560 5494 616 5548 lloc
648 5498 750 5561 auum,
775 5492 921 5563 inquiens,

979 4340 1153 4411 pinquorum
1169 4340 1310 4393 exsultare
1326 4356 1333 4394 :
1349 4346 1379 4394 at
1395 4355 1461 4393 vero
1484 4338 1621 4410 qnoniam
1648 4336 1772 4390 mundns
1798 4336 1829 4390 in

980 4434 1106 4484 extremo
1132 4428 1241 4499 positus
1265 4428 1351 4482 frarem
1369 4429 1568 4498 prestaturum
1595 4433 1633 4492 et,
1661 4424 1828 4479 utaitbea-

980 4524 1025 4572 tus
1040 4519 1174 4586 loannes,
1192 4519 1346 4573 Nouissima
1362 4517 1428 4570 liora
1448 4522 1487 4571 cst
1504 4517 1528 4585 (l
1539 4518 1617 4568 loon.
1634 4531 1665 4580 n,
1684 4517 1727 4581 la)
1747 4530 1828 4580 ;non

981 4605 1103 4660 carnalis
1116 4620 1244 4675 propago
1269 4605 1317 4657 sed
1340 4603 1497 4674 spiritualis
1525 4603 1614 4672 tnagis
1631 4602 1716 4656 debet
1731 4601 1827 4672 appeti

981 4692 1141 4747 successio:
1159 4694 1193 4747 Ut
1218 4694 1266 4760 qui
1283 4693 1389 4758 sinuat,
1411 4690 1474 4760 jam
1496 4706 1549 4743 aaa
1577 4690 1632 4743 sibi
1658 4692 1765 4755 uiuant,
1781 4689 1828 4743 sed

979 4783 1089 4838 Chr-isla
1101 4784 1149 4849 arri
1163 4796 1212 4849 pro
1228 4784 1280 4834 reis
1294 4784 1415 4833 aiorluus
1439 4784 1489 4843 cst,
1513 4785 1538 4832 ct
1555 4781 1706 4832 resurrcatt
1724 4777 1752 4847 (l
1764 4777 1825 4833 Cor.

979 4886 1005 4937 v,
1024 4872 1077 4936 lb).
1098 4871 1251 4940 Propterea
1269 4867 1337 4921 dicit
1356 4868 1457 4920 llontcs
1475 4867 1537 4921 lieri
1559 4867 1663 4922 debera
1684 4867 1825 4935 {tanquam

978 4975 1038 5012 nors
1061 4959 1173 5021 flentes,
1195 4961 1226 5009 nt
1255 4955 1341 5025 huius
1366 4956 1466 5009 mundi
1485 4957 1600 5009 ruinam
1619 4962 1704 5024 atque
1732 4951 1824 5005 tribu-

978 5047 1100 5100 lationes
1128 5050 1303 5099 aeternorum
1339 5060 1389 5114 spe
1424 5045 1596 5115 gaudiorum
1631 5042 1823 5096 consolentur.

977 5135 1115 5189 Similiter
1156 5133 1312 5202 gaudentes
1354 5133 1384 5186 in
1431 5133 1614 5186 saecularibus
1657 5128 1824 5199 temporali-

978 5229 1022 5277 ter
1048 5222 1215 5289 commodis,
1242 5221 1312 5275 iiarrt
1338 5227 1475 5292 tanquam
1504 5237 1563 5274 non
1592 5218 1766 5290 gaudentes;
1795 5219 1826 5269 ut

977 5311 1145 5382 temporalis
1170 5311 1238 5365 boni
1265 5311 1370 5381 gaudia
1394 5315 1610 5362 contemnentes
1637 5309 1755 5376 propter
1779 5305 1824 5360 sui

977 5402 1174 5473 fragilitatem,
1185 5407 1271 5472 atque
1282 5400 1537 5470 permutationem,
1553 5397 1587 5449 de
1599 5395 1714 5447 uternis
1730 5395 1824 5464 potius

978 5490 1121 5560 gaudeant
1142 5494 1171 5543 et
1196 5490 1358 5554 exsultent;
1388 5491 1530 5557 quatenus
1555 5482 1659 5553 gaudia
1686 5483 1825 5554 perennia
