3930 6098
146 277 181 330 27
725 267 907 325 uetustus!
921 265 1157 326 consulensis
1175 267 1330 327 ttoutcffl
1865 268 1902 320 28

143 389 190 462 tas
203 410 257 474 est,
270 405 319 461 sed
334 408 430 460 temen
445 400 518 457 adso
528 398 701 456 mirabiliter
709 399 868 467 ordinatur,
881 398 991 469 utipsee
1012 401 1032 456 t
1049 398 1162 453 minum
1173 398 1213 453 ita
1230 403 1390 469 etcorpora
1408 396 1514 452 creavit
1531 399 1561 451 et
1583 395 1711 466 spiritus,
1736 399 1768 449 ut
1790 398 1894 466 praeter

146 511 261 569 quoque
277 493 338 565 ejus
353 491 466 547 insidiae
482 489 600 547 utilitati
610 489 754 546 bonorum
769 488 904 558 serviant,
916 504 991 558 quos
1048 485 1127 541 illum
1139 491 1303 542 secuturam
1314 500 1347 540 ex
1363 484 1592 555 uniuscujusque
1602 481 1697 539 studio
1707 481 1900 538 voluntariam

145 588 273 658 purgant
286 583 355 638 dnm
370 584 490 636 tentant.
507 579 552 635 Sic
574 578 672 649 itaque
693 578 755 650 ejus
773 578 871 633 anima
895 577 993 650 quod·
1048 574 1241 630 diversitatem
1265 575 1328 645 ipsa
1358 572 1536 628 conditionis
1567 570 1685 626 exordio
1706 569 1901 626 dissimillima

145 687 257 742 cunque
271 668 362 725 voluit
375 669 432 724 hoc
454 667 531 734 lecit,
546 672 580 722 ut
591 665 659 721 inde
675 682 790 738 quoque
813 666 991 720 voluntatem
1048 664 1254 720 numerositate
1283 662 1416 718 variaret.
1447 661 1718 717 Turbareutautem
1741 675 1793 714 nos
1819 659 1899 714 etin

146 772 228 813 suam
242 756 373 827 impleat,
386 755 464 812 unde
477 755 618 811 voluntati
630 754 709 809 illius
732 770 893 826 repugnare
915 754 993 810 vide·
1046 753 1193 809 diversum
1207 753 1401 808 distraherent
1417 751 1514 807 multae
1530 750 1756 820 vaniloquorum
1782 746 1900 819 opinio·

145 845 252 916 batua]
1047 858 1109 911 nes,
1124 842 1174 914 qui
1184 842 1219 897 de
1230 840 1503 912 incognoscibilibus
1517 839 1639 895 delinire
1661 836 1900 893 inconvenientia

182 935 214 989 ln
229 933 364 988 omnibus
378 931 441 986 istis
462 931 613 986 sententiis
627 929 704 985 beati
724 929 862 1002 Gregorii,
888 929 994 986 interni
1047 935 1303 1003 praesumpserunt,
1318 935 1347 984 et
1366 931 1417 985 has
1429 928 1584 999 originales
1593 925 1804 997 inaequalitates
1818 924 1897 989 tatis,

146 1021 300 1093 dispositio
314 1019 415 1076 secreti
430 1018 597 1074 mirabiliter
616 1018 787 1082 insinuatur,
807 1021 839 1072 ut
858 1032 994 1089 quaecnn·
1046 1035 1111 1091 quas
1126 1021 1205 1074 nulla
1229 1023 1306 1088 suut,
1333 1022 1362 1073 et
1387 1016 1530 1072 sideribus
1556 1017 1742 1086 deputarunt,
1768 1011 1826 1068 nisi
1838 1027 1898 1067 cer·

146 1127 203 1184 qne
219 1109 265 1180 agi
281 1109 411 1164 videntur
427 1109 457 1163 iu
473 1111 604 1178 tempore
625 1107 700 1161 circe
709 1108 825 1172 electos,
836 1108 898 1177 ejus
908 1111 993 1161 aeter-
1047 1109 1157 1164 tissime
1171 1107 1272 1163 notitia
1296 1113 1460 1163 teneremus
1486 1107 1578 1161 Deum
1604 1109 1763 1159 creatorem
1785 1102 1820 1157 de
1839 1101 1896 1155 cle·

147 1198 247 1255 nitatis
262 1197 382 1252 consilio
397 1197 472 1269 apud
497 1212 563 1251 cum
588 1195 708 1251 delinita
731 1196 909 1250 consistant:
934 1211 992 1250 nou
1046 1196 1151 1253 mentis
1169 1196 1368 1268 originalibus,
1383 1200 1470 1266 prout
1492 1194 1562 1261 vult,
1590 1208 1637 1246 vas
1666 1189 1895 1261 unumquodque

147 1289 241 1342 solum
257 1286 383 1341 actiones
400 1291 515 1351 sanotae,
533 1300 604 1356 quas
619 1285 680 1356 ejus
694 1299 815 1340 munere
829 1283 994 1354 percipiunt
1047 1287 1178 1351 formare,
1191 1291 1220 1340 et
1235 1300 1324 1339 unam
1334 1288 1468 1339 naturam
1478 1281 1652 1349 animarum,
1666 1281 1896 1334 unamnaturam

146 1375 239 1442 electi,
256 1375 304 1430 sed
331 1378 359 1429 et
386 1378 565 1429 tentamento
589 1373 756 1441 adversarii,
779 1373 884 1444 quibus
909 1371 992 1426 electi
1046 1390 1197 1447 corporum
1227 1373 1339 1445 placitis
1368 1372 1422 1426 sibi
1451 1375 1611 1442 temperare
1645 1367 1797 1423 mensuris.
1826 1366 1920 1431 Quae'

146 1463 314 1535 probantur,
349 1462 454 1518 divinae
478 1461 672 1534 dispositionis
695 1461 890 1517 moderamine
919 1460 992 1516 diri·
1048 1463 1454 1536 utiqucopcmDuihumanae
1477 1458 1676 1530 intelligentie
1705 1473 1762 1511 non
1786 1456 1896 1511 subtra-

146 1554 264 1623 guntur,
280 1555 313 1606 ut
324 1551 458 1606 adversus
472 1559 585 1606 sanctos
605 1566 663 1606 nou
678 1550 757 1605 aliud
775 1548 886 1620 possint
902 1548 992 1603 hostis
1046 1553 1195 1618 herentur,
1211 1552 1235 1605 si
1249 1552 1428 1605 innotescere
1447 1548 1623 1611 debuissent,
1644 1551 1672 1602 et
1696 1544 1894 1601 manifestare·

144 1639 258 1696 insidiae
274 1655 361 1712 quam
377 1639 454 1711 quod
473 1640 596 1694 decrevit
621 1639 763 1695 sententia
786 1638 989 1694 Dominatoris.
1012 1647 1095 1734 Btur
1108 1657 1159 1697 cur
1173 1642 1213 1696 ite
1228 1641 1355 1712 quidque
1368 1639 1460 1706 lieret,
1477 1637 1533 1693 nisi
1556 1637 1633 1707 qarod
1657 1636 1696 1690 ita
1719 1636 1803 1690 fieret
1822 1633 1895 1689 scire

81 1745 83 1749 ⁴
146 1727 181 1782 Et
191 1742 357 1798 quanquam
370 1742 465 1796 pravae
475 1725 663 1797 cogitationes
677 1731 706 1780 et
720 1725 821 1797 iniqua
835 1729 993 1780 tentamen-
1047 1731 1200 1786 sufficeret,
1218 1729 1290 1784 Dicit
1306 1727 1444 1782 Dominus
1472 1726 1507 1781 ad
1530 1727 1644 1798 ldoyseu
1663 1741 1669 1780 :
1685 1745 1698 1776 a
1717 1723 1786 1788 Quis
1815 1722 1894 1778 dedit

145 1818 175 1870 ta
194 1814 251 1869 sive
266 1814 428 1882 hominum,
441 1814 498 1868 sive
510 1814 683 1879 daemonum,
697 1814 788 1869 multa
802 1813 992 1904 veliutlacere
1046 1836 1077 1875 cs
1091 1818 1214 1886 homini,
1231 1817 1338 1890 etquis
1361 1816 1429 1871 fecit
1442 1819 1558 1870 mutum
1581 1820 1610 1870 et
1633 1830 1692 1869 non
1716 1812 1893 1877 audientem,

147 1903 436 1959 contravoluntatem
454 1903 606 1971 Dei,exeis
622 1903 993 1973 sempertamenvulnnles
1047 1907 1192 1977 videntem
1216 1911 1244 1961 et
1272 1904 1404 1960 caecum?
1435 1906 1535 1959 Nonne
1569 1919 1621 1975 ego
1652 1901 1791 1956 Dominus
1822 1902 1896 1955 Deus

142 1989 416 2062 illiuscompletur:
444 1991 512 2063 quia
534 1992 587 2046 etsi
610 1992 771 2046 voluntates
792 2006 936 2060 perversae
958 2007 990 2045 er
1047 1997 1305 2068 (Dcod.1v‚ll).»
1339 1996 1371 2050 Et
1394 2010 1448 2066 per
1465 1993 1589 2048 isaiam:
1608 2012 1622 2042 a
1642 1993 1742 2046 Nonus
1761 2004 1895 2060 eoceego

145 2078 299 2150 iniquitate
312 2079 430 2134 veniant
449 2079 595 2135 rationalis
616 2083 754 2133 creaturae
770 2094 787 2133 a
802 2079 860 2134 Deo
875 2082 990 2150 aposta·
1046 2085 1197 2141 iocundam
1227 2088 1256 2140 ct
1283 2084 1410 2139 sterilem
1436 2082 1509 2137 ieci?
1530 2081 1602 2136 dixit
1628 2080 1704 2135 Deus
1729 2078 1795 2149 (lau.
1822 2089 1894 2146 axvi,

146 2166 241 2234 tantis,
264 2167 392 2222 actiones
406 2170 503 2222 tamen
518 2166 645 2222 serviunt
667 2166 774 2222 coelesti
797 2165 991 2238 dispositioni;
1046 2174 1084 2246 9),
1104 2175 1161 2228 ‚ln
1172 2173 1246 2228 libro
1263 2171 1456 2227 Ecclesiastico
1476 2170 1602 2241 legitur:
1629 2170 1738 2225 «Dona
1757 2172 1786 2223 ct
1808 2166 1894 2232 mala,

148 2256 227 2328 (luit,
261 2255 334 2311 sicui
361 2256 400 2311 til
444 2257 543 2311 beatus
572 2256 751 2327 Gregorius:
783 2254 900 2328 [Anima
931 2255 992 2325 ejus
1046 2262 1104 2317 vita
1131 2266 1160 2316 et
1187 2277 1273 2328 mors,
1296 2264 1450 2332 paupertas
1473 2265 1502 2314 et
1529 2259 1665 2335 honestas
1691 2273 1710 2311 a
1742 2257 1800 2311 Deo
1827 2258 1896 2309 sunt

147 2343 342 2417 quodcunque
353 2344 447 2400 voluit
460 2344 514 2399 hoc
528 2344 605 2412 iecit,
625 2344 764 2416 quoniam
779 2344 846 2399 inde
858 2344 992 2399 volunta·
1047 2351 1148 2418 (Eccli.
1167 2365 1205 2416 11,
1228 2348 1280 2420 14).
1298 2369 1312 2399 o
1331 2347 1424 2403 Etlob
1440 2346 1532 2402 dicit:
1550 2366 1564 2395 a
1580 2343 1735 2400 Abundant
1759 2343 1894 2398 taberna·

145 2434 205 2487 ¹⁰⁰¹
224 2447 306 2487 Suam
330 2432 443 2504 implet
464 2433 542 2488 unde
566 2437 684 2504 putatur
700 2433 761 2504 ejus
777 2431 919 2487 VOlttssitii
946 2447 992 2486 re·
1046 2439 1109 2494 culs
1126 2437 1306 2511 proedonnm,
1325 2442 1353 2491 et
1378 2436 1514 2490 audacter
1535 2438 1691 2506 pmvocant
1711 2433 1811 2499 Deum,
1828 2446 1894 2485 cum

147 2518 295 2592 pugnari]
307 2521 389 2585 Qu⁰d
405 2521 473 2575 fld0⁰
486 2536 584 2575 Vtrum
609 2537 670 2576 ⁶³8⁰
690 2520 767 2575 idem
792 2524 906 2576 santius
924 2521 991 2576 Grt·
1045 2528 1107 2599 ipse
1121 2526 1233 2582 dederit
1247 2525 1345 2580 omnia
1359 2524 1389 2578 in
1401 2523 1532 2578 manibus
1556 2538 1656 2577 eorum
1674 2519 1735 2592 (lob
1749 2536 1797 2587 ιιι,
1822 2518 1862 2589 6).
1877 2538 1891 2568 o

147 2608 246 2678 gorius
260 2609 433 2664 confirmat:
452 2615 483 2664 ut
493 2624 674 2681 quascunque
689 2609 779 2664 sancti
804 2609 857 2663 viri
885 2608 992 2664 orando
1047 2617 1080 2671 Et
1105 2614 1180 2670 idom
1197 2615 1233 2670 dc
1262 2613 1392 2668 omnium
1420 2628 1517 2689 rerum
1546 2610 1739 2665 humanarum
1764 2607 1893 2680 proiectu

145 2700 294 2754 merentur
315 2697 456 2765 obtinere,
485 2698 514 2753 iu
543 2697 796 2769 predestinatione
812 2704 879 2754 ante
903 2697 992 2753 tuisse
1046 2704 1200 2759 ctdctactu
1225 2703 1384 2773 disputans,
1410 2715 1568 2771 omnesque
1587 2699 1760 2754 mutationes
1781 2697 1815 2751 ad
1843 2695 1894 2750 Dei

147 2782 223 2839 dicet
238 2785 398 2841 Divinitatis
411 2790 444 2841 ut
458 2787 518 2841 haec
533 2785 642 2842 orando
657 2785 848 2858 perciperent.
868 2787 925 2842 Nec
936 2786 992 2841 alia
1043 2792 1152 2865 judicia
1171 2791 1297 2846 referens
1314 2806 1321 2844 ε
1338 2788 1448 2860 «Apud
1461 2788 1561 2859 ipsum
1581 2792 1633 2854 est,
1652 2809 1662 2837 ι
1686 2785 1791 2858 inquit,
1813 2806 1824 2834 ι
1848 2801 1894 2839 su-

146 2877 267 2942 possunt
281 2889 297 2926 a
312 2873 370 2927 Deo
380 2873 513 2944 precibus
529 2874 698 2944 promereri,
719 2873 776 2929 nisi
798 2890 863 2945 quae
887 2873 993 2929 Divini·
1046 2880 1155 2952 pientia
1170 2884 1199 2934 et
1212 2878 1350 2934 fortitudo
1367 2894 1373 2934 :
1392 2878 1453 2948 ipse
1468 2876 1555 2932 habet
1565 2875 1718 2931 consilium
1733 2879 1763 2929 et
1786 2872 1894 2928 intelli·

145 2959 211 3015 tatis
225 2960 344 3015 consilio
365 2961 473 3016 luerint
500 2962 705 3033 predestinata
728 2968 761 3017 ut
783 2962 993 3018 obtinerentur.
1014 2955 1199 3041 egentiam:
1227 2967 1251 3020 si
1277 2964 1461 3032 destruxerit,
1485 2980 1571 3019 nemo
1599 2967 1642 3019 ccc
1668 2962 1727 3034 {qui
1755 2960 1893 3027 aedificct;

146 3049 179 3103 1¹¹
195 3048 313 3120 Di³l⁰8⁰
332 3065 457 3120 nimine
482 3066 533 3105 ⁸1¹0
558 3052 631 3121 (⁶⁰12
649 3053 676 3117 8)
692 3050 732 3105 iit
756 3050 820 3105 aii:
848 3048 993 3124 [Obtiuere
1047 3058 1072 3113 si
1088 3057 1236 3112 incluserit
1263 3055 1423 3121 hominem,
1453 3055 1549 3109 nullus
1576 3058 1620 3107 est
1651 3051 1701 3122 qni
1729 3049 1896 3121 aperiat3si

146 3147 334 3209 nequaquam
349 3143 479 3209 possunt,
495 3138 634 3194 nimirum
649 3138 748 3208 sancti,
763 3155 827 3210 quae
842 3140 992 3211 praedesti·
1047 3143 1222 3201 continuerit
1244 3159 1344 3214 aquas,
1370 3142 1468 3197 omnia
1505 3140 1707 3206 siccabuntur;
1735 3139 1759 3193 si
1791 3137 1896 3193 emise-

147 3230 216 3281 nata
230 3241 290 3281 nou
305 3226 435 3295 luerunt;
447 3228 496 3283 sed
511 3243 544 3282 en
560 3244 625 3299 quae
642 3229 733 3284 sancti
747 3229 800 3283 viri
815 3228 924 3284 orando
951 3229 993 3285 el·
1047 3232 1086 3288 rit
1098 3248 1157 3302 eas,
1187 3231 1353 3287 subvertent
1377 3235 1494 3285 terram.
1519 3229 1603 3300 Apud
1625 3229 1720 3300 ipsum
1745 3230 1788 3281 est
1813 3224 1894 3280 torti·

48 3388 52 3393 υ
146 3313 258 3382 fidunt,
272 3314 313 3370 ita
332 3315 535 3386 predestinata
554 3321 623 3371 sunt
639 3321 670 3371 ut
693 3316 825 3387 precibus
845 3316 995 3372 obtinean-
1046 3319 1125 3386 tudo,
1139 3325 1168 3374 et
1183 3319 1325 3390 sapientia
1342 3333 1349 3372 :
1365 3318 1427 3388 ipse
1443 3319 1522 3372 novit
1536 3321 1565 3372 et
1580 3317 1769 3387 decipientem
1784 3318 1895 3370 eleum

145 3407 203 3460 tur.
222 3405 294 3460 Nam
310 3405 372 3476 ipsa
387 3421 502 3477 quoque
512 3405 648 3477 perennis
660 3405 743 3475 regni
766 3404 992 3475 predestinata,
1047 3408 1098 3480 qui
1113 3407 1278 3478 decipitur:
1309 3405 1425 3461 adducit
1453 3406 1630 3460 consiliarios
1658 3406 1689 3460 in
1714 3405 1835 3459 stultum
1863 3403 1896 3457 ti-

147 3493 186 3548 ita
202 3496 244 3548 est
259 3493 294 3548 ab
308 3493 506 3564 omnipotente
520 3494 579 3549 Deo
593 3492 740 3564 disposita,
755 3494 830 3548 utad
841 3492 896 3548 hoc
911 3493 994 3549 electi
1047 3511 1113 3552 nem
1128 3501 1156 3551 ct
1166 3495 1277 3566 judices
1292 3493 1323 3549 in
1338 3499 1497 3565 stuporem.
1516 3495 1643 3549 Balteum
1664 3507 1766 3563 regum
1792 3490 1895 3546 dissol-

147 3579 292 3636 exlabore
308 3581 485 3652 perveniant,
502 3587 646 3652 qnatenus
669 3582 841 3652 postulando
865 3597 993 3636 merean·
1046 3585 1096 3652 vit,
1111 3588 1141 3639 et
1150 3583 1299 3655 precingit
1314 3583 1383 3638 irrue
1413 3598 1496 3637 renes
1521 3581 1730 3648 eorum(1bs'd.
1765 3582 1893 3636 ladit.»

146 3672 195 3724 tur
208 3668 335 3741 accipere
352 3669 429 3739 quod
443 3669 484 3723 eis
508 3668 692 3740 omnipotens
703 3670 779 3724 Deus
806 3674 873 3724 ante
889 3670 994 3724 secum
1049 3695 1060 3723 ι
1078 3672 1162 3728 Ducit
1176 3672 1336 3727 sacerdotes
1350 3671 1500 3743 inglorios,
1513 3675 1541 3725 et
1551 3669 1893 3741 optimatossnpplantat:

147 3757 287 3828 disposuit
303 3755 430 3830 donare]
1046 3764 1228 3818 commutans
1245 3760 1353 3815 labium
1380 3761 1536 3825 veracium,
1552 3765 1581 3813 et
1607 3758 1769 3813 ducturam
1793 3771 1895 3811 senum

182 3846 222 3901 Ile
237 3847 290 3901 hac
315 3845 421 3901 ilerum
443 3844 658 3916 dispensatione
685 3844 847 3900 divinornm
871 3860 993 3916 operum
1046 3851 1193 3918 auterens3
1210 3848 1360 3906 effundens
1376 3848 1587 3919 despectionem
1601 3845 1854 3919 superprincipes,
1869 3849 1896 3899 et

146 3933 270 4005 Prosper
296 3933 327 3988 in
356 3933 429 3988 libro
457 3931 491 3987 de
521 3933 674 3988 Vocatione
707 3933 839 4003 gentium
866 3934 940 4002 (tit.
972 3950 991 4001 1,
1047 3955 1096 3994 eos
1111 3941 1160 4009 qui
1179 3937 1310 4008 oppressi
1325 3937 1438 3992 luerent
1466 3937 1619 3991 revelans:
1644 3935 1894 4007 quirevelatpro-

147 4035 208 4091 cop.
226 4020 270 4091 lt)
285 4020 325 4075 itu
345 4018 473 4089 loquitur
490 4035 497 4073 τ
517 4017 613 4090 lttulta
632 4019 708 4075 anim
733 4020 854 4074 suntin
877 4019 991 4090 dispen-
1046 4025 1184 4082 lauduuo
1213 4026 1339 4081 tenebris
1371 4031 1399 4080 st
1424 4025 1556 4097 producit
1584 4024 1614 4078 in
1642 4022 1737 4077 lucem
1763 4021 1895 4076 umbram

148 4110 256 4165 satione
268 4108 433 4163 divinorum
447 4123 579 4178 operum,
597 4123 720 4179 quorum
734 4107 827 4164 causis
837 4109 993 4164 latentibus
1047 4114 1166 4170 mortis:
1196 4114 1246 4185 qui
1271 4113 1445 4184 multiplicat
1469 4117 1578 4183 gentes,
1609 4116 1638 4165 et
1664 4109 1767 4180 perdet
1790 4124 1849 4175 eas,
1869 4110 1896 4161 et

147 4195 201 4252 soli
215 4199 411 4250 monstrantur
426 4195 551 4258 effectus.
568 4199 600 4250 ut
614 4212 679 4250 cum
698 4201 794 4266 pateat
813 4198 889 4268 quud
914 4197 993 4269 geri·
1013 4204 1198 4289 „subversas
1219 4203 1248 4257 in
1267 4202 1413 4275 integrum
1437 4202 1589 4256 restituet:
1620 4199 1671 4271 qui
1694 4199 1830 4252 immutat
1849 4211 1896 4251 cor

145 4289 202 4352 tur,
215 4300 273 4339 1²⁰ss
290 4289 386 4355 Ptiessi
400 4299 451 4339 ⁰11?
466 4289 592 4354 Semini,
609 4285 727 4356 negorio
752 4285 782 4340 in
805 4286 933 4341 medium
947 4287 994 4342 de-
1049 4292 1213 4364 principum
1237 4295 1332 4359 terras,
1346 4297 1374 4345 et
1395 4290 1503 4362 decipit
1525 4304 1583 4356 eos,
1596 4293 1626 4342 ut
1642 4288 1746 4342 trustra
1762 4285 1897 4341 incedant

148 4372 241 4438 ducto,
260 4376 289 4426 et
300 4372 331 4426 in
344 4373 488 4427 occultum
502 4372 614 4427 ratione
634 4373 784 4441 subducta,
798 4379 829 4428 ut
844 4374 874 4429 in
893 4375 995 4429 eadem
1047 4396 1100 4452 pcc
1115 4380 1224 4434 invium
1241 4396 1248 4434 :
1264 4380 1422 4451 palpabunt
1435 4378 1517 4449 quusi
1534 4377 1564 4431 in
1583 4376 1720 4442 tenebris,
1737 4379 1765 4429 et
1790 4390 1849 4429 non
1864 4373 1895 4427 iu

147 4460 994 4532 reetdeinscrutabilibuspraesumptiocomprimaturetde
1048 4471 1121 4534 lucc,
1135 4472 1164 4522 ct
1186 4484 1281 4523 eriam
1307 4484 1356 4522 sos
1383 4467 1467 4522 faciet
1491 4465 1573 4538 quasi
1600 4465 1694 4520 ebrios
1723 4461 1818 4532 libid,
1846 4463 1896 4516 19-

148 4548 306 4605 manilestis
344 4548 453 4604 falsitas
481 4550 631 4606 refutetur.
646 4551 744 4622 Neque
759 4551 836 4606 euim
859 4551 883 4606 si
897 4553 994 4607 nescio
1048 4555 1690 4628 25).·Etiterumidemdicensvoluutatem
1712 4551 1764 4608 Dei
1784 4551 1896 4605 irritam

146 4638 386 4694 curilleGraecus
411 4639 596 4706 creetur,hic
614 4638 769 4707 barbarus;
799 4639 853 4695 iste
869 4640 899 4694 in
925 4640 995 4695 divi·
1048 4661 1189 4700 essenon
1212 4660 1318 4715 posse:
1343 4666 1354 4694 ι
1378 4646 1439 4716 lpse
1462 4643 1551 4711 enim,
1572 4643 1677 4714 inquit,
1707 4641 1785 4695 solus
1811 4643 1897 4694 estet

146 4724 205 4793 tiis,
217 4724 266 4782 ille
282 4725 313 4780 in
336 4731 462 4797 egestate
490 4732 638 4798 nascatur3
663 4729 740 4783 huuc
765 4727 860 4783 valida
883 4729 994 4799 proceri
1049 4750 1134 4789 nemo
1150 4738 1282 4788 avertere
1299 4738 1398 4804 potest
1418 4730 1724 4804 cogitationem.ejus;
1745 4733 1774 4783 et
1798 4728 1897 4782 anima

147 4812 276 4886 corporis
288 4814 472 4885 pulchritudo
488 4815 635 4883 sublimet,
651 4816 733 4871 illum
747 4816 885 4871 debilium
900 4833 994 4872 mem·
1048 4822 1110 4893 sjus
1124 4822 1317 4893 quodcunque
1334 4821 1465 4890 voluerit,
1480 4821 1534 4876 hoc
1549 4820 1608 4875 fiet.
1626 4818 1654 4892 »]

147 4903 268 4959 brorum
284 4902 395 4957 exilitas
405 4909 551 4958 contracta
565 4903 721 4974 deformet3
738 4902 792 4958 iste
808 4918 825 4956 a
848 4902 994 4957 catholicis
1084 4910 1313 4966 itcmsctvicnus
1328 4909 1518 4982 episcopusin
1531 4909 1604 4963 libio
1619 4907 1704 4963 tortio
1728 4907 1797 4977 (sub.
1822 4905 1896 4974 tuit.)

148 4992 242 5048 editus
256 4993 287 5047 in
301 4991 427 5047 veritatis
441 4991 593 5047 cunabulis
607 4993 759 5058 nutriatur,
772 4992 820 5046 ille
845 4991 994 5047 haeretico·
1047 4999 1082 5055 dc
1097 4998 1308 5055 Guhcccaliccc
1323 4998 1374 5053 Dci
1389 4999 1488 5053 omnic
1503 5014 1568 5069 quic
1581 4998 1611 5052 in
1626 4996 1895 5068 mundogcruntur,

147 5097 213 5136 rum
227 5079 381 5153 progenies
393 5096 459 5135 cum
480 5080 543 5152 ipso
570 5081 642 5136 lacte
657 5080 756 5135 matris
779 5080 895 5135 hauriat
917 5080 994 5135 virus
1048 5100 1116 5140 cura
1130 5090 1159 5139 et
1172 5085 1368 5155 gubernaculo
1383 5090 1411 5140 et
1425 5085 1534 5156 judicio
1550 5085 1600 5141 Dei
1624 5084 1768 5140 moderari
1790 5082 1897 5137 talibus

149 5172 269 5240 erroris;
285 5171 309 5227 si
325 5171 448 5244 denique
464 5170 543 5226 mille
558 5172 628 5226 alias
651 5170 827 5226 differentias
841 5171 872 5226 in
894 5172 992 5227 habitu
1047 5172 1142 5229 verbis
1157 5179 1342 5243 protestatur.
1360 5172 1515 5245 [Qnaeritur
1528 5173 1624 5245 itaque
1636 5173 1660 5228 si
1669 5177 1761 5228 totum
1777 5172 1855 5243 qnod
1866 5171 1896 5224 in

148 5271 312 5328 corporum,
327 5258 358 5314 in
376 5258 563 5333 qualitatibus
584 5258 759 5327 animorum,
777 5258 806 5313 in
830 5259 994 5314 conditione
1047 5261 1221 5317 hocmuudo
1235 5265 1286 5326 est,
1311 5277 1380 5315 cura
1401 5265 1429 5315 et
1446 5260 1640 5332 gubernaculo
1654 5261 1688 5315 'et
1711 5259 1822 5331 judicio
1847 5260 1897 5314 Dei

149 5348 323 5416 temporum,
344 5348 375 5403 in
399 5362 479 5403 more
501 5347 652 5418 regionum
670 5346 827 5417 dijudicare
855 5363 912 5403 non
931 5363 994 5418 pos
1047 5348 1153 5420 agitur,
1169 5365 1220 5404 cur
1235 5349 1338 5406 melior
1361 5348 1454 5404 multo
1482 5349 1520 5406 sit
1540 5350 1728 5406 barbarorum
1757 5347 1895 5411 conditio,

149 5447 223 5501 sum,
237 5432 301 5488 ideo
316 5435 394 5507 quod
410 5435 541 5492 omnium
566 5436 670 5491 horum
700 5435 774 5491 Deus
802 5435 839 5490 sit
863 5436 994 5492 conditor
1047 5453 1135 5509 quam
1151 5438 1268 5494 nostrai
1284 5453 1335 5492 cur
1363 5439 1438 5494 inter
1458 5454 1508 5494 eos
1527 5454 1643 5512 quoqne
1667 5439 1744 5509 ipsos
1768 5452 1829 5492 sors
1843 5435 1896 5490 bo·

147 5523 234 5595 atque
252 5523 399 5580 ordinator
412 5525 533 5596 ignoro;
554 5524 604 5596 qui
622 5523 724 5597 utique
740 5525 919 5598 singulorum
946 5525 995 5582 hu·
1047 5541 1152 5583 norum
1169 5525 1269 5582 durior
1287 5542 1375 5599 quam
1398 5528 1557 5596 malorum;
1584 5541 1636 5583 cur
1663 5525 1747 5600 probi
1767 5526 1895 5599 jaceant,
