3930 6098
118 301 185 355 1047
682 296 709 351 S.
730 295 866 353 uastati
882 295 1123 353 auunuuausls
1142 294 1297 353 urlscorl
1799 295 1863 350 1048

116 434 295 506 conscripsit,
315 434 417 506 primis
437 433 498 488 fere
523 433 616 488 adhuc
639 433 818 504 temporibus
846 448 962 487 conver·
981 431 1098 487 Atioue
1113 432 1223 487 occulte
1233 431 1362 503 quidem,
1378 431 1428 486 sed
1447 431 1524 501 juste
1541 430 1569 487 id
1581 429 1746 502 judicavit:
1770 448 1785 480 ι
1805 429 1864 484 lton

116 523 219 592 sionis,
235 523 293 577 sive
322 522 493 594 presbyterii
517 522 571 589 sui,
602 521 723 576 necdum
744 527 812 575 tunc
835 521 963 593 Pelagio·
1019 521 1097 575 enim
1125 522 1167 575 est
1194 520 1331 592 iniquitas
1369 519 1446 590 apud
1476 519 1577 587 Deum,
1607 517 1655 574 sed
1672 517 1865 572 inscrutabilia

116 628 218 667 norum
235 627 341 666 nomen
358 616 407 666 aut
418 611 550 665 heresim
568 611 706 665 exstitisse
718 631 725 678 ;
739 610 786 665 sed
797 612 884 680 longo
900 614 966 681 post
1019 614 1086 663 sont
1101 608 1206 678 judicia
1222 609 1293 678 eJus,
1322 611 1351 662 et
1374 607 1590 678 investigabiles
1615 607 1668 661 viae
1691 606 1754 676 ejus
1779 608 1861 676 (dou.

114 705 257 770 tempore,
284 706 313 754 et
349 699 446 753 multis
461 699 705 753 intercedentibus
736 699 819 753 annis
864 714 963 752 eorum
1018 713 1045 760 ιι,
1063 699 1116 759 33].
1135 695 1163 768 »]
1179 698 1250 751 ltenr
1265 697 1305 751 ibi
1320 702 1383 766 post
1404 697 1553 768 paululum
1567 695 1687 765 (illidit
1714 693 1862 768 [Duorum

114 789 257 843 insaniam
284 793 369 858 atque
403 787 652 858 impugnationem
686 793 785 842 contra
812 788 964 841 Ecclesiam
1018 784 1122 856 inquit,
1151 785 1333 856 geminorum
1364 801 1487 856 quorum
1509 799 1584 837 unos
1613 784 1784 847 assumitur,
1811 798 1863 836 uua

115 877 279 932 surrexisse.
300 878 333 930 Et
351 876 415 930 ideo
431 877 508 947 quod
524 877 667 946 nequead
686 875 854 930 llanicbeeos
871 876 963 929 haere·
1018 874 1203 944 relinquitur,
1218 874 1314 944 dispar
1334 885 1375 926 c-t.
1390 873 1492 931 exitus.
1509 872 1612 927 merita
1633 870 1811 925 communia.
1833 873 1862 926 ln

114 965 185 1019 ticos
205 964 378 1035 pertinebat,
409 980 536 1034 nequeo
564 965 736 1036 Pelagianis,
765 963 815 1035 qui
841 963 963 1018 necdum
1018 963 1123 1033 quibus
1142 969 1239 1017 tamen
1256 960 1859 1033 sicaltermagnaltcibonitateliberatur,

114 1054 204 1109 exorti
231 1054 356 1115 fucrant,
388 1052 553 1106 nullatcnus
573 1042 685 1124 opponi
714 1060 856 1124 potuerat,
885 1055 964 1111 nulla
1018 1051 1304 1121 utalternnllaeJns
1323 1051 1475 1123 iniquitate
1496 1049 1673 1105 damnetur:
1701 1050 1860 1119 ‹Nunquid

114 1158 232 1215 prorsus
251 1141 323 1196 ratio
340 1140 492 1211 permittit,
514 1146 546 1195 ut
568 1141 644 1210 quod
670 1141 762 1196 adhuc
784 1144 899 1214 penitus
917 1144 963 1199 fu·
1017 1141 1093 1196 enim
1109 1145 1152 1197 est
1165 1140 1302 1211 iniquitas
1313 1141 1387 1211 apud
1400 1141 1500 1205 Deum,
1512 1138 1586 1193 absit
1599 1139 1687 1210 litem.
1714 1154 1754 1203 rx,
1772 1138 1813 1206 ll)
1828 1154 1858 1192 2»

113 1235 212 1286 turum
225 1228 423 1300 ignorabatur,
443 1229 473 1281 in
497 1229 553 1282 illis
577 1228 656 1283 libris
681 1230 759 1284 velut
787 1236 962 1287 transactum
1016 1230 1097 1284 sed«
1115 1229 1410 1299 investigabilessunt
1429 1227 1483 1282 viae
1505 1226 1606 1298 ipsius.
1621 1245 1635 1278 u
1653 1227 1756 1297 ltaque
1779 1227 1859 1280 mise-

115 1321 401 1372 commemoraretur.
429 1318 501 1371 Sunt
523 1317 640 1387 quidem
662 1317 737 1371 circe
765 1318 850 1373 finem
876 1320 962 1374 libro·
1016 1318 1169 1372 ricordiam
1184 1318 1245 1387 ejus
1266 1317 1295 1372 in
1307 1315 1353 1370 lris
1369 1316 1418 1386 qui
1433 1315 1601 1381 liberantur,
1618 1321 1648 1369 et
1669 1313 1818 1369 veritatem
1834 1314 1858 1367 in

113 1422 178 1461 rum
203 1406 371 1460 eorumdem
396 1404 520 1459 breviter
541 1410 640 1458 contra
663 1406 831 1461 Manicbaeos
857 1424 962 1480 propo·
1015 1403 1060 1458 his
1070 1405 1120 1476 qui
1136 1405 1297 1476 puniuntur
1312 1403 1374 1457 sine
1386 1402 1563 1458 dubitatione
1580 1403 1744 1457 credamus.
1770 1402 1858 1474 Neque

115 1495 288 1565 sitae,atque
313 1493 450 1564 exposite
467 1493 744 1565 quadamquinque
772 1496 959 1567 quaestionem
1014 1493 1212 1548 inscrutabilia
1240 1491 1372 1560 scrutari,
1404 1496 1454 1546 aot
1482 1491 1696 1563 investigabilia
1722 1491 1856 1562 vestigare

114 1583 163 1638 sed
178 1583 212 1638 ed
229 1583 397 1653 Pelagianos
421 1582 493 1635 nibil
518 1583 705 1652 pertinentes,
722 1590 751 1638 et
771 1601 871 1638 eorum
893 1586 961 1640 nul·
1015 1582 1175 1653 conemur]
1192 1583 1224 1636 Et
1237 1582 1292 1634 alio
1307 1581 1369 1635 loco
1386 1582 1457 1650 (cop.
1479 1579 1522 1649 li)
1540 1595 1546 1634 :
1564 1580 1644 1650 [llaec
1656 1580 1855 1652 estproedesti-

115 1671 173 1726 lam
189 1670 357 1724 memoriam
371 1669 517 1724 facientes.
979 1726 1002 1781 B

415 1792 529 1847 CAPUT
549 1793 660 1848 llllllVl.

184 1901 222 1954 Dc
232 1899 311 1953 libris
324 1899 477 1967 Auqustiui
487 1899 525 1953 od
538 1901 699 1969 Prospcrum
709 1900 889 1956 etllilorium.

1016 1671 1093 1726 natio
1114 1678 1279 1725 sanctornm
1307 1669 1380 1724 nibil
1399 1669 1478 1725 aliud
1501 1668 1694 1741 praecientia,
1720 1669 1857 1723 scilieelet

1015 1759 1188 1831 praeparatio
1200 1758 1407 1814 beneficiorum
1425 1758 1485 1826 Dei,
1503 1758 1607 1830 quibus
1621 1756 1783 1812 certissime
1798 1756 1858 1811 libe

1015 1853 1126 1916 rantur,
1153 1847 1338 1919 quidcunque
1365 1847 1531 1902 liberantur.
1563 1846 1669 1901 Coeteri
1693 1851 1790 1900 autem
1815 1845 1856 1898 obi

1015 1937 1071 1991 nisi
1085 1937 1116 1991 in
1138 1952 1230 1991 massa
1244 1936 1415 2007 perditionis
1439 1935 1518 2006 justo
1536 1934 1632 1990 divino
1652 1934 1765 2004 judicio
1779 1933 1855 1988 reliu-

150 2022 446 2094 llludquoquequod
474 2020 546 2076 dixit
564 2022 683 2093 scriptor
698 2023 851 2093 Epistulae:
880 2024 962 2096 [Ouia
1016 2031 1152 2096 quantur.
1182 2026 1215 2080 Et
1248 2025 1377 2079 iterum:
1408 2023 1464 2097 [An
1493 2024 1567 2078 torte
1595 2038 1648 2078 nec
1675 2024 1737 2096 ipsa
1767 2023 1856 2078 dicunt

114 2111 145 2165 in
162 2111 242 2166 libris
258 2111 292 2165 ad
307 2112 479 2180 Prosperum
502 2114 531 2164 et
545 2111 685 2166 Hilarium
701 2112 813 2184 scriptis
828 2113 863 2168 de
885 2131 960 2186 pree-

113 2199 301 2255 destinatione
345 2199 527 2265 Sanctorum,
569 2204 597 2254 et
626 2199 701 2254 douo
729 2203 959 2273 perseverantiae,

113 2288 186 2342 nihil
210 2288 286 2343 idem
305 2286 405 2342 doctor
420 2287 524 2343 dixerit
538 2287 573 2343 de
592 2289 844 2358 praedestinatione
860 2306 960 2364 repro·

1015 2114 1219 2186 praedestinata
1234 2130 1240 2168 :
1258 2130 1327 2185 ergo
1342 2129 1394 2167 nec
1407 2112 1540 2167 dantura
1552 2113 1623 2180 lieo,
1637 2116 1689 2167 aut
1712 2128 1747 2167 ea
1763 2128 1791 2166 se
1811 2112 1852 2166 da·

1015 2206 1112 2256 turum
1135 2219 1195 2256 esse
1215 2202 1342 2257 nescivit.
1371 2201 1452 2266 Quod
1474 2201 1499 2253 si
1524 2207 1553 2255 et
1575 2200 1692 2268 dentur,
1721 2205 1750 2255 et
1778 2216 1810 2254 ea
1830 2214 1853 2252 se

1015 2290 1150 2345 daturum
1166 2306 1226 2344 esse
1247 2289 1399 2362 prescivit,
1415 2290 1543 2360 prolecto
1566 2288 1802 2361 pradestinavit]
1827 2288 1854 2341 El

113 2376 215 2430 borum
231 2376 265 2431 ad
283 2373 456 2448 interitum]
475 2376 642 2430 Nullatenus
657 2393 755 2432 verum
776 2393 837 2433 esse
853 2395 960 2450 cogno-

113 2463 231 2533 scimus;
247 2464 413 2534 frequenter
429 2464 506 2518 enirn
522 2465 551 2518 in
568 2465 673 2520 eisdem
694 2466 774 2520 libris
798 2468 833 2522 de
853 2469 959 2522 utrius·

114 2568 169 2623 que
190 2551 289 2622 partis,
315 2553 343 2606 id
369 2559 412 2607 est
439 2552 594 2606 electorum
626 2559 653 2607 el
676 2555 865 2625 reproborum
890 2573 961 2628 prae-
1016 2556 1215 2626 potuisse:ac
1230 2555 1285 2609 hoc
1307 2571 1359 2626 per
1373 2555 1426 2608 hoc
1442 2555 1661 2624 praedestinatos
1676 2554 1712 2609 ab
1727 2554 1777 2608 illo
1791 2569 1850 2618 esse,

113 2636 303 2693 destinatione
319 2655 396 2694 nunc
415 2639 607 2703 simulando
627 2641 758 2697 distincte
772 2644 910 2715 disputat,
928 2646 961 2699 Et
1014 2660 1087 2715 quos
1103 2645 1203 2699 liberat
1225 2649 1254 2698 et
1268 2642 1407 2714 coronat]
1431 2643 1500 2698 item
1528 2642 1620 2697 alibi:
1646 2641 1726 2714 [Sine
1751 2641 1850 2697 dubila-

112 2724 330 2782 ideoliberille
354 2727 388 2781 de
413 2729 667 2784 Praedestinatione
696 2736 861 2787 sanctorum
889 2733 958 2788 titu-
1013 2733 1092 2787 tione
1107 2735 1185 2788 enim
1203 2733 1356 2803 prescivit,
1381 2733 1405 2786 si
1419 2732 1648 2802 praedestinarit3
1678 2731 1728 2786 sed
1751 2731 1846 2802 prede

111 2813 198 2882 latur,
217 2816 359 2887 nonquia
380 2820 408 2869 et
431 2817 466 2870 de
488 2817 741 2887 predestinatione
770 2821 958 2890 reproborum
1014 2823 1269 2891 stinasse,esthoc
1290 2822 1434 2894 praescisse
1460 2821 1537 2892 qood
1563 2821 1659 2876 fuerat
1687 2821 1748 2892 ipsc
1771 2821 1849 2875 tactu-

112 2903 183 2958 nihil
200 2903 371 2971 ibidicitur,
398 2906 444 2960 sed
472 2905 540 2975 quia
554 2923 586 2960 ex
602 2907 713 2961 meliori
741 2914 822 2979 parte
853 2926 958 2965 nomen
1013 2910 1086 2984 rus]
1102 2913 1212 2966 Hacex
1227 2928 1313 2982 supra
1334 2911 1499 2965 memoratis
1513 2910 1590 2965 beati
1604 2909 1758 2980 Augustini
1782 2908 1850 2964 libris

112 2991 231 3062 accepit,
253 2993 327 3046 sicut
338 2997 366 3047 et
381 2993 410 3046 in
426 2993 507 3048 libris
522 2994 557 3049 de
586 2995 706 3050 Ciuitate
732 2996 793 3062 Dei,
809 2997 908 3069 utique
923 2999 958 3053 de
978 2999 1138 3077 cbreviter
1149 2999 1355 3054 consideranda
1379 2999 1589 3070 proposuimus,
1613 3002 1645 3052 at
1670 2999 1773 3054 divinae
1794 3014 1850 3068 pue

111 3080 263 3152 utriusque
278 3081 449 3148 civitatibus,
466 3087 494 3135 et
511 3083 570 3149 Dei,
591 3083 708 3149 scilieet,
722 3089 750 3137 et
769 3084 877 3140 diaboli
905 3103 958 3156 pa·
1013 3088 1138 3143 scientiae
1152 3094 1181 3142 ct
1194 3088 1455 3160 praedestinationis
1477 3093 1615 3143 oeternam
1631 3091 1662 3143 et
1683 3087 1847 3142 immobilem

111 3167 224 3222 ritaret
247 3169 444 3240 multipliciter
466 3170 605 3240 disputat;
627 3176 654 3226 et
682 3176 778 3226 tamen
793 3189 826 3227 ex
846 3175 959 3229 meliori
1011 3177 1158 3231 veritatem
1187 3176 1337 3248 perspicue
1367 3192 1434 3231 eum
1467 3176 1607 3244 docuisse,
1644 3182 1674 3232 et
1701 3175 1846 3248 tegentium

111 3260 193 3327 parte
209 3257 298 3311 libros
313 3258 348 3312 de
365 3259 484 3314 Civitate
506 3259 558 3313 ilci
583 3260 674 3314 voluit
704 3263 858 3332 appellare.
888 3264 960 3328 Quia
1011 3266 1228 3321 commendasse
1242 3266 1399 3321 certissime
1413 3280 1628 3336 cognoscamus.

111 3361 179 3415 ergo
208 3345 332 3400 multum
361 3347 396 3401 ad
428 3354 595 3418 presentem
622 3350 821 3420 quaestionem,
852 3351 900 3406 nbi
924 3353 959 3407 de
1307 3372 1420 3427 ggpqp
1438 3371 1552 3427 mvn

111 3433 208 3488 divina
221 3434 475 3506 predestinatione
491 3437 595 3507 agitur,
620 3440 811 3494 necessarium
835 3440 957 3511 videtur,
1225 3481 1262 3533 De
1309 3481 1367 3534 m
1381 3484 1407 3533 et
1421 3479 1505 3534 libem
1519 3411 1621 3532 arg-m·

111 3528 273 3591 opportune
289 3529 375 3593 atque
388 3524 499 3579 utiliter
513 3524 576 3580 fieri
587 3526 795 3596 existimamus,
815 3533 847 3583 ut
863 3529 960 3601 aliqua
1126 3584 1131 3594 ,
1274 3494 1314 3596 Ψ,
1340 3496 1349 3533 ⁸
1570 3494 1581 3532 ι
1607 3493 1647 3594 ,⁰⁸

112 3624 147 3664 ex
161 3609 269 3665 eisdem
284 3611 365 3666 libris
380 3612 416 3666 ed
431 3613 504 3668 banc
519 3629 577 3668 rem
590 3614 762 3684 pertinentia
779 3618 959 3688 agnoscenda
1047 3584 1182 3656 sequmff
1195 3587 1290 3639 ”utem
1307 3600 1338 3638 ¹¹¹
1352 3584 1470 3654 p‘aefm
1484 3598 1684 3655 mmmmm

111 3700 656 3773 ettenendalegentibusproponamus.
672 3704 720 3758 ait
735 3705 823 3776 igitur
833 3707 959 3778 quodam
1347 3705 1510 3745 mmmm·

111 3789 171 3841 loco
187 3788 368 3860 distinguens
389 3797 540 3863 atramque
564 3792 860 3863 praedestinationem,
886 3796 959 3850 sicut
1048 3796 1129 3852 «Sed
1145 3796 1289 3868 etgratia,
1304 3795 1350 3851 vel
1371 3796 1462 3851 libero
1481 3793 1600 3850 arbitrio
1623 3795 1676 3866 qui
1700 3794 1798 3849 melius
1810 3811 1842 3847 sa-

107 3876 167 3947 jam
192 3878 324 3948 superius
348 3880 571 3935 memoravimus
596 3881 641 3951 (de
663 3882 790 3936 Pradest.
813 3888 911 3953 sonet,
933 3901 955 3940 c.
1010 3883 1105 3956 piant,
1134 3884 1174 3938 ita
1200 3884 1331 3950 credunt,
1359 3889 1387 3939 et
1419 3884 1461 3939 ita
1490 3883 1673 3955 loquantur:
1703 3883 1842 3939 Arbitrium

112 3962 179 4034 llll:
206 3961 434 4037 [Proedestinatio
458 3968 509 4022 Dei
531 3984 596 4039 quas
623 3969 751 4024 inbono
779 3976 830 4037 est,
858 3973 958 4043 gratiae
1009 3971 1131 4026 liberum
1148 3971 1178 4025 in
1193 3972 1287 4042 primo
1302 3970 1421 4026 homine
1445 3986 1505 4026 non
1529 3971 1585 4025 fuit
1609 3977 1784 4037 emortuum,
1804 3968 1841 4022 sed

110 4055 152 4104 est
184 4053 371 4123 praeparatio;
403 4055 495 4124 gratia
522 4071 588 4109 voro
624 4061 667 4112 cst
694 4057 783 4128 ipsius
810 4061 958 4129 pradesti·
1009 4060 1150 4128 vitiatum,
1171 4060 1201 4114 in
1216 4060 1300 4114 nobis
1319 4064 1414 4115 antem
1429 4060 1463 4115 ad
1488 4060 1597 4114 malum
1617 4059 1761 4131 agendum
1784 4057 1841 4112 arbi·

109 4137 234 4192 nationis
270 4139 408 4209 effectus]
441 4142 511 4195 ltem
544 4142 613 4197 alibi
639 4144 714 4213 (cop.
754 4146 821 4216 till:
858 4146 957 4217 [Tanta
1010 4148 1098 4203 trium
1115 4150 1188 4202 male
1200 4154 1243 4203 est
1256 4147 1481 4221 liberum3quia
1499 4148 1623 4219 agretia
1637 4164 1697 4203 non
1723 4148 1838 4209 liberate,

109 4225 218 4295 quippe
245 4227 281 4281 ab
309 4227 434 4281 inimicis
461 4229 568 4283 ludaeis
595 4245 698 4285 manus
725 4233 777 4287 Dei
804 4241 830 4288 et
859 4236 956 4290 consi·
1010 4236 1059 4291 sed
1075 4236 1148 4291 male
1164 4235 1252 4290 libero
1265 4236 1383 4290 arbitrio
1404 4235 1447 4289 osi
1476 4235 1619 4290 efficimur
1641 4236 1716 4290 servi
1737 4232 1838 4308 peecui

108 4312 407 4382 liumprredestinavit
425 4314 499 4380 lieri,
529 4322 637 4388 quauta
660 4322 818 4376 necessaria
841 4322 957 4378 fuerant
975 4320 1048 4378 lind
1065 4323 1415 4396 beneagendumautem,
1433 4323 1583 4378 imoetab
1598 4323 1674 4379 bene
1703 4322 1838 4378 volendum

108 4400 263 4472 Evangelio
286 4407 407 4475 propter
421 4420 482 4458 nos.
500 4405 565 4476 Agit
580 4407 688 4478 quippe
702 4409 777 4463 Deus
792 4412 868 4481 quod
893 4414 956 4469 vult
1008 4417 1076 4466 tnnc
1089 4428 1154 4467 vere
1165 4417 1206 4467 est
1222 4416 1352 4466 nostrum
1362 4412 1514 4467 arbitrium
1537 4412 1672 4474 liberum,
1691 4428 1755 4466 corn
1767 4409 1837 4465 luerit

107 4487 138 4543 in
153 4490 289 4545 cordibus
303 4491 453 4547 hominum
469 4495 512 4548 vel
528 4494 700 4566 adjuvando,
723 4499 765 4552 vel
786 4499 951 4569 judicando,
1008 4501 1099 4571 gratia
1117 4501 1281 4567 liberatum,
1298 4501 1374 4572 qnod
1396 4516 1456 4555 non
1482 4505 1526 4555 est
1549 4501 1761 4568 resuscitatum,
1782 4498 1836 4571 quit

106 4580 139 4632 ut
157 4577 244 4632 etiam
259 4595 312 4649 per
325 4595 374 4633 eos
386 4580 625 4653 impleaturquod
641 4600 744 4639 manus
755 4587 806 4641 Dei
821 4592 850 4642 et
863 4589 954 4643 consi·
1007 4603 1066 4643 non
1083 4589 1136 4643 tuit
1151 4595 1317 4644 emortuum
1334 4606 1341 4658 ;
1357 4589 1407 4644 sed
1434 4589 1527 4662 gretia
1546 4595 1590 4643 est
1617 4596 1763 4654 sanatum;
1781 4586 1834 4657 quit

105 4665 178 4721 lium
206 4668 421 4738 praedestinavit
444 4669 531 4742 fieri]
561 4672 594 4726 Et
618 4672 675 4726 alio
712 4674 775 4729 loco
803 4678 849 4743 (lle
883 4678 953 4734 dono
1007 4676 1076 4731 vitio
1091 4677 1145 4732 luit
1160 4682 1338 4748 corruptum.
1357 4678 1391 4732 Et
1408 4676 1523 4749 reprobi
1547 4676 1654 4732 idcirco
1672 4687 1834 4748 nequaquam

105 4753 227 4822 Persou,
243 4771 304 4827 cap.
325 4755 367 4827 la)
385 4772 391 4810 :
409 4757 484 4828 [llaec
508 4759 582 4814 Deus
595 4760 738 4816 tactorum
760 4780 788 4817 se
802 4780 863 4819 esse
878 4782 951 4837 prae·
1006 4766 1127 4820 coelestis
1142 4766 1243 4836 patries
1265 4766 1385 4835 praemia
1404 4770 1511 4820 eterna
1534 4765 1706 4838 percipient,
1731 4765 1792 4837 qoia
1808 4777 1833 4814 ea

104 4843 195 4898 scivit.
222 4845 286 4914 lpsa
312 4849 352 4899 est
389 4846 605 4915 praedestinatio
633 4856 805 4916 sanctorum,
835 4871 850 4904 a
879 4870 951 4925 quos
1006 4871 1091 4922 nunc,
1118 4854 1187 4907 dum
1211 4853 1373 4925 promereri
1395 4857 1540 4926 poterant,
1566 4869 1600 4909 ex
1614 4854 1708 4910 libero
1722 4851 1832 4915 arbitrio,

104 4930 192 5001 elegit
201 4931 231 4986 in
247 4931 359 4987 Christo
376 4938 439 4987 ante
457 4936 691 4993 constitutionem
706 4941 808 4995 mundi
820 4940 895 5012 (Act.
911 4959 949 5011 rv,
1004 4947 1251 5013 comtempserunt
1267 4959 1274 4996 :
1290 4943 1365 5015 quod
1379 4943 1643 4998 videlicetliberum
1660 4943 1801 4999 arbitrium
1810 4939 1832 4992 in

105 5019 161 5088 ta).
177 5017 205 5091 u]
219 5020 251 5073 Et
265 5019 370 5075 iterum
386 5024 457 5090 (cop.
476 5021 519 5091 ll)
533 5040 539 5076 :
558 5021 600 5095 [Et
610 5028 746 5094 parvulis,
762 5027 867 5099 inquit,
885 5031 950 5101 qui·
1003 5031 1081 5086 bono
1096 5032 1236 5086 formatur
1250 5032 1359 5097 electis,
1374 5033 1444 5087 'cum
1468 5047 1567 5086 eorum
1594 5048 1708 5086 creusa
1730 5028 1832 5086 terrens

1015 2377 1437 2452 iterum:[1tullasuarutora
1458 2378 1534 2432 dona
1556 2383 1584 2432 et
1607 2393 1674 2449 quae
1702 2378 1796 2433 danda
1819 2393 1853 2430 ee

1014 2473 1087 2534 sent,
1112 2472 1141 2523 et
1166 2467 1270 2538 quibus
1290 2467 1384 2521 danda
1402 2471 1496 2520 essent
1527 2466 1618 2520 Deum
1645 2481 1707 2519 non
1732 2465 1852 2537 praescire

101 5103 156 5160 bus
171 5107 241 5173 vult,
268 5107 355 5162 etiam
377 5125 435 5163 non
461 5111 623 5167 volentibus
650 5131 742 5187 neque
769 5120 950 5174 currentibus
1003 5119 1150 5176 desideriis
1188 5120 1280 5191 gretia
1320 5120 1465 5192 aspirante
1500 5121 1695 5191 suspenditur.
1740 5120 1832 5174 &nun
1886 5126 1888 5137 ·

102 5194 250 5260 subvenit;
268 5211 340 5267 quos
354 5202 420 5251 ante
443 5199 675 5255 constitutionem
689 5205 789 5259 mundi
816 5207 903 5279 elegit
918 5208 949 5263 in
1002 5207 1122 5279 quippe,
1134 5210 1210 5278 quod
1227 5208 1350 5279 agimus,
1362 5213 1390 5262 et
1413 5207 1463 5262 nei
1480 5213 1534 5275 est,
1561 5212 1590 5262 et
1615 5214 1768 5264 nostrum:
1792 5201 1832 5259 liei
1878 5242 1888 5281 ,

101 5281 214 5339 Christo
235 5284 356 5340 daturos
382 5286 423 5340 eis
445 5288 567 5358 gratiam
598 5290 701 5355 gratis:
720 5297 750 5346 et
778 5294 946 5365 majoribus,
1002 5312 1056 5368 per
1068 5297 1292 5366 praevenientem
1309 5297 1450 5367 gratiam3
1473 5303 1605 5352 nostrum
1621 5313 1674 5370 per
1689 5299 1831 5368 obsequen·
1886 5286 1888 5313 '

101 5371 189 5468 etiam
220 5373 265 5427 bis
289 5390 361 5445 quos
387 5376 518 5445 previdit
541 5379 562 5431 si
579 5380 656 5450 apud
672 5395 721 5434 eos
742 5381 815 5437 tacta
841 5389 945 5452 essent,
1001 5390 1059 5440 tem
1075 5385 1401 5453 liberamvolnntaterrr3
1419 5386 1535 5441 sienim
1560 5387 1612 5442 Dei
1631 5392 1756 5454 nonest,
1770 5381 1831 5438 ande

101 5472 160 5554 suis
190 5461 335 5515 miraculis
357 5463 526 5529 credituros,
542 5466 647 5535 quibus
671 5483 728 5522 non
760 5471 819 5524 vult
844 5471 946 5527 subve·
1000 5473 1027 5528 ei
1042 5473 1072 5527 in
1088 5479 1227 5528 eternum
1245 5474 1352 5544 gratias
1366 5473 1499 5544 agimus?
1522 5474 1647 5529 Rursum
1679 5475 1830 5530 sinostmn

100 5557 163 5600 nire
191 5562 248 5602 non
263 5548 405 5604 subvenit.
437 5552 594 5623 Dequibns
621 5555 652 5610 in
680 5573 729 5612 sua
755 5559 943 5628 proedestina-
1000 5576 1059 5616 non
1085 5566 1137 5629 est,
1166 5563 1241 5617 unde
1275 5562 1358 5617 nobis
1386 5562 1510 5618 retribui
1532 5564 1655 5635 premia
1681 5556 1831 5635 speramus?
