3930 6098
189 315 239 372 liv

763 306 941 363 uernattnt
956 305 1187 363 consularius
1207 303 1361 360 uonttttt
1885 302 1933 354 its

192 455 220 504 et
251 445 367 517 sanguis
399 440 513 497 Domini
545 443 698 511 propterea
725 441 856 508 mysterio
888 438 1066 503 dicuntur,h
1123 438 1178 493 Lll.
1214 437 1282 492 Vide
1316 435 1472 491 secundum
1514 435 1590 507 quod
1621 435 1720 490 doctor
1746 435 1799 490 iste
1830 450 1934 506 corpus

191 537 268 608 quod
282 536 420 588 secretam
441 533 469 585 et
483 528 661 584 reconditam
675 527 799 582 habeant
813 526 1033 597 dispositionem

190 625 287 686 idest,
312 619 391 675 aliud
416 619 473 673 sint
500 617 577 689 qood
602 617 725 671 exterius
751 616 883 678 innuant,
900 619 929 670 et
956 615 1033 670 aliud

191 711 266 783 quod
277 707 398 764 interius
412 705 593 762 invisibiliter
608 704 785 775 operentur?

226 798 340 854 llLVlll.
357 797 427 851 Hinc
446 793 532 848 etiam
549 799 576 846 et
590 798 759 847 sacramento
778 791 950 859 vocitantur,
968 792 1036 863 qnia

190 891 357 958 tegumento
368 882 562 954 corporalium
576 896 672 936 rerum
688 881 779 935 virtus
792 879 890 934 diviua
900 881 1036 935 secretius

191 977 312 1030 salutem
324 971 524 1042 accipientium
540 968 823 1039 lideliterdispensat.

227 1063 316 1120 llblll.
334 1059 430 1114 hahis
457 1058 590 1113 omnibus
614 1073 677 1127 quae
704 1061 771 1111 sunt
802 1057 939 1110 hactenus
962 1056 1038 1111 dicta

192 1154 383 1206 monstratum
400 1147 533 1218 estquod
552 1161 657 1215 corpus
672 1145 826 1215 etsanguis
839 1144 954 1210 Christi,
972 1161 1037 1216 quse

192 1239 321 1294 fidelium
338 1253 386 1290 ore
403 1236 433 1290 in
457 1234 581 1288 Ecclesia
605 1233 815 1303 percipiuntur,
842 1233 943 1304 liguria
971 1237 1039 1286 suut

193 1327 349 1382 secundum
365 1324 490 1396 speciem
505 1322 662 1388 visibilem;
680 1326 708 1374 at
732 1337 799 1375 vero
819 1321 975 1375 secundum
990 1321 1037 1374 in·

193 1413 333 1469 visibilem
354 1411 554 1478 substantiam,
572 1410 657 1464 idest
674 1408 763 1463 divini
780 1409 937 1479 potentiam
955 1408 1039 1463 Verbi

193 1519 259 1556 vere
279 1518 384 1573 corpus
411 1507 440 1554 et
472 1499 590 1569 sanguis
621 1497 725 1553 Christi
743 1497 876 1551 existunt.
903 1498 982 1552 Unde
999 1514 1039 1550 se·

194 1590 318 1646 cundum
336 1589 477 1643 visibilem
492 1591 663 1649 creaturam,
679 1600 783 1654 corpus
802 1590 923 1654 pascunt
938 1600 945 1651 ;
959 1586 1040 1656 juxta

1089 525 1192 583 Christi
1213 526 1288 580 dicat
1303 541 1364 579 esse
1385 540 1478 578 escam
1495 541 1580 596 qoam
1611 524 1710 578 lideles
1737 524 1882 595 accipiunt
1905 525 1933 577 in

1090 615 1221 669 Ecclesia.
1238 615 1285 670 hit
1300 629 1425 684 namque
1442 629 1448 666 :
1468 634 1481 662 «
1497 614 1551 667 lste
1566 614 1648 683 panis
1661 613 1740 667 vivus
1752 614 1800 684 qui
1815 614 1851 667 de
1866 613 1934 668 coelo

1090 703 1244 771 descendit,
1260 704 1326 756 vitae
1342 709 1455 757 aeternac
1479 701 1664 757 substantiam
1695 702 1902 756 subministrat.
1920 723 1933 750 s

1091 793 1164 848 Num
1178 792 1332 846 secundum
1350 791 1403 843 hoe
1418 789 1494 861 quod
1510 789 1633 856 videtur,
1649 790 1726 861 quod
1749 790 1936 860 corporaliter

1091 881 1224 948 sumitur,
1241 880 1318 951 quod
1334 881 1418 934 devite
1435 879 1585 946 premitur,
1604 878 1680 949 quod
1705 879 1785 933 invice
1805 878 1936 949 glutitur,

1091 971 1167 1042 quod
1196 968 1373 1039 receptaculo
1402 968 1508 1021 ventris
1534 968 1697 1039 suscipitur,
1730 973 1846 1022 aeternae
1871 967 1937 1021 ritae

1091 1057 1280 1112 substantiam
1306 1055 1519 1112 subministrat?
1536 1057 1590 1110 lsto
1615 1072 1740 1127 namque
1770 1057 1855 1111 modo
1877 1072 1935 1110 car-

1092 1163 1159 1202 uem
1187 1147 1278 1217 pascit
1298 1146 1476 1212 morituram,
1504 1161 1556 1199 nec
1585 1146 1712 1216 aliquam
1739 1145 1936 1199 subministrat

1092 1235 1353 1305 incorruptionem;
1370 1250 1463 1306 neque
1477 1234 1531 1288 dici
1554 1250 1619 1288 vere
1634 1238 1771 1304 potestat
1786 1237 1937 1303 quicunque

1092 1325 1162 1379 hurre
1184 1324 1399 1389 manducaverit,
1413 1338 1467 1377 non
1494 1324 1623 1377 morietur
1642 1325 1672 1377 in
1692 1328 1821 1377 arternum
1845 1323 1935 1391 (loon.

1093 1429 1132 1481 vr,
1147 1413 1200 1480 52).
1218 1413 1250 1466 Et
1269 1413 1323 1465 hoc
1337 1411 1414 1465 enim
1430 1410 1506 1482 qnod
1517 1411 1605 1465 sumit
1620 1427 1734 1481 corpus,
1754 1411 1937 1481 corruptibile

1094 1506 1136 1555 est
1152 1518 1158 1568 ;
1177 1517 1227 1554 uec
1244 1500 1297 1571 ipsi
1310 1499 1423 1569 corpori
1440 1504 1532 1570 potest
1547 1505 1682 1570 prestare
1700 1501 1892 1553 nemoriatur
1910 1500 1938 1554 iu

1094 1597 1234 1646 arternum
1252 1606 1257 1644 :
1275 1588 1411 1660 quoniam
1427 1587 1501 1660 quod
1515 1588 1692 1657 corruptioni
1707 1587 1843 1658 subjacet,
1860 1593 1937 1642 aeter·

115 5029 117 5032 .
209 4975 324 5045 scripsit
337 4976 532 5030 theotmaro:
553 4978 751 5048 misnensium
772 4979 890 5034 crederet
910 4980 982 5049 qaod
1002 4996 1053 5049 pc·

194 1694 260 1733 vero
275 1676 443 1749 potentioris
457 1675 591 1729 virtutem
607 1673 781 1739 substantiae,
806 1673 933 1727 bdelium
959 1689 1038 1727 men·
1093 1680 1364 1748 nitatemproestare
1388 1693 1446 1730 non
1470 1677 1551 1731 valet.
1579 1677 1625 1730 Est
1647 1692 1715 1746 ergo
1740 1677 1770 1730 in
1796 1677 1846 1731 illo
1866 1693 1937 1748 pane

194 1772 238 1822 tes
254 1770 280 1820 el
295 1769 416 1838 pascunt
440 1769 468 1820 et
493 1761 680 1818 sanctificant.
706 1761 790 1832 (Vide
817 1778 919 1818 numm.
935 1764 1037 1832 that,
1055 1738 1075 1792 B
1096 1767 1164 1836 vita,
1179 1782 1243 1838 quae
1269 1782 1326 1819 non
1353 1765 1442 1819 oculis
1471 1769 1590 1835 apparet
1616 1765 1771 1837 corporeis,
1797 1765 1845 1819 sed
1871 1764 1938 1819 lidei

194 1861 220 1910 et
233 1855 287 1918 aot
1096 1861 1249 1910 contuetur
1263 1858 1377 1924 aspectu
1394 1868 1400 1907 :
1420 1853 1472 1924 qui
1498 1853 1584 1907 etiam
1610 1854 1692 1924 panis
1722 1855 1800 1907 vivus
1826 1855 1877 1924 qui
1892 1854 1937 1908 de·

231 1940 580 1998 hiamnuncsecundae
603 1936 771 2010 questionis
798 1938 979 2009 propositum
1002 1946 1043 1996 est
1097 1943 1207 1998 scandit
1220 1943 1255 1997 de
1285 1942 1355 1995 coelo
1382 1941 1485 2004 existit,
1516 1946 1544 1994 et
1574 1941 1609 1995 de
1636 1957 1694 2012 quo
1722 1957 1786 1995 vere
1814 1941 1938 1997 dicitur:

195 2032 417 2102 inspiciendum,
446 2035 474 2083 et
498 2028 653 2083 videndum
688 2033 786 2081 utrum
812 2027 905 2099 ipsum
941 2046 1044 2101 corpus
1099 2032 1256 2101 Quicunque
1270 2031 1340 2084 hunc
1363 2030 1580 2095 niundurcuerit,
1596 2045 1649 2083 non
1675 2031 1940 2084 morieturinacter·

197 2120 273 2191 quod
289 2120 324 2175 de
340 2118 427 2174 Maria
441 2125 539 2172 natum
556 2121 608 2182 est,
629 2120 656 2169 et
680 2132 807 2186 passum,
834 2122 863 2170 et
885 2122 1042 2186 mortuum,
1097 2137 1176 2186 num3
1193 2123 1221 2174 et
1236 2118 1285 2189 qui
1302 2122 1344 2172 est
1359 2134 1461 2189 corpus
1476 2116 1590 2173 Christi.
1615 2138 1628 2167 »

197 2212 223 2262 et
238 2207 392 2277 sepultum,
408 2205 542 2276 quodque
561 2203 596 2257 ad
610 2203 754 2257 dexteram
775 2205 866 2259 Patris
888 2205 1043 2273 consideat,
1135 2208 1206 2262 hlll.
1223 2207 1293 2261 ltem
1312 2206 1342 2260 in
1368 2204 1606 2277 consequentibus
1630 2205 1795 2276 (ibid.,cap.
1812 2206 1849 2274 9),
1877 2221 1941 2262 cum

197 2294 233 2348 sit
247 2295 325 2366 quod
338 2311 386 2349 ore
400 2294 530 2348 fidelium
545 2308 598 2365 per
613 2296 858 2347 sacramentorum
875 2295 1044 2365 mysterium
1100 2297 1134 2351 de
1147 2295 1344 2366 omnipotente
1358 2293 1463 2348 virtute
1480 2292 1582 2349 Christi
1608 2295 1782 2364 loqueretur,
1815 2293 1852 2346 sit
1879 2292 1941 2347 ait:

198 2385 228 2440 in
244 2385 366 2439 Ecclesia
385 2384 512 2455 quotidie
527 2382 661 2436 sumitur·
1102 2384 1228 2440 «Sermo
1243 2397 1311 2453 ergo
1334 2381 1449 2448 Christi,
1480 2381 1530 2452 qui
1556 2381 1651 2452 potuit
1669 2396 1704 2436 ex
1730 2381 1822 2435 nihilo
1850 2380 1942 2434 iacere

235 2473 278 2527 bl.
295 2475 500 2528 Percontemur
514 2470 584 2542 quid
609 2485 642 2524 ex
657 2470 712 2524 hoc
735 2473 849 2525 sanctus
877 2472 1045 2529 Ambrosius
1100 2473 1177 2544 quod
1198 2488 1256 2526 non
1270 2476 1340 2538 erat,
1357 2486 1414 2525 non
1427 2473 1523 2542 potest
1536 2486 1570 2524 ea
1584 2486 1649 2541 quae
1663 2475 1730 2524 sunt
1744 2469 1775 2523 in
1789 2469 1942 2535 idjmutare

199 2562 304 2615 sentiat
320 2577 326 2615 :
344 2562 385 2614 ait
398 2575 523 2631 namque
538 2560 670 2629 inprime
698 2558 947 2615 Sacramentorum
974 2562 1046 2618 libro
1100 2561 1177 2632 quod
1192 2575 1251 2615 uon
1266 2558 1366 2614 erantt
1382 2561 1394 2602 b
1408 2559 1507 2614 Nonne
1531 2559 1624 2629 majus
1639 2563 1682 2613 est
1699 2574 1785 2612 novas
1812 2574 1857 2612 res
1877 2557 1944 2612 dare

199 2649 261 2716 (lib.
278 2653 315 2705 De
329 2650 425 2718 iisgui
442 2650 582 2719 mysteriis
596 2649 754 2713 initientur,
768 2663 829 2719 cap.
847 2651 874 2717 8)
887 2666 921 2703 :a
938 2651 1047 2706 Revera
1100 2665 1188 2722 quam
1202 2653 1313 2703 motare
1338 2647 1473 2702 naturast
1491 2646 1579 2719 a[nt.,
1604 2663 1660 2701 non
1685 2646 1762 2701 enim
1789 2646 1886 2702 miuus
1907 2651 1947 2702 est

200 2737 332 2792 mirabile
349 2737 482 2808 estquod
507 2751 613 2790 manna
634 2737 708 2790 [leus
732 2736 844 2806 plueret
862 2738 1003 2809 patribus,
1019 2747 1047 2795 et
1101 2753 1189 2793 novas
1204 2736 1288 2791 rebus
1310 2734 1402 2808 dare]

201 2826 368 2898 quotidiano
383 2825 446 2880 coeli
464 2824 653 2896 pascebantur
673 2824 825 2892 aliment03
845 2826 921 2881 unde
938 2828 1046 2884 dictum
1138 2827 1202 2881 LlV.
1234 2825 1307 2880 Dicit
1333 2830 1447 2879 sanctus
1472 2824 1645 2892 lambrosius
1673 2823 1703 2877 in
1735 2822 1784 2878 illo
1808 2823 1946 2895 mysterio

202 2920 267 2969 est:
299 2916 397 2969 Panem
438 2914 595 2982 angelorum
641 2913 817 2968 manducauit
849 2915 926 2970 homo
963 2917 1045 2988 (Psoi.
1102 2914 1250 2985 sanguinis
1278 2918 1307 2968 et
1331 2913 1459 2983 corporis
1486 2912 1591 2968 Christi
1614 2913 1949 2969 commutationemesse

201 3004 376 3071 marinii).
396 3001 450 3057 Sed
479 3008 576 3056 tamen
603 3018 708 3073 panem
738 3001 820 3056 illum
846 3003 896 3074 qui
923 3006 1082 3088 manda-C
1102 3004 1217 3068 iactam,
1234 3007 1262 3057 et
1277 3002 1454 3069 mirabiliter,
1471 3002 1539 3073 quia
1564 3001 1670 3067 divine,
1696 3006 1725 3056 et
1753 3001 1948 3068 ineffabiliter,

202 3094 348 3158 caverunt,
365 3106 465 3145 omnes
479 3091 508 3145 in
523 3090 633 3144 deserto
650 3091 756 3144 mortui
772 3097 848 3147 suut.
870 3093 927 3147 lsta
950 3097 1045 3148 eutem
1102 3092 1171 3164 quia
1183 3090 1485 3162 incomprehensibile.
1506 3092 1604 3145 Dicant
1618 3089 1668 3162 qui
1693 3090 1764 3143 nihil
1779 3090 1825 3145 hic
1845 3090 1949 3144 volunt

202 3194 265 3233 esca
281 3194 368 3249 quam
385 3178 500 3249 accipis,
516 3179 568 3232 iste
590 3178 672 3249 panis
689 3180 767 3234 vivus
778 3181 828 3251 qui
854 3181 1000 3237 descendit
1013 3182 1048 3237 de
1103 3181 1259 3236 secundum
1275 3179 1396 3234 interius
1415 3180 1549 3233 latentem
1569 3179 1705 3233 virtutem
1733 3178 1874 3248 accipere,
1900 3176 1949 3232 sed

202 3267 283 3332 coelo,
317 3267 380 3321 vitae
409 3271 524 3322 aeternae
552 3266 739 3323 substantiam
770 3269 984 3338 subministrat;
1021 3275 1050 3326 et
1102 3269 1284 3342 totumquod
1299 3273 1419 3338 apparet
1438 3267 1589 3322 visibiliter
1611 3267 1764 3335 aestimare,
1790 3266 1953 3322 secundom

203 3355 369 3426 quicunque
398 3356 475 3409 btrnc
500 3355 714 3409 manducaverit
747 3371 804 3409 non
847 3358 988 3413 morietur
1018 3359 1048 3413 in
1103 3357 1170 3429 quid
1197 3357 1241 3410 his
1268 3356 1304 3409 sit
1334 3355 1521 3408 commutatio
1551 3354 1661 3409 tecta.⁰
1695 3357 1765 3410 Nam
1790 3356 1953 3411 secundum

203 3448 357 3509 aetcruum;
373 3446 424 3496 *et
441 3457 544 3512 corpus
559 3442 663 3497 Christi
677 3447 728 3498 est.
750 3464 764 3492 »
1102 3450 1299 3499 creaturarum
1315 3441 1513 3509 substantiam,
1530 3441 1607 3512 quod
1627 3441 1744 3497 luerunt
1767 3448 1833 3498 ante
1848 3458 1952 3498 conse·

239 3649 250 3674 ·
266 3640 301 3694 Et
316 3651 412 3706 corpas
425 3637 528 3693 Christi
541 3637 590 3691 est.
608 3638 639 3691 Et
650 3638 698 3706 qui
713 3642 753 3692 est
772 3653 869 3707 corpis
891 3639 1004 3702 Christi,
1020 3637 1049 3693 id
1104 3650 1169 3691 neni
1181 3635 1212 3688 in
1226 3634 1345 3688 alteram
1370 3631 1526 3700 incurrere,
1542 3648 1574 3687 ao
1600 3632 1708 3704 species
1736 3634 1820 3705 penis
1846 3632 1950 3691 etvini

206 3714 248 3763 εει
262 3710 327 3777 quio
341 3712 380 3762 est
393 3722 490 3776 corpus
502 3708 620 3775 Christi,
635 3723 669 3761 ex
692 3714 789 3762 sanctu
813 3709 973 3764 Ambrosio.
1002 3709 1048 3764 ui-
1104 3711 1131 3761 et
1150 3706 1244 3776 ipsum
1260 3720 1363 3774 corpus
1380 3704 1482 3759 Christi
1495 3720 1552 3759 non
1566 3705 1670 3759 habere
1692 3706 1762 3759 duas
1787 3706 1950 3761 existentias

207 3795 294 3833 rersae
309 3779 399 3848 partis
425 3777 568 3847 interpres
587 3794 662 3832 anno
690 3781 757 3834 1672
790 3780 858 3834 huic
881 3781 1006 3834 versioni
1022 3785 1050 3835 et
1104 3777 1245 3836 diversas:
1277 3776 1461 3847 incogitabile
1485 3780 1527 3829 est
1564 3775 1593 3829 in
1623 3792 1656 3830 ea
1685 3774 1773 3830 fnisse
1806 3777 1947 3832 sententia

207 3848 390 3920 explicationi
404 3865 464 3902 non
479 3848 587 3915 abnuit,
603 3865 666 3903 narn
677 3855 716 3903 est
730 3866 827 3919 corpus
854 3852 916 3904 Jesu
937 3853 1048 3907 Christi.
1104 3864 1206 3918 corpus
1234 3847 1342 3901 scilicet
1368 3851 1396 3900 et
1422 3846 1610 3900 substantiam
1640 3846 1721 3916 panis
1743 3862 1862 3902 manere
1886 3850 1945 3918 post

242 3921 361 3976 brienne
379 3919 611 3988 majuscstnooos
630 3935 672 3974 res
688 3920 755 3974 darc
776 3936 857 3988 quam
880 3927 985 3975 mutare
999 3938 1049 3976 nu·
1104 3918 1347 3973 consecrationem
1364 3933 1397 3970 eo
1411 3916 1497 3971 modo
1518 3933 1575 3986 quo
1589 3922 1671 3971 erant
1684 3923 1760 3972 ante.
1775 3918 1860 3973 Aliud
1881 3931 1944 3988 ergo

207 3998 294 4047 turus.
309 3991 410 4044 Eccum
426 3989 543 4043 effatum
558 3989 645 4043 sancti
662 3991 815 4055 Ambrosii,
835 4008 893 4062 quo
918 4007 1050 4061 expresse
1105 4005 1138 4044 ex
1170 4005 1236 4043 voce
1267 3988 1427 4043 substantie
1451 3987 1623 4041 intellexisse
1652 4004 1766 4042 necesse
1796 3994 1841 4043 est
1862 4001 1940 4061 quam

208 4068 237 4116 et
250 4060 393 4130 conceptis
408 4058 502 4112 verbis
515 4059 618 4112 format
637 4061 827 4115 mutationem
839 4067 1005 4116 naturarum
1020 4062 1049 4117 in
1105 4060 1182 4140 quod
1206 4059 1292 4130 vulgo
1310 4059 1340 4112 in
1364 4059 1460 4112 schola
1485 4058 1642 4114 aristotelis
1657 4058 1940 4130 philosophicagiutel·

208 4129 398 4185 Eucharistia.
431 4129 694 4198 verumenimvero,
736 4146 795 4185 non
833 4137 953 4203 possunt
989 4149 1050 4187 csse
1104 4130 1213 4201 lrgitur.
1229 4130 1342 4185 Scilicet
1353 4133 1417 4200 post
1439 4130 1682 4183 consecrationem
1696 4137 1840 4199 panemet
1853 4141 1937 4184 rmum

208 4199 348 4279 ejusmodi
365 4198 478 4269 generis
492 4204 603 4280 naturae
627 4200 681 4254 nisi
705 4201 788 4272 panis
803 4207 832 4256 et
859 4203 917 4257 viui
961 4205 1050 4259 uaein
1105 4218 1166 4256 esse
1182 4216 1226 4254 res
1239 4216 1306 4326 iiuae
1322 4216 1373 4271 per
1388 4216 1416 4254 se
1428 4200 1615 4254 subsisterent
1640 4201 1719 4254 nulla
1746 4201 1945 4255 admissam·-

208 4270 312 4324 Chrrstr
326 4284 440 4323 carnem
456 4274 484 4324 et
498 4285 668 4340 sangumem
683 4272 903 4340 transferuntur,
927 4220 1050 4345 iieoque
1104 4272 1221 4326 tatione.
1262 4288 1293 4324 ac
1309 4270 1411 4341 agendi
1425 4271 1535 4324 ratione
1558 4271 1669 4324 decrevi
1690 4270 1870 4326 substantiam
1889 4283 1935 4325 non

209 4340 239 4393 in
251 4339 380 4392 versione
395 4339 500 4394 Gallica
514 4340 645 4395 additum
660 4346 710 4408 est,
724 4343 755 4397 id
775 4351 814 4398 est
833 4349 991 4399 substantiae
1005 4361 1048 4400 re·
1063 4327 1085 4382 ὓ
1105 4359 1158 4414 per
1172 4341 1360 4396 substantiam
1374 4357 1405 4395 ex
1429 4340 1524 4408 licere,
1539 4342 1587 4395 sed
1602 4341 1646 4394 his
1666 4342 1759 4395 verbis
1781 4348 1813 4397 ut
1838 4357 1880 4397 res
1890 4352 1935 4411 pra

208 4425 279 4489 rum,
292 4424 362 4480 quas
376 4409 538 4479 significare
552 4411 642 4466 voluit
657 4415 946 4468 sanctostlmbrosios
960 4416 1052 4484 capite
1105 4416 1243 4482 ratmunt,
1265 4428 1330 4483 qum
1345 4358 1510 4467 nibifaliud
1534 4411 1690 4482 indigitant
1715 4429 1763 4465 seu
1787 4412 1934 4483 significant

209 4480 304 4535 utrbri
320 4483 354 4535 De
369 4482 404 4535 iis
428 4483 477 4551 qui
499 4485 636 4549 mysteriis
652 4484 815 4539 initiantur:
841 4487 933 4540 Nonne
952 4487 1052 4541 calebit
1106 4499 1249 4555 expresse,
1266 4482 1321 4538 nisi
1336 4483 1488 4553 qualitates
1503 4482 1631 4536 sensibus
1646 4483 1794 4544 obnoxias.
1818 4500 1866 4538 seu
1880 4480 1932 4538 snb·

210 4552 315 4608 Christi
328 4565 423 4618 sermo,
436 4556 467 4606 ut
489 4556 590 4622 species
617 4558 702 4608 mutet
721 4556 1053 4626 elementorumtlouam-
1103 4556 1191 4626 jectas
1215 4560 1300 4609 antea
1316 4553 1399 4624 panis
1422 4560 1450 4607 et
1470 4553 1529 4607 vini
1549 4553 1663 4608 easdem
1683 4559 1746 4633 post
1763 4553 1933 4609 consecratio

209 4622 308 4676 obrem
341 4621 484 4686 Rabanus,
515 4623 745 4706 archiepiscopus
771 4627 966 4697 bloguntinus,
1001 4628 1053 4681 lta·
1105 4642 1172 4680 nem
1199 4640 1356 4680 remanere.
1383 4623 1600 4678 Calvinistarom
1625 4623 1750 4678 ministri
1776 4622 1932 4696 praestantis

209 4694 466 4762 tramnooequalis,
492 4693 643 4749 hisverbis
671 4695 743 4751 nihil
773 4697 935 4768 significare
958 4699 1054 4768 potuit
1106 4697 1171 4750 simi
1194 4696 1322 4750 latentur
1348 4694 1481 4759 libenter,
1509 4695 1605 4748 Patres
1633 4694 1768 4765 antiquos
1799 4711 1864 4750 usos
1885 4704 1932 4748 esst

186 4763 501 4834 'preterseuteutiam
520 4781 584 4890 ques
604 4767 740 4836 exprimit
760 4769 897 4837 castigate
926 4774 955 4822 et
978 4772 1053 4823 terse
1105 4765 1370 4822 verbosubstantiae
1394 4765 1427 4819 ad
1450 4763 1651 4844 significandas
1677 4781 1773 4820 rerum
1796 4765 1932 4838 qualitates

208 4835 361 4889 reolitotcm
376 4839 401 4889 ct
413 4839 522 4889 transsu
541 4839 750 4902 stantiotioncm,
764 4854 828 4908 quae
843 4839 994 4894 incurrunt
1019 4839 1053 4893 li·
1107 4853 1157 4892 seu
1170 4836 1245 4908 qood
1262 4836 1348 4890 alicui
1362 4836 1405 4890 rei
1414 4850 1537 4889 maxime
1549 4836 1701 4906 proprium
1712 4842 1765 4905 est,
1781 4837 1931 4907 neutiquam

209 4905 323 4972 brovu,
353 4905 446 4975 capite
477 4908 517 4971 tu,
548 4907 583 4961 de
613 4908 699 4960 sacris
726 4908 878 4963 Ordinibus
907 4926 994 4980 quem
1014 4909 1053 4964 in·
1106 4923 1173 4961 varo
1199 4906 1388 4961 sirbstantiam
1417 4906 1564 4978 propriam
1593 4923 1688 4960 veram
1722 4910 1751 4961 ει
1777 4909 1931 4961 naturalem

1106 4979 1169 5033 llaec
1183 4977 1342 5048 intelligere
1352 4976 1433 5031 facile
1448 4984 1490 5030 est
1504 4993 1539 5031 ar
1553 4977 1738 5046 responsione
1761 4978 1797 5032 sd
1810 4978 1932 5048 lOlllciun

208 5049 252 5100 nis
266 5049 295 5100 in
308 5062 413 5100 cumen
425 5050 514 5116 potuit
528 5051 655 5116 conanti,
670 5050 713 5103 oet
725 5051 819 5104 uinum
834 5052 863 5102 iu
882 5054 1051 5118 sanquinem,
1105 5048 1276 5102 sacramenti
1292 5048 1398 5113 altaris,
1417 5047 1531 5101 Parisiis
1545 5049 1621 5119 typis
1634 5050 1749 5118 vulgata
1773 5065 1850 5104 antro
1870 5045 1932 5109 tuti.

208 5119 264 5172 nisi
278 5119 337 5186 ipse
352 5118 479 5173 Sutuctor
494 5118 662 5186 dicarcheae
674 5134 772 5189 ponem
788 5125 814 5174 et
833 5121 926 5175 uinum
952 5124 1053 5175 necuit
1105 5135 1171 5188 pag.
1184 5119 1237 5172 264
1259 5122 1288 5172 et
1306 5118 1375 5184 432;
1399 5119 1479 5188 cuivis
1504 5121 1737 5173 concinnatorem
1760 5118 1848 5174 luisse
1867 5114 1934 5175 intel

208 5193 233 5242 et
246 5189 336 5242 omitia
358 5203 391 5242 car
406 5190 493 5243 nihilo
506 5189 592 5255 tecit?
610 5189 733 5245 Facilius
747 5193 787 5244 est
811 5190 920 5259 aliquid
940 5207 974 5246 ea
997 5192 1052 5246 otio
1105 5189 1224 5259 ligimus
1239 5205 1271 5243 er
1296 5189 1483 5258 Ephcmcride
1506 5189 1657 5244 doctorum
1683 5189 1713 5244 in
1736 5190 1863 5257 batavia,
1879 5191 1935 5246 ilat·

208 5259 309 5325 saaerc,
324 5274 407 5327 quarn
420 5274 454 5313 eu
468 5259 557 5313 nihilo
570 5273 669 5314 oreore.
1105 5260 1214 5315 thaeum
1224 5267 1437 5329 tarroquanum
1452 5259 1663 5328 Quavillanum,
1675 5260 1839 5316 ministrum
1850 5269 1936 5334 super·

245 5335 256 5361 ⁰
282 5330 352 5383 Nom
381 5329 526 5385 secundum
557 5334 744 5385 creaturarum
772 5332 965 5398 substantium,
993 5337 1047 5386 etc.
1105 5330 1394 5386 stionisCalvinianae
1422 5330 1453 5385 in
1481 5346 1550 5402 agro
1575 5331 1811 5400 Rotbomagensi.
1841 5332 1940 5388 never·

210 5394 281 5451 Cum
296 5400 433 5454 anteriori
448 5414 569 5454 numero
594 5405 693 5454 auctor
708 5401 865 5456 instituerit
885 5402 1052 5458 auctoritate
1105 5402 1228 5472 legimus
1242 5417 1304 5471 cap.
1321 5401 1356 5454 tu
1372 5400 1437 5456 libri
1454 5417 1484 5456 ur
1499 5403 1534 5456 de
1550 5402 1612 5456 Vita
1629 5401 1818 5467 Constantini,
1834 5406 1942 5458 ructon

209 5468 299 5522 sancti
312 5469 455 5524 Ambrosii
469 5469 532 5524 lleri
546 5469 576 5524 iu
591 5470 767 5526 Eucharistia
791 5478 957 5528 naturarum
974 5488 1052 5527 corn·
1106 5472 1226 5527 Eusebio
1242 5472 1407 5526 Cesariensi
1422 5471 1566 5542 episcopo,
1580 5472 1706 5527 animam
1719 5477 1825 5528 sanctas
1833 5475 1945 5530 flotano

210 5539 409 5605 mutationem,
426 5556 485 5595 non
504 5546 546 5595 est
560 5541 695 5596 credibile
714 5543 891 5598 contrarium
920 5544 950 5598 in
966 5544 1053 5598 hocce
1105 5548 1326 5597 transmutatam
1342 5542 1438 5608 foisse,
1460 5550 1610 5613 postquam
1625 5542 1740 5609 devixit,
1763 5543 1792 5598 in
1815 5546 1954 5599 substau‘

207 5624 330 5665 numero
345 5611 379 5665 il
397 5610 520 5666 votuisse
536 5611 640 5667 dicere.
659 5613 692 5667 lit
705 5629 770 5668 cum
784 5613 912 5669 numeris
925 5614 1052 5668 anterio·
1104 5614 1172 5669 tiam
1196 5614 1353 5685 angelicam
1370 5629 1376 5667 :
1393 5613 1613 5684 Ἀνεστοιχιιοῡτο
1627 5621 1688 5684 pour
1703 5613 1768 5687 αὐτῇ
1794 5613 1885 5689 ψυχῇ,
1907 5598 1961 5669 ixl

207 5681 287 5736 ribus
301 5680 431 5738 docuerit
444 5681 474 5735 iu
493 5682 668 5739 Eucharistiae
682 5684 722 5740 rei
747 5684 834 5739 unius
853 5686 1051 5740 commutatio·
1105 5685 1148 5737 τὸν
1172 5686 1312 5759 ἄφθαρτον,
1336 5685 1380 5735 και
1400 5681 1538 5755 hwilinan
1559 5683 1659 5737 oderas.
1684 5689 1790 5740 Anima
1812 5688 1901 5754 initur
1919 5698 1945 5734 r*
