3930 6098
104 242 159 296 739
727 238 837 294 AENEAE
858 237 1070 294 eistetensis
1090 237 1247 293 episcopi
1352 256 1355 260 ·
1803 240 1851 293 tto

83 390 84 394 ’
105 392 212 433 sursum
226 378 304 432 Patri
315 374 448 439 consedes,
467 378 493 429 et
514 373 559 428 bic
579 373 655 427 nobis
675 374 853 428 invisibiliter
876 389 944 428 coes.
966 373 1061 428 hdiei
1077 389 1108 427 ac
1127 372 1211 428 sexta
1230 374 1310 428 terias
1333 390 1385 445 per
1406 374 1533 444 singulas
1552 373 1750 428 hebdomadas
1776 388 1852 444 repa-

106 469 224 534 Dtpnnre
243 466 347 533 potenti
367 478 450 516 monn
474 465 522 516 tun
537 461 644 516 troilus
667 461 753 525 nobis,
777 467 803 515 et
823 477 873 531 per
901 476 949 515 nos
1003 462 1092 516 raude
1113 461 1209 533 imago
1225 467 1277 525 est,
1295 462 1445 517 ‘dementis
1466 466 1508 516 est
1526 461 1609 516 bidui
1629 476 1717 532 agere
1735 476 1850 515 cousus·

105 557 178 609 omni
189 554 288 622 populo
307 556 403 606 sancto
419 552 530 605 sanctis.
549 551 673 620 Populus
686 550 855 619 respoudit:
876 551 949 605 Unus
1002 551 1132 605 tudinem
1154 551 1276 606 Sabbata
1300 551 1503 621 praetermisso,
1528 566 1592 604 cum
1625 567 1684 605 uon
1710 549 1850 620 disparem

105 645 223 708 sanctus,
254 653 323 691 tonus
360 639 485 691 Dominus
520 639 598 692 iesus
617 637 741 692 Christus
769 653 829 690 cum
857 641 950 691 sancto
1003 638 1107 693 habeat
1127 655 1256 705 caiisam;
1281 655 1298 692 a
1320 646 1396 694 sexte
1416 639 1547 694 videlicet
1567 638 1649 706 teria,
1671 638 1703 692 in
1723 653 1782 708 qua
1802 638 1850 692 Do·

105 729 211 796 Spiritu
226 729 256 780 in
275 727 364 794 plotio
378 728 423 779 Dei
442 726 549 779 Petris.
575 728 673 779 Amen.
697 726 730 778 Et
749 724 877 779 dividens
899 740 949 796 pa·
1004 727 1099 780 minus
1111 743 1210 797 passus
1224 732 1274 792 est,
1293 727 1406 799 quando
1423 733 1451 782 et
1465 727 1499 781 ad
1514 727 1619 781 interos
1633 726 1699 788 init,
1721 731 1755 780 ut
1772 725 1850 780 tertia

107 831 171 870 nem
185 816 215 870 in
234 820 292 870 tres
307 821 410 886 partes,
437 831 493 869 uua
515 814 632 884 quidem
644 813 868 868 communicavit
885 830 948 867 cini
1003 816 1048 869 die
1070 831 1225 886 resurgens
1249 815 1380 870 redderet
1400 815 1527 869 laetitiam
1544 821 1608 885 post
1625 813 1784 868 biduanam
1804 813 1848 868 tri-

20 978 22 982 ·
105 902 206 956 timore
221 903 327 968 mutto,
350 902 469 955 alteram
486 906 582 957 antem
606 899 759 954 reservavit
780 899 950 969 consepeliri
1003 903 1109 957 stitiam
1123 903 1342 972 procedentem.
1367 904 1429 958 Non
1449 919 1517 973 ergo
1538 918 1590 956 uos
1613 917 1757 972 negamus
1777 906 1848 955 serta

104 988 174 1055 sthi,
207 991 321 1044 tertiam
343 1005 408 1044 vero
431 989 582 1059 imponens
605 988 744 1043 columbe
769 1003 873 1055 aureae,
905 1003 951 1056 pe
1003 991 1075 1046 feria
1087 992 1286 1062 ieiunandum,
1304 991 1353 1046 sed
1369 991 1489 1046 dicimus
1504 996 1532 1046 et
1546 990 1664 1045 sabbato
1685 990 1741 1044 hoc
1765 1006 1847 1060 agen-

105 1078 205 1148 pendit
217 1095 303 1150 super
317 1079 415 1132 altare.
435 1100 445 1124 ι
546 1142 550 1150 ¹
1004 1080 1084 1147 dorm,
1100 1081 1168 1150 qnia
1183 1080 1268 1135 ambo
1282 1080 1343 1136 dies
1357 1080 1502 1134 iristitiam
1521 1079 1670 1149 apostolis,
1686 1080 1730 1132 ret
1748 1079 1793 1133 bis
1805 1079 1848 1149 qui

424 1183 487 1238 (ζιιι,
506 1181 629 1237 Cvalt,
1004 1167 1148 1224 Christum
1162 1168 1251 1222 secuti
1266 1173 1344 1233 suut,
1360 1167 1544 1222 induxerunt.
1558 1167 1612 1231 Qui
1634 1167 1682 1221 die
1704 1165 1847 1221 Dominioo

141 1275 174 1328 Et
196 1278 260 1343 post
286 1287 376 1342 panca
403 1271 443 1324 ita
469 1270 625 1324 scribitur:
651 1289 664 1317 n
685 1269 789 1323 sancta
808 1268 951 1322 exaltante
1005 1257 1130 1322 hilarati,
1145 1273 1203 1311 nan
1219 1257 1313 1310 solum
1329 1257 1424 1327 ipsum
1440 1256 1655 1310 festivissimum
1675 1270 1739 1309 esse
1758 1256 1846 1308 solue·

105 1367 202 1417 seucto
232 1361 344 1425 Basilio,
366 1360 480 1429 signnm
508 1374 563 1411 uon
587 1357 642 1412 tuit
665 1357 771 1412 iactum
795 1356 869 1410 sicut
891 1359 953 1410 erat
1006 1350 1082 1407 111111,
1094 1360 1193 1400 verum
1215 1344 1300 1399 eiiam
1317 1361 1368 1414 per
1387 1360 1490 1399 omues
1512 1343 1709 1399 hebdomadas
1723 1342 1846 1413 frequen·

106 1451 232 1512 solitum,
256 1447 362 1502 moseri
388 1446 520 1501 videlicet
540 1446 713 1509 columbam,
739 1461 803 1515 quae
822 1460 888 1498 cum
907 1461 951 1497 su·
1005 1433 1123 1487 tandum
1140 1448 1201 1487 esse
1217 1433 1370 1487 duxerunt.
1388 1454 1401 1479 r

105 1543 251 1593 cremento
275 1536 421 1590 Dominico
439 1535 582 1604 pendebat
604 1550 690 1604 snper
713 1534 812 1600 altare,
840 1548 953 1603 semper
1335 1520 1522 1575 cinctum.

105 1627 141 1681 ad
157 1625 356 1680 exaltationem
381 1622 471 1676 sancti
493 1621 621 1675 sacrificii
646 1622 754 1675 mareri
778 1626 822 1675 ter
846 1621 950 1674 solens.
1043 1609 1082 1663 ὓθ
1096 1608 1149 1662 hac
1166 1624 1198 1662 re
1212 1608 1366 1662 sciscitanti
1392 1609 1498 1663 Luciuo
1523 1607 1715 1678 Hieronymus
1737 1622 1843 1676 respou-

66 1764 72 1769 .
108 1716 138 1770 et
153 1714 296 1784 cogitante
311 1728 345 1765 eo
369 1710 440 1781 quid
452 1711 505 1763 hoc
520 1713 603 1777 esset,
620 1709 690 1762 vidit
706 1725 796 1762 nuum
812 1709 951 1762 ventilan·
971 1673 992 1727 B
1007 1697 1087 1762 *is-¹¹1⁵,
1105 1696 1179 1749 inies
1194 1701 1295 1750 caeieia
1311 1696 1447 1766 rescripta
1464 1696 1604 1766 epistolia,
1623 1695 1665 1749 sie
1680 1695 1750 1750 dicit
1764 1694 1842 1764 (epist.

105 1803 178 1857 tium
202 1801 352 1855 diaconem
374 1799 543 1852 innuentem
569 1797 683 1851 mulieri
708 1796 952 1851 inclinataedeor·
1006 1786 1071 1854 28):
1100 1786 1167 1838 ¹⁰0
1193 1784 1316 1839 5111111110
1353 1784 1429 1854 (1¹¹0d
1459 1783 1564 1855 1111111111
1598 1789 1696 1837 11111111]
1718 1783 1841 1854 1811111111·

107 1906 170 1946 sum
183 1907 190 1956 ;
205 1894 233 1943 et
247 1895 437 1958 transponens
453 1903 519 1940 enim
544 1884 781 1951 dentientium
806 1885 952 1939 ecetesiam
1006 1873 1075 1927 utin
1099 1873 1145 1937 sit,
1178 1887 1206 1926 et
1220 1873 1254 1927 de
1268 1872 1439 1927 eucharistia
1461 1889 1498 1926 nn
1521 1871 1688 1943 accipienda
1709 1871 1841 1942 gqnonan,

102 1979 189 2050 jussit
204 1976 338 2031 custodiri
353 1993 359 2042 ;
388 1980 416 2029 et
437 1975 477 2028 ita
490 1973 590 2028 videns
604 1974 694 2028 sancti
708 1973 831 2044 Spiritus
846 1973 949 2026 adven·
1007 1961 1082 2032 quod
1098 1963 1225 2015 Romana
1241 1961 1362 2015 Ecclesia
1377 1965 1405 2014 et
1421 1960 1563 2030 hispanim
1584 1961 1736 2014 observare
1753 1959 1840 2029 prohi-

105 2070 177 2132 ium,
203 2065 333 2118 hortatus
356 2069 399 2116 est
421 2078 536 2115 omnem
560 2062 699 2131 populum
720 2066 828 2132 septem
854 2060 953 2114 (liebus
1007 2048 1121 2114 buntur,
1139 2047 1251 2118 scripsit
1269 2048 1387 2117 quidem
1406 2051 1434 2100 et
1449 2047 1617 2118 Hippolytus
1639 2048 1682 2099 vir
1701 2044 1838 2100 disertissi-

108 2152 215 2208 jbidem
231 2152 260 2206 ιιι
275 2152 404 2206 oratione
418 2166 543 2204 manere,
562 2170 574 2197 n
1009 2153 1081 2202 mus,
1098 2141 1126 2189 et
1140 2134 1260 2206 carptim
1277 2137 1379 2190 diversi
1399 2140 1529 2189 auctores
1545 2135 1575 2188 in
1591 2135 1677 2188 variis
1691 2135 1838 2188 auctoribus

425 2253 640 2310 tramittit.
1008 2224 1136 2289 edidere;
1166 2224 1214 2278 sed
1238 2240 1291 2294 ego
1319 2223 1443 2278 breviter
1469 2229 1496 2278 te
1520 2222 1736 2278 admouendum
1758 2226 1834 2293 puto:

1009 2312 1176 2366 traditiones
1191 2311 1411 2382 ecclesiasticas,
1439 2311 1597 2382 prasertim
1618 2326 1684 2381 quse
1709 2309 1775 2364 fidei
1795 2324 1835 2362 nou

1009 2401 1144 2468 alliciant,
1172 2400 1211 2454 ita
1234 2400 1434 2463 observandas,
1463 2404 1494 2453 ut
1519 2416 1535 2453 a
1561 2400 1721 2469 majoribus
1744 2398 1834 2452 tradite

1009 2492 1086 2555 sunt,
1102 2504 1153 2542 nec
1167 2488 1288 2542 aliarum
1303 2487 1552 2552 consuetudinem,
1568 2487 1692 2542 aliarum
1712 2484 1834 2540 contrario

946 2645 953 2660 .
1010 2593 1089 2631 nrore
1102 2576 1247 2632 snbvertit.
1260 2579 1353 2648 Atque
1369 2577 1476 2630 utinam
1491 2576 1711 2644 omnitempore
1724 2575 1833 2644 jejunare

111 2646 910 2666 ”””””””””
1009 2681 1168 2736 possemus.
1186 2665 1267 2729 Quod
1279 2665 1309 2718 iu
1325 2665 1442 2719 Actibus
1457 2664 1650 2735 apostolorum
1667 2663 1765 2718 diebus
1778 2663 1833 2716 Peu-

221 2814 225 2823 .
300 2813 304 2822 .
416 2724 500 2822 ,Cffp'
516 2721 627 2777 (21,le
889 2811 893 2820 ,
1009 2755 1232 2820 tescote,et'die
1253 2753 1401 2808 Dominico
1422 2753 1584 2823 apostolum
1606 2752 1725 2805 Panium
1745 2756 1833 2803 etcum

144 2817 182 2868 Dc
199 2815 242 2867 his
257 2830 306 2884 qni
323 2812 512 2866 ecelesiastica
528 2825 639 2880 JeJnma
663 2810 771 2880 absque
786 2815 955 2864 necessitate
1010 2860 1044 2897 eo
1059 2842 1206 2897 credentes
1221 2842 1319 2896 fecisse
1342 2841 1482 2912 legimus:
1504 2856 1556 2895 nec
1578 2847 1675 2894 tamen
1694 2838 1832 2893 manich&

108 2902 277 2970 dissolvunt,
300 2901 329 2954 iu
354 2898 646 2969 concilioGeugrensi
667 2899 708 2952 ita
726 2899 955 2969 scriptumest...
977 2933 1153 3017 Chaereseos
1178 2929 1329 2984 accusandi
1350 2934 1426 2994 sunt,
1452 2946 1516 2983 cum
1539 2929 1662 2983 carnalis
1686 2928 1831 2996 cibuspw

112 3026 955 3058 ··················
1011 3019 1079 3073 terri
1103 3035 1162 3073 non
1189 3018 1320 3072 debuerit
1343 3016 1474 3087 spiritali.
1505 3017 1711 3072 Eucharistiam
1740 3024 1831 3085 quoqut

446 3104 509 3158 Gar.
523 3102 617 3157 ctat.
1011 3108 1118 3178 absque
1133 3105 1371 3161 condemnatione
1385 3105 1487 3171 nostri,
1506 3109 1534 3158 et
1549 3110 1695 3175 pungente
1710 3102 1830 3157 conscien-

142 2348 185 2401 Ad
198 2345 444 2416 augmentandum
459 2352 472 2377 ⁸
486 2344 574 2398 totius
589 2342 734 2413 pudicitiae
750 2343 872 2397 nitorem
887 2343 951 2397 bee-

107 2441 154 2490 tns
167 2436 292 2489 loannes
315 2432 489 2504 evangelista
504 2431 543 2485 ite
558 2431 754 2485 concludendo
777 2430 953 2501 exsequitur,

108 2523 203 2578 dicens
217 2540 223 2576 :
269 2559 893 2578 ..............
947 2560 953 2571 .

145 3197 184 3248 De
205 3194 259 3248 hoc
288 3193 363 3259 quod
389 3190 508 3245 Ecclesia
534 3190 661 3244 Romane
689 3190 911 3260 reprehenditur
939 3208 956 3244 a
1010 3194 1059 3261 tia,
1085 3209 1199 3263 semper
1222 3193 1361 3263 accipere,
1385 3196 1412 3246 et
1435 3192 1615 3247 Psalmistam
1642 3191 1742 3246 audire
1758 3188 1831 3244 dicen·

109 3282 211 3336 Graessis
232 3295 320 3350 quare
341 3278 484 3349 1111111111ῐῦ
509 3282 575 3346 18111
596 3277 626 3330 111
651 3275 793 3343 5111111111»
819 3277 956 3329 1111101111·
1010 3288 1067 3337 tem
1086 3298 1092 3336 :
1111 3284 1221 3338 Gustote
1240 3286 1265 3334 et
1293 3280 1380 3335 uidete
1405 3284 1533 3350 quonium
1552 3283 1646 3335 sunnis
1669 3284 1710 3334 est
1727 3280 1829 3334 mnne

109 3369 165 3424 tius
188 3383 262 3439 papa
290 3367 343 3421 hoc
365 3364 574 3419 rationabiliter
598 3363 725 3417 defendit
747 3363 777 3416 in
804 3364 955 3416 Decretali-
1009 3373 1093 3440 (psat,
1112 3386 1206 3438 ιιιιιιιι1
1232 3369 1269 3439 9),
1294 3370 1326 3423 Et
1350 3385 1415 3422 num
1436 3385 1470 3423 eo
1495 3384 1620 3423 canere:
1644 3369 1784 3424 Eructavit
1798 3374 1830 3417 cor

109 3462 173 3528 bus,
198 3474 259 3528 cap.
289 3459 316 3526 t,
344 3457 383 3510 sic
408 3456 505 3509 dicens
533 3455 624 3525 (epist.
654 3459 664 3508 1
698 3455 807 3508 Decent.
833 3457 956 3524 episcopo
1009 3474 1097 3513 meunt
1120 3458 1231 3511 uerbum
1255 3456 1352 3511 botrum
1371 3458 1452 3527 (Paul.
1475 3473 1548 3524 xciv,
1571 3459 1611 3526 i.)
1638 3457 1694 3510 Nec
1717 3456 1765 3509 hoc
1784 3451 1828 3506 dico

110 3545 283 3613 Dupubinot:
315 3542 464 3597 «Sabbata
482 3557 549 3594 vero
574 3541 767 3611 jejunandum
796 3556 856 3595 esse
883 3542 957 3596 ratio
1010 3544 1600 3618 quaiestisdiebusjejunandnmputem,
1619 3549 1647 3600 et
1668 3538 1829 3599 contextasin

110 3631 334 3687 evidentissima·
345 3632 533 3684 demonstrat.
559 3630 629 3683 Nam
644 3629 667 3683 si
685 3629 761 3683 diem
777 3627 957 3684 Dominicum
1011 3634 1224 3706 quinquaginta
1237 3632 1338 3688 diebus
1352 3633 1437 3687 feriis
1452 3633 1591 3699 auferam,
1607 3632 1654 3687 sed
1676 3638 1828 3702 unaqueque

110 3719 354 3775 obvenerabilem
377 3717 617 3773 resurrectionem
648 3717 762 3772 Domini
787 3719 956 3772 nostrilesu
1011 3722 1158 3793 provincia
1174 3721 1302 3776 abundet
1319 3721 1348 3776 iu
1370 3737 1453 3775 sensu
1468 3737 1531 3789 suo,
1556 3727 1585 3775 et
1606 3725 1745 3793 praecepta
1759 3715 1828 3785 mojo-

109 3809 215 3867 Christi
243 3825 299 3862 non
326 3808 418 3862 sulum
448 3808 478 3861 in
507 3807 613 3861 Pascha
641 3807 829 3872 celebramus,
858 3823 956 3863 verum
1012 3810 1535 3882 rumlegesapostolicasarbitretnr.
1552 3832 1566 3858 n

110 3898 196 3954 etism
207 3896 398 3968 persingulas
410 3895 530 3950 circulos
540 3895 789 3950 hebdomadarum
799 3895 889 3966 ipsius
899 3894 959 3951 diei
1337 3899 1400 3954 Car.
1416 3897 1533 3953 ctxxtt.

110 3987 267 4058 imaginem
297 3986 524 4055 frequentamus,
556 3999 589 4037 ac
621 3988 701 4038 sexta
734 3983 806 4037 teria
842 3988 959 4053 propter
1048 3986 1266 4053 ltemlsidorus,
1283 3972 1603 4058 Spale'nsisepiscopus,
1624 3986 1756 4057 inprime
1775 3980 1827 4036 libro

110 4077 273 4148 passionem
291 4073 406 4127 Domini
420 4072 596 4142 jejunamus,
611 4071 766 4125 Sabbatum
784 4072 957 4141 praetermit·
1012 4074 1177 4129 Dihciornm
1200 4077 1270 4144 (cop.
1298 4075 1332 4128 hi.
1355 4080 1380 4128 et
1402 4074 1460 4137 131,
1487 4073 1522 4129 de
1546 4075 1723 4130 diversorum
1742 4072 1826 4127 dierum

108 4171 241 4217 terenon
264 4161 411 4226 debemus,
440 4160 490 4230 qui
508 4159 584 4213 iuter
606 4159 751 4213 tristitiam
777 4165 862 4229 alque
885 4160 958 4213 teti·
1011 4179 1044 4216 ae
1072 4170 1237 4233 temporum
1260 4160 1380 4232 jejuniis
1408 4161 1484 4215 inter
1513 4166 1616 4216 caetera
1641 4161 1681 4215 sic
1706 4158 1825 4230 disputat:

110 4252 181 4306 tiam
204 4250 342 4319 temporis
366 4249 442 4302 illins
465 4247 579 4301 videtur
604 4247 739 4301 inclusus.
767 4247 835 4301 Nam
856 4248 955 4319 utique
975 4254 1028 4307 D«
1045 4250 1151 4303 Praeter
1167 4249 1226 4302 haec
1249 4255 1346 4302 antem
1366 4247 1494 4318 legitima
1516 4254 1646 4320 tempora
1665 4248 1824 4319 jejuniorum,

109 4342 222 4394 constat
240 4339 384 4407 apostotos
404 4336 491 4390 biduo
510 4335 563 4389 isto
582 4342 610 4390 et
627 4336 658 4388 iu
676 4351 799 4390 moerore
818 4336 915 4404 fuisse,
932 4342 959 4392 et
1014 4337 1093 4391 omni
1111 4342 1188 4391 sexta
1203 4336 1274 4391 teria
1300 4342 1418 4406 propter
1432 4336 1597 4406 passionem
1621 4336 1731 4391 Domini
1751 4323 1826 4398 aqui·

102 4432 228 4498 -propter
243 4431 350 4480 metum
367 4424 532 4478 ludaeorum
544 4440 573 4476 se
586 4423 751 4478 occuluisse.
762 4424 843 4489 Quod
860 4425 959 4496 utique
1013 4425 1132 4479 busdam
1149 4425 1326 4494 jejunentur.
1348 4424 1403 4478 Sed
1424 4428 1453 4477 et
1467 4423 1577 4477 sabbati
1598 4424 1658 4477 dies
1681 4441 1697 4476 a
1715 4419 1825 4494 plerisque

111 4531 171 4570 uon
185 4515 305 4571 dubium
319 4520 361 4568 est
375 4512 405 4567 in
427 4517 539 4566 lautum
559 4527 606 4566 eos
626 4510 770 4583 jejunasse
787 4511 874 4566 biduo
896 4527 960 4565 me·
1013 4519 1131 4585 propter
1147 4513 1224 4583 qnod
1238 4512 1269 4565 in
1284 4528 1317 4565 eo
1333 4512 1462 4567 Christus
1473 4512 1565 4581 jacuit
1580 4513 1610 4564 in
1628 4513 1757 4582 sepulcro.
1768 4501 1825 4574 jeju·

111 4611 234 4673 morato,
256 4609 288 4657 ut
310 4601 426 4658 traditio
453 4601 583 4656 Ecclesia
602 4602 707 4657 habeat
730 4601 784 4654 isto
810 4601 896 4655 biduo
915 4617 959 4654 sa·
1014 4603 1062 4656 nio
1078 4607 1258 4655 consecratus
1268 4600 1400 4669 habetur,
1411 4600 1563 4654 scilicetne
1573 4600 1681 4654 Judaeis
1691 4584 1825 4654 extollendi>

110 4698 257 4748 crementa
275 4692 391 4763 penitus
412 4707 470 4745 non
491 4690 639 4745 celebrari.
663 4690 732 4754 Duae
749 4690 842 4744 iorma
861 4689 960 4760 utique
1014 4695 1175 4763 praestetur,
1198 4688 1274 4759 quud
1298 4687 1426 4743 Christus
1454 4687 1563 4742 studuit
1582 4687 1739 4749 moriendo,
1753 4703 1764 4729 r
1785 4678 1824 4728 111·

112 4782 314 4853 persingulas
339 4780 464 4835 tenenda
491 4783 533 4832 est
556 4778 759 4844 hebdomadas,
788 4783 905 4849 propter
931 4777 957 4831 id
1014 4779 1149 4848 usquead
1168 4781 1332 4847 finemcap.
1348 4779 1393 4833 ta.

113 4870 190 4942 qnod
207 4867 441 4926 commemoratio
458 4867 515 4922 diei
540 4867 616 4920 illius
631 4881 744 4936 semper
760 4871 801 4919 est
815 4866 960 4920 celebrari·
1333 4865 1395 4920 Car.
1410 4864 1546 4920 ctxxttt.

112 4959 159 5014 da.
176 4959 256 5024 Quod
279 4958 302 5012 si
322 4961 424 5028 putant
442 4958 530 5009 semet
556 4960 641 5026 atque
661 4971 718 5009 uno
741 4953 865 5009 Sabbato
887 4954 962 5025 jeju·
1051 4957 1083 5009 lu
1097 4954 1218 5009 concilio
1244 4952 1418 5020 Laodicensi,
1439 4969 1500 5023 cap.
1526 4957 1537 5006 1
1562 4952 1633 5022 (cop.
1655 4954 1698 5018 50,
1720 4964 1748 5003 ca
1766 4942 1826 4997 tntu·

113 5049 253 5111 uuudum,
269 5061 338 5116 ergo
354 5051 382 5099 et
400 5043 589 5104 Dominicum,
606 5048 634 5097 et
649 5049 727 5097 senta
739 5042 811 5098 teria
827 5044 915 5096 semel
930 5042 960 5096 iu
1014 5046 1082 5113 pret.
1100 5045 1224 5111 Dionysii
1252 5044 1365 5111 Enipei)
1382 5057 1388 5095 :
1404 5043 1464 5098 Non
1488 5040 1582 5094 debere
1599 5041 1734 5110 jejunium
1746 5027 1827 5089 tottii*

115 5137 220 5190 Pascha
234 5136 289 5189 erit
304 5135 404 5205 utique
420 5132 632 5187 celebrandum.
654 5131 683 5185 Si
703 5137 800 5186 autem
820 5130 962 5186 Dominici
1016 5133 1112 5200 quinto
1135 5133 1207 5198 serio
1226 5130 1516 5198 majorisseptimnnse.
1530 5149 1544 5177 «
1560 5127 1641 5191 Quod
1656 5144 1713 5182 nou
1732 5110 1829 5194 oportut

151 5341 163 5364 ⁸
179 5332 224 5385 Ad
238 5311 477 5399 oupmentondirm.
500 5328 548 5382 Hic
568 5332 610 5382 est
631 5328 729 5381 titulus
749 5343 811 5397 cap.
835 5331 893 5394 168,
912 5327 963 5400 qui
1016 5327 1092 5381 hand
1108 5327 1175 5380 salis
1191 5327 1259 5382 scio.
1281 5327 1323 5382 Ex
1339 5326 1441 5381 eodem
1464 5327 1527 5380 loco
1550 5326 1727 5380 restituimus
1744 5320 1832 5378 titulun

117 5401 242 5455 ineditis
264 5402 490 5465 desiderabatur,
514 5416 545 5453 nc
563 5398 711 5453 restitutus
725 5405 768 5452 est
786 5415 821 5453 ex
842 5399 962 5455 elencho
1017 5414 1079 5467 cap.
1095 5400 1152 5451 th.

117 5470 251 5540 capitum.
283 5472 374 5536 Quem
399 5471 515 5525 loannis
544 5470 637 5525 locum
665 5469 825 5524 laudaverit
848 5469 960 5524 AEnens.
