3930 6098
120 282 187 336 1023
666 278 694 332 S.
715 276 850 334 nstituit
870 275 1109 334 tununnensis
1130 276 1289 333 EPISGOPI
1803 278 1866 330 tots

119 410 161 466 uti
175 410 303 477 arbitrio,
319 409 371 464 sed
387 411 499 463 tantum
527 407 563 461 ad
585 406 660 461 male
684 407 846 478 agendum:
865 428 876 455 ι
894 411 961 462 tan·
979 406 1202 462 Aresuscitetnr
1230 411 1258 460 et
1285 405 1454 472 viviticetor,
1484 406 1532 478 qui
1561 407 1653 462 dicit:
1683 430 1695 456 ι
1727 407 1865 471 Quoniam

117 515 205 572 quem
228 499 258 553 in
275 496 357 552 uobis
382 512 441 550 non
459 495 497 550 ιιι
516 494 641 550 liberum
665 495 828 562 arbitrium,
854 495 911 550 uisi
926 496 963 551 ad
1016 494 1063 549 hic
1079 495 1166 550 Filius
1180 510 1262 549 meus
1275 494 1370 549 luerat
1384 499 1413 549 et
1426 493 1538 562 revixit,
1548 494 1678 565 perierat
1693 499 1723 550 et
1736 495 1865 550 iuventus

117 588 224 643 mulum
239 602 246 640 ι
264 586 299 640 ad
321 585 430 640 bonum
444 588 541 639 autern
567 584 627 638 sola
642 584 672 638 in
696 584 779 639 nobis
805 585 855 639 llei
870 585 963 655 gratia
1016 589 1060 638 est
1076 585 1149 654 (Luc.
1165 600 1209 651 xv,
1226 583 1281 654 24).
1299 603 1313 635 ι
1332 584 1366 638 Et
1387 583 1444 638 nisi
1458 582 1489 638 in
1514 584 1564 638 illo
1586 583 1692 655 spiritu
1709 589 1863 654 vegetetur,

117 677 224 747 absque
240 674 330 728 libero
343 672 460 727 arbitrio
477 678 619 744 operetur.
640 672 668 727 Si
691 672 767 726 enim
783 673 899 727 dixisset
913 689 961 745 ge·
1016 671 1051 726 de
1073 689 1131 742 quo
1155 673 1224 727 dicit
1247 672 1421 742 Apostolus:
1440 694 1454 723 r<
1479 672 1584 727 Littera
1609 672 1727 741 occidit,
1752 673 1863 744 spiritus

116 763 252 820 neraliter
273 783 287 811 ι
312 778 398 817 nemo
421 761 573 816 hominum
600 782 614 811 ι
640 766 668 816 ιι
698 761 879 816 addidisset«
901 762 962 817 sine
1016 767 1113 815 autem
1129 761 1253 816 viviticat
1268 763 1307 830 (ll
1324 763 1384 818 Cor.
1400 777 1442 828 nr,
1458 761 1496 831 6).
1516 761 1592 817 »Sic
1613 766 1680 816 suut
1706 763 1822 828 mortui,
1837 768 1863 817 et

116 852 166 909 Dei
182 852 285 923 gratia,
303 872 313 900 ι
335 855 363 905 ιι
387 851 428 905 ιιι
448 850 647 921 subjungeret,
672 873 686 899 ι
709 851 799 905 libero
822 851 894 906 bene
919 851 963 906 uti
1016 849 1144 920 quotidie
1159 850 1351 918 vivificentur,
1367 850 1524 921 dequibus
1539 851 1677 906 Dominus
1691 851 1723 906 in
1739 852 1863 923 Evange-

116 946 209 1014 potest
221 940 351 1007 arbitrio,
368 960 382 989 »
403 943 505 993 esset«
530 939 684 995 catholicus
707 956 817 1007 sensus,
836 961 856 999 ι,
866 945 895 994 ιι
916 957 961 995 ιι-
1016 936 1054 990 lio
1074 937 1160 992 dicit:
1185 957 1199 990 o
1218 938 1303 993 Venit
1319 938 1392 994 hora
1409 944 1438 993 et
1457 954 1534 993 nuuc
1554 945 1606 1007 est,
1624 940 1743 1010 quaudo
1759 939 1862 994 mortui

116 1030 221 1086 tbolica
237 1029 356 1083 omnino
376 1028 505 1082 assertio.
523 1028 595 1082 Cum
616 1034 711 1083 autern
736 1028 840 1083 dixisse
857 1045 960 1101 argue·
1016 1025 1134 1081 audient
1153 1042 1252 1081 vocem
1282 1026 1345 1081 Filii
1372 1027 1432 1093 Dei,
1461 1031 1489 1081 et
1516 1027 1567 1098 qui
1597 1027 1746 1083 audierint
1770 1028 1862 1083 vivent

115 1123 172 1188 tur,
188 1118 263 1189 quod
279 1134 365 1173 nemo
381 1122 520 1185 nostrum,
537 1117 567 1173 id
591 1122 633 1172 est
653 1117 791 1183 lidelinm,
816 1116 872 1171 nisi
896 1122 960 1170 tun·
1016 1117 1106 1185 (loon.
1119 1130 1146 1183 v,
1164 1117 1218 1183 25).
1235 1136 1249 1164 »
1267 1117 1300 1171 Et
1314 1116 1419 1187 quibus
1438 1117 1591 1186 Apostolus
1608 1117 1726 1183 clamet,
1749 1116 1859 1172 diceus:

116 1208 266 1262 tummodo
286 1207 320 1261 ad
346 1206 419 1260 male
436 1206 590 1277 agendum,
616 1205 706 1260 libero
721 1205 763 1259 uti
778 1205 867 1276 possit
881 1204 960 1259 arbi·
1016 1203 1131 1274 «Surge
1145 1203 1196 1276 qui
1211 1204 1329 1271 dormis,
1346 1209 1375 1259 et
1390 1220 1511 1277 exsurge
1523 1221 1540 1259 a
1554 1205 1688 1273 mortuis,
1710 1210 1740 1260 ιι
1758 1204 1859 1260 illumi-

115 1296 180 1364 trio,
205 1295 273 1367 quid
300 1294 377 1349 aliud
406 1294 456 1349 tali
483 1295 569 1360 dicto,
596 1300 624 1349 et
648 1294 699 1349 tali
729 1293 861 1348 novitatis
888 1310 961 1364 prae·
1015 1292 1095 1347 nabit
1109 1292 1161 1347 tibi
1174 1292 1310 1348 Christus.
1325 1293 1435 1363 (Epiros.
1453 1310 1479 1362 v,
1498 1294 1551 1365 ιι).
1566 1314 1581 1343 »

115 1382 279 1453 sumptione
300 1381 448 1448 asseritur,
468 1381 523 1435 uisi
539 1381 615 1452 quod
637 1379 773 1435 humunae
797 1381 961 1435 mentisar·
1049 1382 1106 1436 Nec
1131 1381 1235 1452 uliquis
1260 1381 1427 1449 insidiosus,
1460 1387 1489 1436 et
1516 1380 1715 1436 calumniosus
1741 1380 1859 1451 objicere

115 1471 246 1535 bitrium,
276 1470 352 1541 quod
378 1474 443 1524 ante
478 1475 627 1539 peccatum
661 1470 695 1523 ad
725 1485 824 1523 verum
851 1469 960 1523 bonum
1014 1469 1241 1537 nobisconetur,
1260 1469 1394 1540 quodita
1411 1469 1538 1524 dicamus
1562 1470 1688 1524 liberunt
1713 1468 1858 1523 arbitrium

114 1558 271 1612 amandum
286 1562 315 1612 et
328 1557 547 1613 desiderandum
572 1563 601 1612 et
622 1557 776 1612 fruendum
802 1563 862 1612 erat
886 1558 960 1613 libe·
1014 1574 1065 1629 per
1078 1563 1226 1629 peccatum
1242 1558 1331 1629 primi
1343 1558 1470 1614 hominis
1489 1558 1647 1628 perditum,
1663 1564 1693 1612 et
1706 1561 1856 1624 mortuum,

113 1662 197 1702 rum:
222 1645 263 1700 ita
285 1646 379 1717 primo
401 1646 519 1701 bomine
543 1652 677 1717 peccante
704 1646 834 1701 vitiatum
861 1647 908 1714 sit,
932 1652 960 1703 et
1014 1647 1096 1718 quasi
1111 1650 1244 1701 naturam
1266 1662 1348 1701 suam
1372 1647 1402 1701 in
1424 1663 1481 1717 qua
1504 1647 1674 1701 naturaliter
1691 1645 1781 1701 habet
1797 1645 1858 1700 insi·

43 1751 45 1754 ·
108 1725 242 1807 perierit,
267 1739 300 1790 ut
328 1734 462 1806 deinceps
491 1736 693 1790 tantummodo
722 1735 758 1790 ad
782 1735 890 1790 malurn
913 1752 959 1790 re·
979 1705 1073 1788 Btum
1086 1734 1168 1789 liberi
1187 1734 1298 1789 arbitrii
1317 1735 1494 1790 voluntatem
1518 1735 1678 1806 perdidisse
1698 1734 1857 1805 intelligen-

112 1823 252 1878 manserit
262 1822 293 1876 in
311 1822 430 1878 homine
454 1823 578 1878 liberum
602 1823 774 1892 arbitrium,
789 1823 825 1879 ad
849 1825 958 1879 bonurn
1013 1821 1066 1877 dus
1080 1822 1127 1878 sit.
1146 1823 1209 1878 Non
1222 1823 1299 1879 euim
1312 1824 1439 1895 perdidit
1460 1829 1604 1893 naturam,
1620 1823 1671 1878 sed
1687 1823 1797 1878 bouum
1811 1838 1857 1876 ua·

111 1912 349 1984 veroagendum,
371 1913 429 1967 sive
450 1912 615 1967 babendum
640 1913 752 1967 nullum
777 1913 959 1969 sithominis
1012 1914 1104 1966 turre:
1139 1927 1196 1966 nou
1229 1911 1355 1984 perdidit
1391 1913 1473 1980 velle,
1507 1912 1557 1966 sed
1592 1911 1721 1983 perdidit
1755 1911 1856 1966 bonum

112 2000 236 2056 liberum
251 2000 412 2069 arbitrium,
424 2001 473 2056 sed
487 2004 598 2056 tantum
609 2001 712 2055 divinae
723 2000 822 2072 gratiae
837 2002 956 2058 bouum.
1011 2001 1098 2055 velle:
1121 2016 1172 2055 nec
1193 1999 1318 2070 perdidit
1336 2000 1432 2055 anima
1456 2005 1588 2055 naturam
1609 2015 1693 2054 suem
1718 2014 1784 2055 cunr
1799 2014 1856 2052 mo-

59 2104 62 2109 ·
111 2087 193 2151 Quod
208 2104 299 2159 genus
323 2089 427 2143 erroris
448 2104 500 2143 nec
525 2089 602 2159 apud
626 2090 783 2158 hereticos,
808 2106 861 2145 nec
882 2091 958 2162 apud
1011 2089 1102 2143 ritur:
1119 2088 1150 2143 in
1165 2088 1314 2160 quacient
1331 2105 1444 2159 semper
1466 2089 1571 2156 existit,
1596 2088 1638 2142 ita
1656 2093 1687 2143 et
1706 2086 1855 2142 secundum

111 2191 287 2248 quemquam
302 2177 509 2232 catholicorum
536 2194 588 2231 nos
610 2179 786 2249 cognovisse,
816 2178 956 2233 velandi·
1011 2178 1167 2248 quemdam
1182 2177 1300 2232 modum
1316 2194 1400 2232 suum
1416 2192 1531 2248 semper
1546 2176 1624 2232 vivit.
1642 2177 1783 2231 Ettomen
1795 2191 1855 2230 vere

110 2265 399 2334 viesemeruininrus;
415 2265 455 2321 ιιι
479 2271 512 2321 ιιι
535 2267 622 2321 etiarn
644 2269 679 2321 de
703 2267 758 2322 isto
784 2268 837 2322 boc
863 2266 955 2332 nobis,
1010 2266 1142 2333 moritur,
1169 2282 1229 2321 non
1251 2265 1408 2321 abolitione
1429 2266 1607 2333 substantiae,
1633 2265 1683 2320 sed
1707 2264 1853 2320 amissione

109 2358 143 2407 ut
152 2353 214 2421 jam
229 2354 364 2423 diximus,
379 2354 547 2410 incredibile
563 2355 701 2410 videatur.
1010 2369 1084 2408 verae
1097 2354 1162 2408 vitae
1182 2370 1250 2420 sure,
1268 2354 1346 2425 quod
1370 2354 1414 2409 illi
1435 2357 1510 2411 Deus
1529 2359 1580 2408 est.
1602 2355 1636 2408 Et
1654 2353 1723 2408 ideo
1743 2368 1853 2423 prorsus

146 2441 225 2497 Sicut
250 2443 327 2497 enirn
352 2459 427 2498 unus
457 2449 542 2514 atque
563 2444 639 2498 idem
664 2444 750 2498 horno
778 2448 957 2514 potestesse
1009 2440 1106 2512 ipsum
1120 2443 1244 2498 liberum
1259 2442 1388 2505 hominis,
1404 2442 1556 2498 arbitrium
1574 2458 1692 2497 necesse
1714 2443 1852 2498 habetro-

110 2545 205 2599 sanus,
219 2534 246 2584 et
262 2546 296 2584 ex
313 2547 382 2585 sano
401 2531 528 2602 qualibet
550 2532 773 2602 intemperentia
788 2532 862 2587 ellici
876 2532 956 2587 inlir·
1009 2530 1174 2601 quirentem
1196 2537 1223 2586 et
1241 2531 1447 2598 invenientem,
1476 2535 1509 2587 ut
1534 2547 1568 2586 ex
1589 2530 1706 2603 perdito
1731 2530 1781 2585 ιιιι
1800 2530 1851 2584 sal-

110 2632 185 2682 mus,
203 2623 232 2673 et
253 2618 380 2673 remedio
401 2619 519 2674 salutari
544 2620 650 2674 iterum
670 2621 733 2675 fieri
747 2637 832 2675 sanus
849 2638 856 2687 ;
875 2621 915 2674 ιιι
928 2626 956 2676 ιι
1008 2634 1096 2674 vum:
1128 2635 1244 2674 necesse
1271 2620 1358 2675 hebet
1385 2621 1579 2684 suscitantem,
1604 2624 1633 2675 et
1654 2619 1850 2683 vivificantem,

110 2705 233 2761 liberum
248 2707 384 2762 humanm
403 2708 509 2762 mentis
527 2708 679 2763 arbitrium
700 2708 777 2780 quod
793 2709 874 2781 prius
895 2715 956 2765 erat
1008 2711 1042 2762 ut
1056 2723 1090 2761 ex
1106 2712 1219 2763 mortuo
1236 2707 1286 2762 ssat
1300 2707 1415 2763 vivum:
1433 2724 1547 2763 necesse
1569 2708 1657 2764 habet
1677 2707 1765 2762 etiam
1789 2706 1852 2760 redi·

109 2810 222 2862 sanum,
238 2795 398 2851 factumest
411 2796 506 2867 primo
522 2797 639 2853 bomine
650 2803 783 2870 peccante
794 2799 952 2868 iulirmum,
1009 2800 1147 2863 mentem,
1166 2801 1199 2851 ut
1227 2797 1306 2867 quod
1328 2803 1389 2851 erat
1415 2797 1545 2852 servituti
1574 2797 1744 2864 obnoxium,
1769 2795 1853 2867 possit

109 2885 138 2937 et
149 2884 227 2954 quod
239 2888 301 2938 erat
319 2885 440 2953 salvum,
460 2885 626 2940 factumest
645 2887 807 2957 perditom;
833 2893 861 2942 et
877 2888 953 2959 quod
1009 2884 1082 2939 effici
1094 2884 1228 2939 liberum.
1245 2885 1308 2938 Erat
1324 2901 1448 2957 namque
1462 2885 1593 2941 servituti
1607 2885 1776 2947 obnoxium,
1790 2884 1852 2955 quia

108 2977 170 3027 erut
181 2973 287 3042 vivum,
303 2974 410 3028 lectum
429 2980 472 3029 est
488 2980 645 3029 mortuum.
668 2977 738 3030 Vere
757 2976 834 3030 enim
850 2992 953 3030 senum
973 3000 993 3056 C
1008 2978 1123 3043 peccato
1140 2974 1335 3044 subjugatum,
1352 2979 1380 3028 et
1396 2995 1407 3023 ι
1432 2974 1527 3028 omnis
1548 2973 1598 3046 qui
1619 2974 1688 3029 ιιιιι
1710 2978 1851 3044 peccatum

108 3063 170 3116 eret
182 3064 248 3115 ente
262 3066 409 3132 peccatum
424 3063 504 3116 nullo
519 3063 646 3133 peccanti
659 3064 796 3133 languore
810 3064 952 3130 vitiatum,
1008 3077 1106 3116 servus
1120 3067 1162 3116 est
1174 3063 1283 3132 peceati
1302 3062 1390 3134 (loon.
1415 3078 1474 3130 vni,
1492 3064 1536 3131 34,
1560 3063 1614 3131 36).
1633 3083 1647 3110 »
1671 3065 1696 3116 A
1719 3078 1777 3135 qua
1799 3077 1850 3114 ser·

108 3154 135 3203 et
151 3149 311 3221 peripsum
339 3155 487 3222 peccatum
514 3151 682 3206 factumest
707 3153 895 3220 infirmatum,
923 3157 955 3207 ut
1007 3150 1097 3205 vitute
1118 3150 1151 3205 ιιι
1174 3151 1296 3205 liberum
1313 3168 1367 3222 per
1386 3167 1453 3205 eum
1472 3151 1522 3222 qui
1540 3151 1629 3205 dixit:
1648 3151 1677 3208 si
1700 3167 1752 3205 vos
1771 3150 1850 3206 Filius

107 3238 246 3293 voraciter
270 3239 375 3294 clamet
402 3244 431 3293 at
456 3241 560 3294 Deum:
588 3261 601 3288 ι
632 3240 691 3310 Ego
719 3241 790 3295 dixi:
823 3241 952 3308 Domine,
1006 3239 1181 3306 liberaverit,
1202 3243 1270 3293 tune
1293 3256 1358 3294 vere
1386 3239 1468 3294 liberi
1497 3239 1588 3295 eritis.
1606 3239 1640 3293 Et
1666 3254 1722 3310 per
1750 3239 1850 3294 donum

107 3327 245 3382 miserere
274 3327 341 3394 mei,
368 3344 437 3381 sune
464 3328 590 3382 animam
621 3343 723 3393 meum,
750 3330 817 3400 quia
840 3329 954 3400 peccavi
1007 3327 1129 3398 Spiritus
1156 3325 1256 3395 sancti,
1285 3328 1320 3382 de
1347 3344 1404 3398 quo
1421 3328 1573 3399 Apostolus
1601 3326 1686 3381 nitzo
1715 3326 1769 3383 Ubi
1794 3325 1848 3397 Spi-

107 3415 160 3470 tibi
175 3414 258 3486 (Psoi.
275 3431 319 3471 ιι..
336 3416 371 3484 5).
392 3417 452 3471 »Et
466 3432 531 3470 eum
546 3432 598 3487 per
617 3433 716 3472 verum
740 3418 882 3472 medicum
906 3434 953 3472 ιι-
1006 3416 1079 3470 ritus
1104 3414 1230 3483 Domini,
1251 3415 1294 3470 ibi
1311 3415 1427 3470 libertas
1446 3417 1482 3488 (ιι
1504 3417 1564 3473 Cor.
1581 3432 1623 3481 ur,
1650 3416 1706 3486 ιι).
1727 3437 1741 3465 ι
1760 3413 1848 3470 Ριιιι·

108 3507 202 3570 natur,
220 3504 379 3572 gratulans,
394 3508 423 3558 et
437 3504 562 3575 gratiosa
590 3519 661 3575 gens
684 3505 769 3561 dicit:
794 3526 807 3559 ι
833 3507 953 3561 ιιοιιιιιιι
1007 3502 1190 3574 deratitaque
1201 3503 1288 3558 bomo
1300 3519 1352 3574 per
1362 3504 1463 3573 primae
1474 3503 1721 3575 prevaricationis
1735 3504 1847 3574 lapsum,

108 3592 182 3646 Deus
196 3596 304 3658 noster,
320 3592 440 3647 clamavi
454 3593 489 3647 ad
504 3599 531 3647 te
548 3599 575 3647 et
590 3594 695 3649 sanasti
712 3610 757 3648 me
769 3595 856 3664 (Psoi.
877 3611 951 3663 xxix,
1006 3595 1036 3645 et
1049 3591 1080 3646 in
1095 3606 1129 3646 ιο
1141 3607 1226 3646 omne
1241 3608 1332 3663 genus
1347 3592 1518 3660 humanum,
1532 3607 1630 3646 vorem
1644 3591 1758 3646 arbitrii
1772 3591 1847 3646 liber·

108 3680 144 3751 3).
170 3701 184 3730 »
209 3682 280 3735 Vere
299 3686 361 3736 erat
384 3683 506 3744 salvum,
531 3684 608 3754 quod
631 3685 710 3739 nullo
734 3684 854 3739 interius
877 3687 954 3741 mala
1006 3683 1105 3748 tatem,
1122 3696 1177 3751 qua
1203 3685 1285 3734 autea
1308 3680 1432 3735 liberurn
1460 3680 1580 3751 eratad
1603 3679 1799 3750 appetendum
1824 3680 1848 3732 el

106 3770 264 3838 voluntate,
289 3770 370 3825 nulla
389 3772 514 3827 exterius
534 3773 609 3827 mala
628 3773 795 3844 operatione
823 3779 883 3828 erat
902 3774 952 3829 de·
1006 3766 1171 3822 habendum
1191 3784 1291 3823 verum
1305 3773 1333 3823 el
1354 3769 1494 3836 divinum,
1516 3773 1543 3823 el
1570 3773 1716 3824 aelernum
1736 3769 1845 3824 bonum·

105 3863 265 3930 pravutnm,
296 3859 353 3915 sive
390 3866 582 3932 corruptum:
615 3867 643 3916 et
676 3879 741 3916 rere
773 3863 879 3918 iactum
910 3869 954 3920 ιιι
1006 3855 1150 3910 Nechassc
1176 3856 1287 3910 ‘filicem
1316 3862 1344 3913 et
1368 3872 1465 3912 veram
1495 3857 1845 3912 b⁰noeV⁰l¹1nl⁸li⁸lib²r·

104 3948 260 4018 perditum,
286 3964 351 4003 eum
380 3951 456 4004 mala
487 3951 633 4005 voluntate
657 3951 746 4005 Deum
769 3951 904 4019 deseruit,
924 3956 954 4007 et
1005 3946 1094 3998 ‘alem
1110 3944 1169 3998 ⁰1¹0
1189 3945 1274 3999 modo
1288 3945 1364 4000 ιῑιῙθι
1379 3946 1515 4017 1¹⁰⁰in
1533 3945 1588 3999 ⁰1⁵5
1609 3961 1663 4017 W
1684 3944 1846 4016 redflffil’flff

106 4036 261 4091 deserendo
276 4037 396 4106 bouum,
413 4039 488 4110 quod
506 4039 641 4104 babebat,
658 4040 764 4093 amisit.
782 4040 862 4094 Unde
879 4040 953 4096 lianc
1005 4046 1072 4086 nem
1092 4031 1198 4088 Christi
1224 4035 1275 4087 fiat
1303 4033 1438 4101 liberum,
1462 4040 1490 4088 θῑ
1514 4050 1567 4106 1>ssr
1592 4033 1718 4106 ssfflfitlm
1734 4033 1845 4105 Spifstffi

105 4123 296 4195 perditionem
311 4125 342 4180 in
360 4142 390 4180 ιι
411 4142 629 4197 recognoscens,
655 4129 742 4198 atque
767 4128 803 4183 ab
826 4144 860 4182 ea
879 4129 952 4183 libe.
1005 4120 1105 4184 sancti,
1123 4121 1157 4176 de
1179 4121 1314 4177 servitute
1340 4123 1461 4193 peccati,
1489 4123 1519 4178 in
1547 4121 1715 4178 libertatem
1735 4121 1843 4194 justitie

104 4213 164 4268 rari
178 4213 297 4283 cupiens
312 4213 483 4285 ingemiscit,
505 4219 533 4269 et
548 4215 616 4268 dicit
630 4231 636 4269 :
653 4236 666 4264 ι
690 4215 786 4270 Erravi
804 4215 877 4271 sicut
892 4217 952 4272 ovis
1006 4209 1203 4265 transferatur·

105 4316 169 4370 quae
193 4301 296 4370 periit:
323 4301 438 4372 require
459 4318 571 4356 servum
600 4308 692 4370 tuum,
719 4304 787 4374 quia
815 4297 993 4362 mandataD
1318 4301 1432 4356 CAPUT
1453 4301 1534 4356 XXII·

105 4392 228 4443 tuanen
243 4404 307 4443 eum
330 4389 436 4444 oblitus
451 4391 534 4461 (Psct.
561 4407 657 4460 cxvrn,
683 4392 753 4464 176).
770 4414 783 4442 n
812 4394 950 4465 thuoti-
1005 4385 1131 4442 liberum
1154 4387 1311 4456 arbustum,
1335 4389 1367 4444 ιιι
1387 4396 1425 4445 θδι
1449 4395 1524 4445 recia
1541 4390 1680 4456 volum,
1708 4390 1840 4444 '‘mli''

105 4476 151 4532 die
165 4477 358 4531 necessarium
372 4478 457 4533 babet
469 4494 658 4551 querentem,
682 4487 769 4552 atque
794 4483 950 4539 salvantem
1143 4457 1176 4512 αθ
1188 4458 1272 4513 ‘uem
1283 4460 1364 4514 diem·
1377 4464 1413 4516 ⁰⁹
1423 4461 1548 4530 mrim
1563 4461 1728 4530 mmmm·

104 4564 197 4631 illum,
215 4565 266 4636 qui
279 4565 362 4621 dicit:
381 4589 394 4616 ι
419 4568 502 4623 Venit
526 4569 604 4623 enim
625 4569 712 4624 Filius
735 4570 858 4625 hominis
872 4588 950 4643 φη.
1041 4565 1104 4619 Haeo
1119 4569 1162 4619 est
1170 4580 1240 4636 ergo
1254 4565 1417 4635 infirmitas,
1433 4573 1462 4622 et
1478 4567 1612 4638 perditio,
1634 4572 1664 4621 et
1680 4583 1757 4622 mors
1769 4562 1836 4621 liberi

103 4669 177 4721 rere,
207 4659 236 4710 et
263 4655 372 4711 salvum
401 4657 503 4723 faeere,
534 4658 611 4729 quod
639 4659 762 4728 perierat
788 4662 863 4726 (Luc,
891 4676 948 4730 m,
1005 4653 1116 4707 arbitrii
1134 4669 1288 4723 perunum
1309 4656 1459 4711 bominem
1482 4656 1611 4727 ingressa
1639 4655 1670 4709 iu
1699 4655 1836 4715 mundun,

106 4743 189 4812 10).›
207 4745 274 4799 Erat
298 4744 386 4800 etiam
410 4745 518 4812 vivum,
544 4746 611 4817 quia
637 4747 801 4802 adhaerebat
828 4748 880 4813 illi,
903 4749 950 4804 cui
1005 4758 1062 4813 qua
1075 4757 1128 4813 per
1142 4758 1171 4797 se
1189 4744 1352 4798 nullatenus
1367 4745 1442 4799 valet
1469 4759 1618 4815 assurgere
1645 4744 1682 4800 ad
1708 4757 1802 4798 verum
1815 4744 1838 4793 et

105 4831 245 4888 dicimus:
259 4855 273 4883 «
289 4834 431 4899 Quoniam
444 4836 519 4905 opud
545 4841 571 4890 te
587 4841 629 4890 est
644 4837 706 4891 fons
721 4835 796 4904 vitre,
818 4839 846 4890 et
860 4836 890 4890 in
905 4837 949 4894 lu·
1004 4837 1158 4901 aeteruum,
1173 4836 1202 4886 et
1216 4832 1382 4888 beatificum
1405 4832 1525 4902 bonnm,
1547 4833 1603 4888 nisi
1623 4849 1676 4904 per
1694 4831 1836 4888 secundun

103 4920 183 4976 mine
196 4926 246 4975 tuo
264 4923 424 4978 videbimus
440 4923 536 4976 lumen
553 4924 636 4994 (Psot.
654 4941 733 4991 xxxv,
753 4925 834 4994 ιιι.»
852 4924 949 4979 vivens
1003 4920 1154 4975 homiuem
1178 4921 1266 4976 luerit
1296 4926 1428 4977 sanatum
1448 4922 1610 4989 inventum,
1632 4921 1802 4979 vivificatum
1815 4920 1838 4970 el

103 5006 135 5063 in
149 5009 210 5076 illo,
227 5015 255 5064 et
267 5027 319 5082 per
340 5011 434 5078 illum,
456 5012 492 5066 de
507 5028 564 5082 qno
579 5012 609 5066 in
635 5014 789 5084 Evangelio
811 5013 948 5085 scriptum
1003 5010 1201 5082 redemptum.
1226 5011 1353 5082 idipsum
1379 5028 1504 5085 namque
1524 5013 1649 5067 liberum
1669 5011 1837 5068 hominisrr

105 5102 161 5152 est:
178 5116 192 5148 ι
210 5098 243 5152 Et
263 5098 320 5153 vita
340 5104 402 5154 erat
424 5100 469 5153 lux
485 5099 637 5154 hominum
655 5100 743 5172 (Joon.
765 5119 783 5169 r,
806 5102 844 5173 4).
866 5102 949 5158 »Sed
1003 5097 1133 5166 bitrium,
1151 5100 1238 5156 idest
1260 5101 1322 5174 ipsa
1349 5102 1482 5157 humane
1498 5101 1602 5157 mentis
1620 5101 1708 5168 bona,
1732 5106 1760 5156 et
1773 5101 1837 5156 reclt

102 5181 177 5240 hunc
200 5185 298 5253 vitam,
327 5192 414 5258 atque
449 5187 525 5241 bunc
557 5187 665 5242 fontem
701 5187 766 5242 vitae
795 5189 948 5246 deserendo
1003 5188 1143 5256 voluntas,
1165 5205 1230 5244 cum
1254 5191 1412 5260 quabomo
1438 5191 1532 5246 bonus
1558 5195 1700 5246 etractus
1722 5189 1837 5246 condus

104 5269 209 5326 iactum
243 5276 285 5327 est
317 5289 334 5326 a
366 5273 422 5327 ιιιι
456 5275 507 5330 Dei
537 5276 695 5330 alienatum
729 5281 757 5331 et
782 5282 946 5333 mortuum:
1003 5276 1224 5345 iuerat,et1)eo
1251 5279 1413 5334 obediendo
1429 5286 1496 5334 ante
1514 5284 1665 5351 peecatum
1679 5290 1837 5349 persevera·

105 5358 208 5423 «Ouia
227 5360 323 5414 anirna
340 5377 405 5433 quae
424 5365 584 5434 peccaverit
603 5365 666 5435 ipsa
686 5365 825 5419 morietur
840 5368 947 5432 (Ειιιιι.
1002 5366 1052 5421 bet
1066 5366 1152 5432 bona,
1169 5372 1197 5420 et
1208 5368 1298 5422 Deum
1314 5368 1525 5423 contemnendo
1540 5383 1593 5438 per
1607 5373 1758 5438 peecatum
1777 5367 1837 5421 tem

103 5459 181 5510 xvrn,
197 5448 234 5517 4).
251 5451 329 5504 »Noc
343 5450 428 5505 babet
442 5451 471 5504 in
483 5458 549 5506 seet
560 5469 592 5506 ex
605 5469 634 5505 se
647 5451 862 5507 ullumsonsum
873 5454 948 5508 vite-
1003 5459 1046 5509 est
1062 5454 1137 5509 mala
1154 5471 1161 5508 :
1181 5459 1209 5509 et
1228 5471 1280 5526 per
1294 5456 1507 5526 justificationis
1530 5455 1636 5511 Christi
1659 5456 1791 5527 gratiam,
1808 5449 1836 5505 ad

102 5533 212 5592 temet
240 5536 276 5591 ad
304 5554 400 5594 veram
426 5540 512 5624 vilaro
541 5541 693 5609 nitentem,
721 5541 776 5596 nisi
804 5557 856 5613 per
880 5558 947 5598 eum
1003 5543 1092 5599 Deum
1115 5543 1318 5616 resipiscendo,
1336 5549 1365 5600 et
1383 5545 1520 5601 rediendo
1540 5544 1666 5600 efficitur
1684 5543 1837 5614 bonasipet
