3930 6098
99 258 152 312 tiu
410 258 413 263 “
779 250 907 305 stratu
923 248 1172 308 corbonensis

102 387 185 442 muni
201 385 291 440 currit
304 381 430 454 eloquio.
455 382 518 436 lion
533 379 580 434 bic
593 379 769 444 Tuccidides,
785 379 831 433 rel
852 378 947 435 Sallu·
967 381 987 435 Α
1004 379 1076 433 Nam
1092 378 1158 435 licet
1167 394 1227 434 non
1237 377 1387 434 nominate
1396 393 1551 434 numerum
1562 379 1762 451 expresserim

103 477 175 532 stius
190 473 335 530 tramitem
352 469 472 525 scientia
485 479 499 505 ⁸
513 469 657 541 digerunt.
672 469 721 524 sed
735 468 822 523 Jacob
844 472 872 523 et
896 469 950 524 ila-
1004 483 1062 539 quo
1088 467 1241 522 deberetur
1264 472 1395 538 tempore
1423 466 1511 534 nasci,
1540 467 1679 523 intactum
1704 482 1762 523 nnn

102 564 151 619 sid
172 561 298 618 obiculas
319 559 355 613 ad
372 560 467 614 caulas
489 558 645 613 deducunt.
663 558 724 612 Non
739 557 785 613 bic
804 557 885 613 Cirus
899 573 950 627 pu·
1003 556 1131 628 reliquit.
1158 556 1240 621 Quod
1263 551 1300 611 ne
1323 555 1408 610 nudis
1430 572 1475 611 ma
1498 561 1583 627 putes
1606 556 1700 612 verbis
1723 572 1762 612 na

104 651 220 722 grando
235 648 392 704 exercitum
408 647 498 715 ducit,
512 646 562 701 sad
576 647 685 718 Moyses
700 646 802 701 erectis
815 645 950 701 manibus
1001 645 1062 715 jam
1084 645 1137 701 tibi
1157 645 1329 701 documenta
1345 645 1438 700 vivida
1459 645 1565 700 curabo
1589 644 1728 717 prolerre.
1745 644 1762 702 l

104 738 328 794 Amalacitarum
352 735 509 807 phalangas
535 733 643 789 orando
668 734 790 789 divertit.
817 734 871 791 Sed
897 750 951 788 nec
1004 739 1160 806 antequam
1184 738 1282 789 nostra
1297 733 1427 804 legaliter
1446 733 1607 788 instruatur
1627 732 1730 800 oratio,
1754 747 1762 787 r

105 827 308 884 llemmonicos
330 840 466 880 curremus
481 823 611 895 hymnos,
628 823 873 878 autAEneidarum
889 839 950 877 car·
1003 823 1381 894 telibenteradrertequae
1405 823 1468 878 dico
1494 839 1501 876 :
1526 823 1558 876 lit
1581 837 1640 876 non
1666 821 1762 876 aemulr

105 917 183 971 mine
206 914 361 970 incidimus
382 929 490 979 versus,
515 927 567 966 nec
589 912 711 966 lacteum
738 912 810 967 Libii
834 927 950 966 amnem
1002 911 1138 966 vincendi
1165 927 1249 966 acuas
1277 910 1466 977 intellectum,
1494 911 1543 965 sed
1571 910 1733 965 intentione

105 1004 227 1068 deduco,
248 1017 302 1057 nec
316 1001 437 1057 iliadum
452 1000 581 1055 celeuma
596 999 724 1054 decanto.
749 1000 850 1054 Procul
872 999 950 1054 enirn
1004 999 1108 1069 ciendi,
1139 1004 1199 1055 tam
1232 999 1313 1065 mihi,
1345 1015 1432 1071 qoam
1466 999 1528 1066 tibi,
1563 997 1664 1054 elimes
1697 1013 1762 1052 sens

106 1108 183 1147 ame
199 1095 240 1145 est
257 1090 358 1160 lingua
382 1089 498 1161 viperea
521 1087 699 1143 demostenis
720 1088 754 1142 de
779 1104 837 1159 qua
859 1087 951 1142 lortur
1004 1089 1096 1144 sciens
1121 1088 1191 1160 qnia
1216 1104 1274 1143 non
1302 1089 1332 1143 in
1363 1087 1583 1142 ratiocinatione
1611 1086 1682 1141 fides
1712 1101 1762 1141 con

105 1179 208 1236 dixisse
231 1177 373 1234 Oscinesb
394 1194 401 1232 ε
426 1177 500 1242 Quid
520 1175 544 1230 si
558 1177 649 1248 ipsam
665 1176 814 1231 audissetis
829 1176 950 1233 bestiam
1005 1179 1054 1233 sed
1083 1177 1113 1232 in
1144 1177 1274 1245 veritate,
1308 1181 1336 1232 et
1365 1176 1549 1247 simplicitate
1579 1175 1684 1230 cordis.
1716 1175 1762 1240 On

105 1284 158 1323 suo
181 1283 230 1322 ore
254 1267 341 1321 rerba
361 1264 563 1320 resonantem?
583 1265 707 1337 Epistola
721 1264 796 1319 enim
813 1280 877 1319 maa
892 1280 950 1319 non
1005 1267 1053 1322 illc
1081 1267 1190 1322 munda
1220 1269 1264 1320 est
1292 1271 1399 1332 mente,
1429 1264 1581 1320 bominum
1609 1264 1695 1319 ridet.
1726 1263 1762 1318 lit

107 1355 288 1412 ethnicorum
318 1363 328 1389 ⁰
356 1354 484 1409 favorem
510 1353 641 1424 requirit,
676 1369 729 1408 nec
763 1354 888 1409 colorem
916 1354 951 1409 de
1005 1354 1029 1408 si
1044 1359 1207 1425 susceptum
1222 1354 1355 1425 estquod
1373 1353 1488 1424 ingessi,
1505 1358 1617 1423 gratum
1634 1351 1762 1422 estquod

105 1445 235 1501 Atheneo
250 1443 337 1499 trabit
354 1461 360 1499 :
375 1444 424 1499 sed
439 1444 645 1515 prophetarum
661 1442 811 1514 saporibus
829 1442 949 1511 redolet,
1005 1443 1090 1515 gessi.
1113 1443 1142 1499 Si
1165 1459 1232 1498 vero
1256 1444 1408 1497 molestum
1432 1447 1475 1497 est
1497 1441 1573 1513 quod
1597 1440 1709 1512 scripsi,
1731 1440 1762 1496 br

106 1536 134 1588 et
154 1532 384 1604 patriarcharum
407 1532 514 1586 lercula
539 1531 718 1602 superficiem
739 1531 821 1603 gerit.
842 1533 951 1604 Nempe
1005 1531 1125 1588 lentiam
1140 1548 1209 1604 erga
1223 1536 1250 1587 te
1265 1531 1354 1586 animi
1370 1546 1427 1585 non
1444 1529 1560 1584 obtexi:
1578 1528 1655 1600 qnod
1670 1533 1698 1583 et
1714 1534 1748 1584 tu

106 1621 197 1676 dulcis
212 1621 235 1676 si
247 1620 413 1692 ubicunque
425 1619 456 1674 in
471 1635 614 1674 annorum
628 1636 749 1675 numero
766 1621 950 1676 Christircn-
1005 1622 1071 1676 liter
1090 1637 1158 1693 erga
1178 1638 1224 1675 me
1246 1621 1332 1676 debes
1356 1619 1535 1691 impendere,
1559 1623 1588 1673 et
1609 1634 1697 1689 quern
1717 1617 1762 1672 rid

105 1714 171 1765 tura
185 1709 327 1764 diceretur
341 1708 483 1775 nativitas,
495 1707 720 1765 Christianorum
733 1711 776 1763 rel
786 1709 949 1765 ludaeorum
970 1679 1057 1766 Btibi
1070 1710 1183 1765 videtur
1198 1726 1304 1777 errare,
1325 1725 1362 1765 ne
1383 1712 1490 1781 pareat,
1515 1707 1594 1762 omni
1617 1707 1644 1760 vi
1667 1722 1740 1761 cona
1755 1717 1762 1762 t

104 1798 182 1854 illico
197 1798 277 1854 linita
293 1803 368 1853 esset
382 1797 512 1852 simultas
535 1814 542 1852 :
564 1798 633 1870 quia
648 1798 821 1869 computatis
835 1798 950 1854 annisa
1004 1806 1087 1854 stere.
1105 1800 1203 1870 Neque
1217 1798 1350 1869 plurimis
1364 1796 1536 1853 testimoniis
1547 1800 1715 1866 occupatam
1726 1810 1762 1850 mr

105 1887 208 1942 mundi
223 1886 365 1958 principio
381 1885 442 1941 sine
465 1885 562 1958 aliquo
584 1886 785 1957 impedimenti
803 1888 949 1943 obstaculo
1004 1893 1084 1944 tuam
1106 1887 1208 1943 studiis
1229 1888 1319 1943 debeo
1343 1886 1494 1958 impedire,
1519 1885 1610 1940 sciens
1631 1885 1701 1955 quia
1723 1899 1762 1939 cu

105 1977 244 2031 adrentus
266 1975 328 2045 ejus
349 1975 470 2029 sciretur
491 1975 521 2029 in
547 1975 651 2030 saeculo
668 1992 675 2030 ε
692 1981 724 2031 ut
739 1992 791 2031 nec
806 1976 899 2032 fidelis
919 1976 950 2031 in
1005 1977 1153 2031 sufiiciunt
1172 1992 1259 2047 parva
1281 1979 1305 2043 h,
1330 1977 1398 2030 sctis
1425 1980 1508 2030 erunt
1536 1989 1587 2028 nec
1612 1972 1703 2028 mille.
1732 1973 1762 2029 St

105 2063 259 2120 asserendo
275 2079 367 2119 moras
389 2064 550 2131 sustineret,
565 2080 618 2119 nec
631 2064 756 2121 inlidelis
771 2066 801 2119 in
822 2063 949 2120 refutan-
1006 2065 1082 2121 enim
1105 2081 1163 2120 non
1183 2065 1283 2137 quanti
1308 2065 1404 2119 dicant
1426 2062 1557 2128 attendit,
1578 2062 1626 2116 sed
1647 2060 1698 2132 qui
1721 2060 1762 2116 sin

105 2152 141 2208 do
166 2152 328 2208 occasiones
350 2153 523 2207 ostenderet.
551 2153 584 2207 lit
610 2153 688 2224 quia,
717 2159 749 2208 ul
778 2153 950 2226 quibusdam
1006 2156 1102 2209 dicant
1116 2155 1227 2208 utiliter
1240 2153 1328 2208 norit.
1350 2154 1383 2207 Et
1404 2152 1471 2206 inda
1487 2150 1629 2222 propbeta
1647 2149 1762 2204 beatum

103 2241 226 2309 ridetur,
242 2240 384 2296 incertum
400 2241 553 2296 adventum
570 2240 633 2311 ejus
653 2240 800 2312 Scriptura
822 2242 949 2314 reliquit,
1005 2243 1085 2310 dixit,
1108 2243 1204 2314 quiin
1226 2258 1324 2297 aurem
1347 2240 1490 2295 audientis
1505 2239 1619 2310 eloquia
1633 2238 1762 2309 prolertt

105 2333 133 2385 ct
148 2329 231 2401 quasi
253 2329 393 2384 intactum
414 2329 505 2400 magis
526 2329 623 2401 tetigit
646 2345 734 2401 quam
756 2330 896 2401 predixit,
913 2330 949 2385 ob
1005 2332 1110 2387 dicitur
1132 2332 1231 2386 lallare
1255 2330 1368 2385 auditus
1393 2330 1472 2400 cujus
1495 2327 1590 2399 segnis
1611 2343 1668 2382 non
1691 2326 1762 2398 vigil

105 2420 160 2474 hoc
183 2424 210 2474 el
226 2424 394 2473 cunctorum
414 2417 513 2489 opinio
533 2435 562 2472 sa
585 2418 648 2489 ipsa
662 2418 779 2474 deludit.
795 2420 858 2474 Non
873 2420 950 2491 quod
1006 2437 1115 2475 sensus.
1133 2422 1265 2476 Poteram
1280 2420 1331 2474 tibi
1351 2418 1466 2489 copiosa
1489 2416 1652 2472 testimonia
1665 2416 1701 2471 de
1717 2431 1762 2487 rep

104 2507 236 2562 omnium
251 2505 324 2562 fides
338 2522 412 2561 caeca
427 2506 548 2577 caligine
571 2505 743 2574 involvatur,
765 2507 814 2560 scd
835 2523 868 2561 ca
885 2523 950 2578 quse
1006 2509 1085 2564 tione
1101 2515 1204 2575 vestra,
1221 2514 1250 2563 et
1272 2508 1411 2563 electione
1426 2506 1555 2577 gentium
1577 2519 1739 2575 excerpere,
1756 2520 1762 2558 r

105 2595 200 2666 magis
214 2594 352 2666 opinione
367 2610 454 2666 quam
475 2594 594 2649 varitate
613 2599 737 2649 tenetur.
753 2596 809 2649 Ista
823 2611 949 2666 namque
1005 2599 1041 2653 ab
1075 2597 1277 2652 eruditissimis
1310 2596 1378 2650 viris
1409 2597 1462 2650 boc
1493 2593 1718 2648 antecessoribus
1751 2609 1762 2646 r

105 2684 263 2739 secundum
286 2682 435 2754 opinatum
458 2682 578 2737 disserui
596 2682 949 2755 istomacantiumdquae·
1004 2687 1109 2741 facium
1131 2687 1288 2740 recolerem
1312 2701 1384 2739 esse.
1410 2685 1451 2739 Ob
1475 2683 1503 2738 id
1528 2682 1694 2737 omittentes
1714 2681 1762 2737 illa

105 2772 222 2828 stiones.
254 2771 393 2827 Caeterum
418 2770 500 2841 juxta
527 2786 600 2825 meae
624 2771 773 2826 tenuitatis
800 2771 948 2827 scientiam
1001 2777 1062 2846 jam
1085 2781 1151 2829 sunt
1176 2774 1248 2845 stylo
1277 2772 1436 2828 inlustriori
1462 2772 1506 2826 rel
1535 2770 1697 2825 facundiori
1720 2769 1759 2826 ab

104 2861 257 2916 adrentum
275 2859 377 2914 Christi
391 2859 523 2930 patulum
537 2875 603 2914 reor
624 2859 732 2914 addisci
751 2860 857 2915 indicta
872 2862 949 2932 lega·
984 2920 986 2923 ,
1005 2863 1171 2935 eloquentia
1185 2867 1212 2916 et
1233 2862 1382 2916 sanctitate
1397 2859 1580 2933 pollentibus,
1596 2859 1706 2914 dudum
1723 2873 1762 2913 co:

104 2950 143 3004 lia
168 2958 189 3015 ⁸,
215 2948 240 3003 si
265 2947 409 3003 subtiliter
429 2947 604 3018 indagentur
623 2948 694 3003 vatis
713 2948 862 3021 praesagia,
884 2966 947 3021 quae
969 2958 1065 3030 epta,
1083 2958 1112 3007 ut
1127 2949 1349 3022 prostrassem,
1369 2965 1457 3019 parva
1469 2947 1633 3003 testimonia
1648 2963 1709 3001 uon
1722 2947 1762 3003 inl

105 3040 168 3093 luce
182 3036 303 3092 clariora
319 3034 443 3091 existunt
468 3036 601 3092 almifica.
624 3039 695 3093 Nam
721 3038 787 3093 licet
810 3039 845 3094 ab
866 3039 949 3094 initio
1006 3042 1054 3097 sed
1068 3040 1161 3095 valida
1176 3039 1331 3094 retexendo
1346 3037 1464 3093 eliceam
1481 3053 1488 3091 ε
1511 3040 1539 3090 et
1553 3036 1623 3107 quid
1637 3035 1667 3089 in
1683 3051 1762 3090 caes

104 3125 207 3182 mundi
222 3124 290 3180 anni
310 3141 368 3179 non
393 3124 576 3180 inveniantur
598 3125 719 3196 prefixi,
745 3132 841 3182 tamen
863 3143 950 3201 repe·
1006 3128 1210 3199 interrogando
1225 3127 1403 3198 perquiram,
1419 3132 1450 3180 ut
1465 3129 1514 3178 aut
1526 3125 1628 3179 doceas
1644 3140 1691 3179 me
1706 3122 1762 3196 igni

104 3215 251 3270 riunture
267 3219 397 3286 ternpore
412 3215 573 3286 prophetali
589 3215 777 3287 liquidissime
794 3216 948 3271 numerati.
1006 3235 1073 3290 quae
1087 3217 1208 3272 firmiter
1222 3223 1317 3282 teneo,
1337 3219 1386 3269 nut
1403 3215 1504 3269 doceas
1527 3218 1554 3268 te
1575 3213 1686 3268 nescire
1707 3228 1762 3285 qua

105 3303 269 3359 Praevidens
289 3303 374 3357 credo
396 3318 516 3357 censure
531 3302 625 3357 divina
641 3304 797 3358 humanam
816 3320 950 3359 vesanam
1006 3323 1066 3362 non
1080 3305 1211 3376 improbe
1226 3304 1293 3360 scio.

105 3390 241 3456 acutiam,
257 3405 322 3461 quse
344 3389 374 3443 in
392 3389 650 3443 numerisaetetnm
667 3390 898 3458 existitdirersa;
915 3408 949 3446 eo
1040 3397 1067 3450 4.
1099 3396 1206 3466 ldoysas
1235 3391 1419 3449 Pentatencbi
1448 3390 1541 3446 editor
1569 3389 1724 3461 Scriptura
1751 3389 1762 3446 l

105 3483 235 3549 tempore
248 3477 350 3532 maluit
363 3476 495 3531 indidere
509 3492 673 3544 numerum,
689 3493 723 3533 ex
737 3483 794 3550 quo
807 3479 951 3551 praescivit
1007 3483 1123 3538 Domini
1145 3488 1173 3538 et
1194 3482 1374 3537 renuntiator
1398 3481 1518 3552 originis
1540 3479 1652 3546 mundi,
1677 3494 1743 3533 cum

105 3565 298 3623 contentionis
313 3564 447 3620 abrasum
473 3565 592 3619 existere
616 3582 744 3622 nervum.
770 3568 850 3622 Nosti
872 3569 950 3624 anim
1005 3571 1072 3627 liliis
1094 3571 1153 3626 suis
1175 3571 1371 3625 consulentem
1395 3569 1555 3633 induceret,
1571 3573 1599 3622 et
1613 3572 1762 3622 testament

108 3655 295 3711 liebraeorum
309 3655 353 3709 rel
372 3654 553 3725 septuaginta
567 3655 760 3727 lnterpretum
779 3657 950 3713 discordiam
1006 3675 1072 3729 qnoe
1093 3659 1232 3714 deberent
1254 3662 1318 3728 post
1341 3657 1452 3711 obitum
1474 3655 1563 3727 patris
1585 3653 1762 3709 baereditaric

106 3761 123 3800 a
147 3743 241 3815 primo
266 3742 382 3797 homine
404 3758 495 3814 usque
517 3742 618 3797 diluvii
642 3747 757 3814 tenipus
779 3744 951 3801 incalculan·
1005 3747 1152 3819 possidere
1175 3761 1227 3817 per
1250 3745 1480 3800 benedictionem
1504 3744 1636 3808 ediceret,
1659 3742 1757 3797 taliter

106 3833 180 3888 tium
195 3830 205 3867 ²
218 3847 340 3900 summa,
363 3831 393 3886 in
408 3836 520 3887 mnium
543 3835 574 3885 nt
584 3832 668 3903 juxta
687 3833 855 3889 Hebraicum
873 3835 949 3889 sari·
1009 3837 1120 3892 Vooouit
1138 3836 1219 3890 Jacob
1241 3836 1311 3904 filios
1328 3849 1400 3899 suos,
1425 3838 1451 3888 el
1474 3835 1515 3887 ait
1536 3834 1573 3886 eis
1599 3849 1608 3885 ε
1633 3832 1762 3900 Conprepr

105 3925 194 3977 tatem
219 3921 255 3975 ab
278 3921 370 3976 Adam
394 3921 542 3993 usquead
564 3921 703 3976 diluvium
729 3922 798 3976 anni
826 3923 952 3980 sexcenti
1006 3930 1037 3980 ut
1052 3926 1210 3978 annuntiem
1224 3927 1412 3992 querentem
1434 3925 1499 3976 sunt
1521 3919 1596 3974 uoltis
1620 3919 1716 3974 debus
1734 3934 1762 3973 su

105 4010 316 4082 quinquaginta
343 4026 392 4065 sex
412 4009 606 4078 invenientur,
631 4014 659 4064 et
682 4027 698 4064 a
723 4011 831 4066 diluvio
858 4016 950 4083 iraque
1005 4018 1057 4069 mis
1074 4011 1153 4083 (Gen.
1179 4027 1252 4080 xus,
1278 4010 1314 4081 l).
1340 4011 1373 4065 Et
1395 4015 1426 4063 ut
1447 4009 1552 4062 scirent
1574 4008 1624 4078 qui
1647 4013 1716 4062 sunt
1730 4006 1762 4062 ist

105 4099 139 4155 ad
156 4099 300 4154 Abrabam
313 4098 381 4152 anni
395 4098 510 4153 ducenti
521 4099 681 4169 nonaginta
691 4098 748 4153 duo
758 4100 949 4170 reperiantur.
1006 4100 1152 4157 novissimi
1166 4100 1196 4153 in
1217 4097 1467 4155 benedictionibus
1486 4096 1566 4151 luda
1582 4095 1711 4166 apertius
1724 4111 1760 4150 ex

142 4190 167 4243 3.
184 4186 347 4243 Secundum
361 4185 549 4256 Septuaginta
568 4191 663 4241 autem
683 4186 949 4258 interpretationem
1004 4189 1046 4244 vit
1066 4205 1072 4243 :
1097 4191 1158 4246 Nou
1178 4188 1294 4253 deliciet,
1317 4186 1367 4253 ait,
1390 4188 1516 4255 princeps
1540 4185 1572 4238 de
1591 4184 1674 4249 ludo,
1690 4198 1762 4252 nequ

107 4276 142 4330 ab
155 4274 245 4330 Adam
260 4289 350 4345 nsque
361 4274 396 4328 ad
406 4274 544 4329 diluvium
556 4274 624 4329 anui
635 4275 749 4330 ducenti
760 4277 953 4349 quadraginta
970 4274 993 4329 1)
1007 4279 1040 4334 de
1061 4277 1209 4345 femoribus
1231 4277 1301 4345 eius,
1317 4275 1398 4330 donec
1412 4277 1504 4328 ueuiot
1518 4275 1567 4343 qut
1585 4270 1734 4326 mittendus
1755 4288 1762 4326 s

107 4362 164 4418 dno
186 4365 385 4418 numerantur.
409 4363 443 4417 Et
462 4378 479 4417 a
501 4362 610 4418 diluvio
635 4365 783 4435 usquead
807 4366 952 4421 Abrabam
1006 4369 1065 4437 ipse
1092 4368 1144 4420 erit
1167 4367 1332 4435 cespectetio
1359 4366 1480 4430 gentium
1507 4361 1603 4433 (ibid,
1635 4360 1692 4430 10).
1718 4359 1762 4415 Ad

106 4451 210 4506 anniT
226 4450 409 4523 septuaginta
428 4451 486 4506 duo
507 4452 682 4508 calculentur
698 4469 704 4509 :
722 4470 845 4526 quorum
860 4455 951 4510 diver-
1007 4455 1048 4510 mi
1072 4454 1266 4519 dilectissime,
1289 4458 1317 4506 et
1337 4452 1414 4505 enim
1437 4451 1517 4521 aperi
1539 4449 1730 4514 intellectum,
1753 4464 1762 4502 r

107 4542 204 4596 sitates
237 4539 333 4596 latiori
364 4542 438 4614 stylo
474 4541 623 4610 disserem,
662 4547 690 4597 et
724 4543 770 4598 cui
804 4544 952 4616 potissime
1006 4548 1098 4598 totum
1113 4541 1343 4597 orbemostende
1361 4539 1431 4594 mihi
1452 4555 1485 4593 ex
1506 4539 1584 4593 tribu
1606 4536 1762 4592 ludaduce

107 4631 195 4686 iidem
208 4628 365 4686 baberetur
379 4629 523 4698 elicerem,
537 4631 560 4686 si
574 4632 629 4687 hoc
642 4638 673 4688 ut
689 4648 855 4699 onerosum,
870 4633 910 4688 ita
924 4638 954 4689 et
1007 4648 1108 4688 unum.
1125 4628 1196 4685 Nolo
1210 4628 1252 4683 mi
1265 4628 1433 4683 frivolorum
1449 4643 1547 4682 eorum
1563 4627 1695 4697 ingerere
1709 4639 1762 4680 nter

106 4718 316 4776 infructuosum
345 4735 405 4776 non
433 4736 493 4775 essa
521 4737 732 4792 cognoscerem.
763 4722 818 4776 ilas
846 4721 951 4778 discor·
1006 4719 1123 4774 illorum
1138 4716 1349 4772 commentitias
1373 4716 1445 4770 mibi
1462 4716 1581 4787 dogmas
1601 4717 1733 4785 iugerers
1758 4723 1762 4769 l

107 4807 216 4864 dantias
232 4807 346 4863 divinus
369 4808 419 4863 illc
439 4808 562 4881 Spiritus
584 4810 793 4880 prophetarum
810 4810 888 4867 cordi
908 4810 952 4865 in·
1007 4809 1058 4880 qui
1082 4812 1202 4878 propter
1223 4806 1403 4861 occasionem
1426 4805 1513 4861 unius
1537 4804 1616 4859 verbi
1640 4806 1740 4875 longas

106 4901 201 4952 sarius
215 4897 300 4968 longe
315 4900 382 4953 ante
397 4913 579 4969 prenoscens
594 4898 686 4954 noluit
709 4898 745 4953 ab
766 4913 800 4953 eo
821 4902 953 4970 tempore
1006 4895 1117 4951 fabulas
1133 4899 1237 4949 texere.
1255 4895 1288 4949 Et
1304 4894 1373 4966 quia
1387 4898 1537 4965 nequeunt
1559 4907 1657 4962 regem
1678 4891 1709 4945 in
1725 4906 1762 4956 rer

106 4985 264 5041 nativitatis
297 4985 401 5042 Christi
431 4985 560 5041 indidere
591 5002 743 5051 summam,
774 5002 807 5041 ex
839 5003 897 5059 quo
925 4991 953 5042 et
1006 4983 1224 5039 busbominum
1240 4983 1430 5054 liquidissime
1446 4982 1523 5037 notis
1539 4980 1762 5048 invenire,nesc

108 5079 286 5131 asserentum
312 5073 447 5146 protendi
474 5074 600 5146 protexit
627 5075 798 5131 frivolorum
824 5074 951 5133 inventa.
1006 5072 1159 5145 inquirunt
1181 5070 1344 5144 principem
1368 5071 1443 5127 ultra
1467 5086 1556 5126 mare.
1579 5070 1651 5127 Cum
1676 5068 1762 5125 etsi*

142 5240 155 5267 ⁸
169 5231 230 5299 ils,
244 5232 393 5287 seutiam.
1042 5230 1051 5266 ¹
1066 5231 1096 5286 l'.
1113 5233 1142 5286 iu
1156 5232 1329 5288 calculorum.

142 5303 318 5358 maclines.
1042 5315 1058 5357 s
1072 5302 1161 5369 idem,
1177 5318 1284 5359 couore.

143 5381 154 5406 ⁰
170 5373 229 5437 lis,
244 5388 298 5427 oon
312 5371 349 5427 od
363 5372 540 5428 clinicorum.
1041 5374 1131 5441 hus,
1147 5375 1244 5442 sufficit
1256 5389 1355 5443 paruo.

143 5442 193 5496 dl.
210 5443 448 5499 stomachantium.
1043 5442 1049 5478 ¹
1066 5445 1128 5512 bis,
1142 5447 1267 5516 prom

144 5520 155 5548 ⁸
169 5512 201 5568 ld
218 5518 260 5569 est
274 5515 304 5569 iu
316 5513 399 5570 dictis
411 5515 553 5584 legalibus.
