3930 6098
623 275 728 334 steen
746 274 1067 333 secanntntonnu
1650 280 1723 345 ,stc

281 409 363 476 Intro
377 412 516 466 actionem.
838 411 861 464 Α
1149 410 1212 464 Post
1228 410 1453 466 communionem.

85 497 189 572 ¹igitur
208 497 383 553 oblationem
405 498 549 553 servitutis
566 515 636 554 rneae
657 514 743 570 qnam
768 496 820 553 tibi
911 497 986 553 Deus
1007 496 1155 551 charitatis
1178 501 1207 551 et
1231 497 1318 566 pacis,
1343 499 1393 570 qui
1413 515 1466 568 pro
1495 500 1586 554 saluta
1609 499 1724 571 generis

85 603 128 660 rgo
148 586 357 641 tuusiamulus
381 590 409 641 et
432 586 574 654 sacerdos,
603 603 656 659 pro
684 603 719 642 eo
743 586 820 658 quod
876 584 996 640 hnmani
1013 585 1105 640 crucis
1127 585 1289 656 patibulum
1311 586 1449 642 sustulisti
1474 585 1670 662 [sustinuisti],
1696 592 1725 642 et

85 675 331 746 prodignatnses
352 675 497 730 inordina
514 675 695 747 presbyterii,
723 681 755 729 ut
778 693 821 729 sa·
875 674 1045 744 sanguinem
1069 679 1151 727 nrum
1181 689 1232 742 pro
1254 674 1452 745 redemptione
1484 682 1581 730 nostra
1612 675 1721 744 indisti,

85 802 86 809 ι
112 764 170 819 tuis
198 780 230 818 ac
257 763 360 818 divinis
388 764 524 819 altaribus
553 765 736 819 deservirem.
766 766 819 820 Pro
875 777 972 833 preces
992 767 1103 815 nostras
1127 762 1254 832 placatus
1276 766 1305 816 et
1330 762 1469 834 benignus
1484 764 1606 834 suscipe,
1626 769 1653 818 et
1668 764 1722 818 mi-

85 853 112 909 lo
126 852 179 908 tibi
196 859 261 908 rota
280 868 345 907 mea
368 853 425 907 Deo
450 869 517 907 vero
542 858 571 907 et
593 853 665 919 rivo,
687 853 819 924 majesta·
875 848 1060 905 sericordiam
1074 855 1152 903 tuam
1173 849 1243 904 mibi
1259 851 1392 914 concede,
1412 856 1444 905 ut
1457 867 1523 906 cum
1545 851 1580 906 de
1603 867 1722 922 corpore

85 958 123 998 lm
139 941 306 1012 suppliciter
320 941 487 1012 implorans,
512 946 545 996 ut
568 957 656 1011 opera
681 958 820 997 manuum
876 955 921 993 me
937 939 1013 993 exire
1025 938 1155 1008 jusseris,
1173 954 1239 1009 pars
1254 937 1351 1009 iniqua
1364 940 1392 992 io
1408 955 1453 992 me
1468 955 1526 993 uon
1547 941 1651 994 habeat
1671 955 1722 1009 po·

85 1028 131 1084 ,in
146 1029 254 1100 meipso
269 1029 421 1095 custodias,
437 1035 465 1083 et
480 1029 616 1084 idoneum
631 1046 676 1084 me
689 1047 741 1101 per
759 1046 818 1084 om.
875 1032 1016 1092 testatem,
1032 1026 1080 1082 sed
1100 1026 1218 1096 angelus
1234 1030 1302 1080 tous
1326 1020 1441 1080 sanctus
1470 1027 1545 1081 inter
1563 1032 1675 1081 sanctos
1696 1028 1724 1081 et

85 1117 219 1173 iuistrum
250 1123 306 1172 tuse
338 1116 494 1173 voluntatis
517 1117 632 1173 allicias.
656 1120 709 1173 Par
740 1118 819 1175 Cbri·
875 1114 1197 1180 electostuoscollocet,
1225 1115 1338 1169 ubilux
1365 1117 1526 1187 permanet,
1550 1115 1649 1169 etrite
1674 1131 1721 1169 rs·

875 1205 1032 1276 goetl'er.

263 1293 311 1348 Ad
324 1294 526 1364 Gomptendum.
1222 1306 1284 1347 trau
1303 1306 1376 1346 sors.

85 1397 159 1438 trum
174 1385 299 1446 Ulmum,
319 1381 450 1445 D⁰ffli¹¹02
472 1382 635 1454 largitum
661 1387 819 1453 ⁸⁰m0¹1⁴0³2
912 1397 1085 1468 Suppliciter
1109 1401 1146 1463 te,
1171 1396 1298 1469 piissime
1325 1398 1408 1464 neus,
1432 1398 1516 1452 Pater
1530 1397 1722 1468 omnipotens,

85 1487 116 1525 θ’
130 1470 329 1540 deprecamur,
345 1474 378 1524 ¹¹¹
392 1470 496 1540 (iuibus
517 1470 629 1526 d⁰¹¹³³fi
653 1471 739 1541 hujus
762 1471 819 1525 mi·
877 1482 927 1557 qui
956 1501 986 1538 es
1010 1489 1121 1540 creator
1143 1485 1273 1540 omnium
1296 1501 1404 1553 rerum,
1429 1486 1579 1557 deprecor,
1604 1489 1636 1539 ut
1654 1485 1724 1540 dnm

97 1559 461 1630 ”Wifflssmessffllflessdb
478 1560 644 1631 Sfflfiaeluoe
660 1560 819 1629 tribuatfa·
875 1589 922 1628 me
936 1572 1075 1628 famulum
1101 1577 1183 1627 tuum
1205 1588 1302 1628 coram
1327 1574 1539 1646 omnipotentia
1567 1573 1724 1645 mejestatis

85 1663 118 1703 Μ·
134 1647 187 1702 Ρθῑ·
202 1646 356 1702 uminum
373 1652 513 1703 ¹¹⁰⁵l1'um·
841 1666 933 1749 Btnre
948 1661 1072 1733 graviter
1092 1661 1247 1732 deliquisse
1264 1661 1412 1724 confiteor,
1427 1677 1544 1715 manum
1566 1661 1723 1716 misericor-

319 1765 379 1806 tren
401 1766 473 1805 icis.
875 1751 930 1805 diae
944 1755 1000 1805 tuae
1013 1749 1084 1806 mibi
1099 1750 1244 1821 porrigam
1266 1754 1406 1821 quatenus
1421 1749 1489 1803 dum
1517 1749 1591 1804 banc
1605 1749 1724 1804 oblatio-

85 1853 133 1904 ne,
149 1853 257 1908 quaeso,
274 1837 459 1904 omnipotens
483 1839 567 1905 bens,
591 1838 632 1893 ita
648 1837 762 1908 justitia
776 1836 822 1892 iu·
875 1852 942 1892 nem
955 1844 1021 1892 ants
1036 1837 1195 1908 potentiam
1209 1844 1266 1893 tum
1287 1837 1445 1908 majestatis
1460 1837 1558 1906 otiero,
1576 1838 1653 1909 quod
1669 1853 1722 1892 ue-

85 1925 142 1981 ;in
165 1930 330 1981 sanctorum
356 1931 474 1981 tuorum
501 1942 613 1980 merear
632 1927 821 1981 exsultatione
876 1926 972 1994 quitor
999 1925 1111 1994 admisi,
1144 1927 1366 1982 clementissime
1396 1926 1524 1998 digneris
1562 1925 1720 1981 absolvere.

101 2019 244 2086 quatenus
271 2015 444 2069 emundatus
470 2014 507 2070 ob
531 2016 665 2071 omnibus
689 2016 823 2071 sordibus
875 2014 938 2068 Per.

85 2118 166 2166 tram,
177 2101 356 2158 consortium
367 2102 509 2172 adipiscor
519 2103 571 2158 tibi
582 2103 756 2175 placentium
778 2120 822 2158 sa·
968 2172 975 2179 ,
1106 2105 1196 2158 Lectio
1207 2104 1328 2157 inemtas
1343 2103 1489 2173 propbeta.

85 2206 133 2257 lm,
153 2205 257 2263 meque
277 2195 327 2245 tua
341 2191 569 2246 misericordiae
590 2192 666 2246 vitiis
688 2192 823 2247 omnibns
914 2190 947 2244 lu
964 2188 1066 2245 diebus
1080 2188 1217 2245 illisdlxit
1231 2190 1369 2244 ieremias
1387 2190 1542 2258 (Domina,
1558 2190 1723 2263 omnesqui

85 2323 88 2340 ‚
113 2294 200 2352 quem
224 2282 321 2334 reatus
350 2279 475 2349 proprias
498 2280 679 2336 conscientia
712 2285 821 2352 gravat.
876 2280 904 2331 te
921 2277 1137 2349 derelinquunt,
1158 2278 1384 2345 contundentur,
1407 2272 1571 2334 recedentes
1591 2295 1609 2334 a
1632 2285 1671 2345 te,
1692 2279 1723 2334 in

876 2370 952 2420 terra
982 2367 1151 2422 scribentur.
1188 2366 1328 2432 Quoniam
1367 2366 1586 2438 dereliquerunt
1620 2382 1723 2422 venam

339 2440 455 2495 Simm-
876 2469 1017 2524 aquarum
1045 2455 1202 2509 virentium
1218 2455 1385 2510 Dominum.
1416 2454 1489 2508 Sana
1513 2470 1570 2522 me,
1592 2454 1720 2521 Domina,

106 2524 321 2591 miwt'iwrdiae,
353 2526 428 2579 ⁰0⁰³
448 2524 606 2587 ⁰h⁸fitflli³s
629 2528 704 2581 ”⁹¹¹³
726 2526 821 2582 indm·
876 2541 1052 2609 etsauabor;
1071 2543 1182 2597 salvum
1202 2558 1247 2598 me
1266 2542 1311 2597 iac
1338 2548 1366 2596 et
1389 2544 1482 2597 salvus
1507 2559 1567 2608 ero,
1585 2543 1721 2614 quoniam

85 2653 90 2680 ι
112 2612 242 2685 indulte,
269 2629 377 2684 q⁰ae³⁰2
406 2618 434 2667 θῑ
456 2613 592 2668 ”limem
616 2613 687 2682 “¹⁰53
714 2614 820 2670 Sacrifl·
877 2629 937 2684 laus
952 2646 1017 2685 mea
1037 2635 1067 2684 tu
1083 2646 1123 2697 es,
1140 2631 1259 2685 bomine
1275 2631 1349 2685 Deus
1364 2646 1455 2685 meus.

85 2702 153 2774 ruod
165 2701 281 2773 pietatis
297 2705 353 2755 tuae
369 2700 469 2771 gratioe
479 2716 531 2770 pro
546 2702 668 2771 peccatis
683 2703 754 2756 meis
768 2703 821 2758 hu·

98 2786 199 2857 offero,
223 2787 347 2858 benigne
373 2788 518 2858 suscipere
541 2790 686 2861 digneris;
707 2796 735 2845 et
755 2807 821 2861 pec-

85 2891 123 2932 toe
137 2875 292 2931 libentibus
308 2876 384 2930 vitiis
398 2877 536 2944 contraxi,
553 2879 616 2948 pius
630 2885 661 2932 et
679 2879 823 2951 propitius

964 2743 1054 2798 Lectio
1072 2746 1161 2799 sancti
1170 2743 1314 2811 Evangelii
1330 2743 1476 2798 secundnm
1494 2745 1632 2798 ioannem.

911 2839 943 2894 ln
955 2839 1140 2911 illotempore
1150 2841 1221 2895 dixit
1232 2842 1312 2896 iesus
1323 2840 1470 2910 discipulis
1480 2839 1557 2894 suis:
1572 2838 1601 2894 si
1614 2850 1723 2892 mause-

85 2969 173 3020 παίω
186 2964 346 3035 indulgeas.
364 2970 393 3018 e,
406 2966 500 3019 locum
519 2966 696 3035 poennemiae
715 2983 746 3020 ac
763 2967 820 3022 ssu-
876 2926 938 2981 ritis
953 2928 984 2982 in
1004 2944 1060 2995 me,
1076 2933 1104 2982 et
1120 2928 1206 2983 rerba
1221 2944 1284 2981 mea
1298 2929 1328 2982 iu
1343 2927 1424 2982 nobis
1439 2927 1608 2990 manserint,
1627 2923 1720 2996 quod·
1747 2966 1752 2978 .

85 3068 264 3124 mmmm
281 3068 415 3107 concessa
434 3052 577 3109 veniam
595 3060 623 3108 te
640 3039 760 3110 mar
775 3071 820 3110 ac·
840 3011 861 3066 C
875 3030 988 3087 cunque
1003 3017 1151 3072 volueritis
1166 3017 1279 3089 petetis,
1300 3021 1328 3071 et
1342 3016 1391 3071 fiet
1404 3016 1494 3071 vobis.

97 3142 159 3196 pgr,
1196 3124 1282 3190 Super
1298 3121 1405 3177 Obtoto.

319 3229 458 3295 Praefatio.
911 3209 982 3279 Tibi,
997 3209 1118 3266 bomine
1134 3211 1207 3265 Deris
1228 3226 1319 3270 meos,
1346 3226 1417 3265 mere
1432 3209 1593 3265 devotionis
1614 3208 1721 3264 hostias

85 3317 103 3368 ‚t
119 3314 231 3386 justum
253 3321 305 3380 031,
338 3329 433 3383 usque,
458 3319 565 3368 aeteme
588 3315 673 3369 pens,
699 3315 731 3369 Et
765 3313 819 3368 010.
875 3299 1085 3354 immolotboc
1103 3315 1164 3368 oro,
1193 3299 1357 3372 pariterque
1376 3300 1513 3371 deprecor
1539 3298 1721 3352 clementiam

85 3417 113 3457 m
142 3408 221 3457 tuam
245 3401 394 3457 humiliter
422 3402 587 3473 implorare,
620 3407 653 3457 Ul
680 3402 820 3458 facturam
876 3391 966 3456 tuam,
991 3393 1023 3443 nt
1048 3404 1093 3442 me
1116 3389 1286 3444 &desistebunt
1312 3393 1395 3443 buum
1417 3385 1633 3442 mortificatione
1657 3383 1722 3439 Vim

85 3505 128 3546 ,012
152 3490 303 3561 despicias,
330 3491 437 3545 neceb
463 3490 589 3555 inimici,
608 3491 739 3546 tribulari
759 3507 822 3564 per.
875 3477 997 3531 carnalis
1012 3476 1144 3532 ellectum
1169 3477 1199 3531 iu
1222 3478 1338 3531 odorem
1363 3477 1510 3531 suavitatis
1534 3475 1666 3544 accipias,
1693 3478 1723 3526 st

108 3579 171 3637 Scio
199 3579 276 3635 euim
301 3595 346 3633 me
370 3579 494 3650 graviter
518 3580 682 3652 deliquisse,
714 3596 821 3653 praece.
875 3564 1003 3617 moribus
1030 3564 1135 3635 quibus
1153 3564 1290 3634 professio
1315 3581 1379 3620 mea
1407 3565 1550 3637 congruit,
1576 3563 1719 3618 instituas.

85 3667 107 3724 ᾗ,
131 3667 251 3724 minime
271 3667 410 3723 obedisse,
432 3668 497 3724 1d00
523 3669 673 3724 humique,-
691 3670 821 3736 obsecro,
876 3652 913 3706 Ut
927 3666 1012 3723 quern
1028 3659 1132 3707 sauctae
1148 3652 1378 3725 compunctionis
1391 3654 1494 3709 ardore
1515 3652 1550 3707 ab
1571 3651 1720 3706 bominum

85 3761 200 3823 atnam,
222 3756 352 3825 Domine,
370 3756 441 3811 mibi
466 3775 580 3829 semper
602 3758 820 3813 consolatricem
875 3746 1045 3794 caestfflfflm
1068 3742 1214 3813 Pf⁰ll⁰³i¹⁰
1237 3742 1390 3813 Sessfeiifflr
1420 3741 1506 3796 eliam
1532 3757 1549 3794 ⁸
1573 3755 1720 3795 ⁰⁰⁰⁹0l2fl·

85 3861 118 3915 μ’
135 3851 165 3901 οι
185 3845 410 3900 miserjcofdiam
431 3851 510 3900 quam
538 3847 653 3917 regibus
676 3846 820 3902 factricem
874 3828 951 3883 tione
965 3829 1082 3896 carnali,
1097 3835 1184 3901 atque
1207 3830 1244 3884 ab
1259 3829 1445 3884 immunditia
1460 3835 1576 3884 actuum
1593 3835 1722 3882 terreno·

85 3933 342 4005 ¹,angmposw
365 3935 502 4006 pigmen,
523 3941 603 3990 quam
630 3951 775 4005 magnam,
792 3939 823 3991 ut
876 3931 950 3978 rum,
968 3916 1062 3971 inlusa
1085 3916 1157 3972 mibi
1185 3918 1296 3973 coelitus
1325 3917 1485 3983 sanctitate,
1513 3916 1667 3992 discerpas,
1691 3920 1723 3969 ut

85 4021 189 4077 imittas
212 4027 323 4094 pecata,
348 4022 417 4095 qnia
438 4025 502 4095 ptus
526 4023 601 4079 valet
624 4023 823 4080 misericordia
876 4005 974 4058 ⁰m¹¹i³
987 4010 1102 4060 ²⁰ff0¹¹³
1117 4006 1282 4076 d0⁸lli⁰5³mr
1301 4005 1426 4061 ⁰oe¹⁰⁵²i⁸
1442 4009 1587 4077 ‘limeum-
1606 4006 1666 4058 ''⁸¹'-

85 4111 267 4182 erigsndum,
284 4126 372 4182 quam
382 4112 493 4167 fallacia
508 4112 617 4168 inimici
632 4112 668 4167 ad
679 4113 822 4184 decipieo-
1225 4115 1366 4179 Praelotio.

86 4198 219 4255 liserere
247 4200 313 4264 mei,
345 4199 473 4266 bomine,
502 4201 659 4255 secundum
686 4216 821 4272 magnam
914 4200 944 4254 b.
965 4203 994 4253 et
1008 4200 1120 4268 justum
1145 4203 1312 4269 estusque,
1335 4203 1441 4254 aeterne
1470 4198 1555 4253 Deus.
1580 4196 1633 4263 Qui
1653 4210 1720 4269 pro·

85 4286 199 4342 ordiam
214 4293 304 4355 tuam,
317 4294 351 4344 ut
364 4289 440 4343 unde
454 4288 601 4355 erubesco,
617 4293 648 4343 tu
660 4289 821 4360 indulgeas,
841 4302 971 4362 pecuare
986 4287 1136 4343 hominum
1151 4288 1242 4343 iactus
1257 4288 1287 4342 in
1300 4287 1519 4343 similitudinem
1534 4285 1628 4341 carnis
1652 4300 1722 4356 pec·

85 4391 130 4431 nas
153 4376 272 4448 gessisse
292 4393 339 4432 me
359 4377 476 4449 penitet
498 4379 656 4433 clementer
677 4377 820 4448 ignoscas.
876 4374 942 4443 cati,
958 4375 1080 4430 turmam
1095 4376 1317 4433 serviliominus
1336 4376 1501 4446 assumpsit,
1517 4379 1547 4430 et
1573 4375 1603 4429 io
1627 4374 1721 4445 specie

876 4461 1030 4526 vulnerati,
1045 4462 1172 4518 medicus
1192 4465 1359 4519 ambulavit.
1381 4465 1429 4519 His
1444 4463 1527 4518 uobis
1542 4463 1679 4519 [lominus
1695 4467 1723 4518 st

276 4553 358 4619 Intro
378 4555 517 4609 actionem.
626 4566 629 4571 ·
877 4551 1009 4605 minister
1022 4550 1132 4619 salutis,
1145 4551 1298 4607 advocatus
1313 4557 1343 4606 et
1353 4551 1451 4622 judex,
1471 4552 1603 4606 sacerdos
1627 4556 1656 4606 et
1677 4567 1722 4605 sa·

85 4657 88 4692 ι
110 4639 198 4708 igitur
225 4638 410 4703 oblationem,
434 4657 523 4712 quam
541 4643 594 4697 tibi
612 4642 701 4697 aliero
716 4641 821 4714 egota-
875 4638 1025 4693 crillciam.
1050 4639 1103 4693 Per
1121 4638 1199 4694 bunc
1222 4644 1261 4707 te,
1284 4641 1403 4696 Domine
1424 4646 1521 4695 sancte
1542 4641 1636 4706 Pater,
1651 4655 1720 4711 sup·

85 4730 162 4794 tuus,
175 4732 217 4792 lu,
235 4728 458 4784 clementissime
474 4732 567 4794 Pater,
592 4729 719 4785 libenter
743 4731 821 4784 esci·
876 4727 989 4798 pliciter
1011 4743 1106 4790 exoro,
1128 4733 1161 4783 nt
1176 4727 1244 4782 dum
1266 4733 1376 4782 reatum
1389 4727 1571 4783 conscientiae
1588 4743 1659 4782 meae
1674 4744 1720 4783 re·

85 4816 421 4888 sprscoreorationesque
430 4818 668 4890 measdignanter
677 4819 819 4888 intendes,
876 4831 1029 4886 cognosco,
1041 4815 1116 4886 qnod
1129 4815 1158 4869 iu
1169 4817 1317 4887 praeceptis
1326 4816 1383 4870 tuis
1396 4816 1596 4887 prevaricator
1615 4815 1719 4881 exstiti,

85 4901 174 4956 dones
192 4903 287 4957 cordis
303 4905 359 4959 mei
377 4905 601 4962 misericorditer
616 4907 739 4975 aulaeas,
763 4908 822 4978 pla·
876 4911 904 4957 et
918 4919 970 4974 per
984 4903 1151 4958 delictorum
1172 4903 1280 4957 lacinus
1299 4905 1395 4959 corrui
1412 4907 1440 4958 iu
1454 4903 1578 4958 ruinam.
1600 4904 1641 4956 Τιι
1662 4919 1719 4969 me,

103 4995 166 5044 nota
204 4990 351 5061 suscipias,
378 4993 471 5048 libens
503 4994 644 5049 desideria
666 4995 820 5065 compleas,
877 4992 1007 5060 Domine,
1024 4992 1110 5063 erige,
1126 5007 1212 5063 quem
1229 4993 1325 5063 lapsus
1339 4992 1447 5064 peccati
1469 4990 1636 5063 prostravit;
1654 4991 1720 5045 itto-

84 5082 228 5149 speccata
250 5078 386 5147 dimittas,
405 5081 528 5137 crimina
551 5083 693 5154 benignus
708 5082 820 5138 abster-
876 5082 954 5134 mina
969 5097 1085 5148 caecum,
1102 5097 1187 5152 quem
1204 5086 1287 5136 terras
1303 5087 1485 5152 peccatorum
1509 5079 1645 5150 caligines
1669 5080 1720 5134 ob·

85 5165 165 5236 >gella
180 5166 323 5237 propitius
340 5169 474 5235 redimas,
500 5171 652 5241 languores
667 5170 820 5226 miseratus
874 5174 1074 5236 moraverunt,
1091 5171 1167 5224 solve
1185 5169 1393 5239 compeditum,
1411 5185 1497 5240 quern
1516 5168 1631 5223 vincula
1653 5183 1720 5238 pee-

85 5270 117 5320 rs,
137 5255 320 5312 serenissimo
346 5259 426 5312 vultu
455 5259 644 5330 petitionibus
678 5260 750 5315 meis
773 5277 819 5316 ac·
874 5262 1002 5312 catorum
1016 5258 1226 5329 constringunt.
1241 5259 1408 5329 Praestaper
1422 5253 1551 5311 sanetum
1571 5261 1599 5310 et
1613 5256 1719 5327 glorio·

85 5343 147 5410 des,
164 5344 286 5421 gratiam
303 5350 382 5401 tuam
399 5346 471 5403 mihi
483 5347 684 5420 multipliciter
702 5364 819 5420 augeas,
874 5363 937 5402 sum
952 5351 982 5401 et
996 5346 1175 5402 adorandum
1192 5346 1345 5402 Dominum
1368 5354 1499 5400 nostrum
1519 5347 1615 5400 lesum
1639 5343 1719 5400 Chri·

87 5431 241 5488 ricordiem
256 5438 335 5488 tuam
353 5435 560 5491 incessabiliter
584 5436 725 5508 largieris,
751 5439 822 5494 dies·
873 5440 959 5503 stum,
980 5434 1085 5490 Filium
1108 5440 1202 5501 tunm,
1219 5450 1305 5507 quem
1332 5434 1449 5489 laudant
1480 5433 1584 5503 angeli,
1600 5433 1721 5488 adorant

873 5523 1093 5588 dominationes,
1110 5527 1238 5578 tremunt
1251 5525 1414 5593 potestates.
1731 5524 1733 5528 “
