3930 6098
55 220 98 273 idi
650 211 754 270 LIBER
768 212 816 269 DE
834 210 1042 269 nativitate
1056 209 1210 270 obarsit.
1758 225 1808 280 tou

54 362 181 420 namque
194 346 225 402 in
251 344 364 402 Christo
393 342 570 415 conjunctas,
586 346 619 399 ul
637 342 667 398 in
696 358 753 398 una
778 341 941 413 personna
960 344 1020 396 inm
1037 345 1082 397 est
1093 340 1278 409 sacrificinm,
1295 343 1432 415 quoniam
1449 346 1499 418 qui
1515 352 1600 403 natus
1623 354 1675 420 est,
1691 355 1808 425 aperuit

54 440 298 507 utraquenatura
325 450 406 488 sunm
436 432 582 504 possideat
608 432 837 499 distinctionem
864 431 904 486 sic
956 430 1081 486 vulvam.
1101 431 1318 505 »Quidstupes
1347 434 1477 490 salsitatis
1507 442 1724 497 commentum?
1742 445 1807 501 Non

53 525 116 580 inlii
131 524 331 596 interreliqua
347 539 354 590 ;
373 544 383 572 ι
407 524 561 594 Propterea
574 538 643 593 argo
667 520 826 577 necessaria
844 520 905 576 lda-
959 535 1096 575 mucrone
1111 521 1290 589 stimulatus,
1306 523 1355 577 sed
1379 523 1556 581 validissimo
1572 529 1630 583 ielo
1654 546 1808 599 percussus

54 614 106 683 ria,
123 618 206 669 ulex
234 614 298 685 ipsa
323 628 429 684 eorpus
452 618 621 678 assumeret,
638 616 666 666 et
695 616 726 665 ut
751 625 835 665 suom
851 625 905 680 pro
958 625 1004 676 es;
1020 609 1148 665 oblatum
1164 614 1207 665 ost
1229 610 1413 678 sacrificium,
1438 629 1495 668 non
1510 616 1586 670 vales
1610 633 1733 691 negare;
1750 638 1808 692 qua

54 702 137 757 nobis
158 701 459 773 corpusolierrel;el
483 699 558 754 hanc
583 699 670 756 isaias
699 696 905 770 prophetizans
958 699 993 754 de
1009 702 1077 753 reet
1090 702 1220 769 aperiam
1239 699 1354 755 vulvam
1366 702 1477 772 cogeris
1503 705 1646 762 confiteri.
1679 708 1759 774 Quod
1783 710 1807 765 si

54 790 192 858 ostendit,
208 789 415 846 dicenstsscce
426 789 523 859 Virgo.
538 787 652 844 Gabriel
667 792 764 842 autem
780 785 907 841 mittitur
958 786 1073 859 aperuit
1095 788 1220 852 vulvam,
1250 793 1335 843 uatus
1363 793 1407 844 esi
1430 807 1483 862 per
1515 797 1647 850 naturam
1678 798 1808 854 mulieris

54 881 89 936 ad
104 881 201 952 ipsam
216 895 277 936 non
288 877 455 935 transitorie
470 877 624 949 virginem,
639 876 689 933 sed
703 876 738 932 ad
762 875 904 947 virginem
959 875 1159 948 sanguineam.
1171 878 1342 932 veternosus
1354 879 1456 951 anguis
1470 895 1528 952 quo
1543 885 1685 939 convertis
1695 887 1806 943 aciem?

54 970 261 1042 desponsatam
293 968 366 1036 siro,
395 972 428 1023 nt
455 982 563 1039 sponso
595 965 758 1021 ostenderet
789 963 906 1020 linriarn
960 981 1017 1036 quo
1031 965 1173 1020 lubricum
1189 969 1286 1037 captas
1300 971 1388 1038 capot
1402 968 1566 1039 objectare?
1592 975 1636 1027 lin
1651 973 1807 1031 adhucco-

54 1075 121 1115 sero
136 1058 288 1114 bominem
302 1057 402 1113 inisse.
428 1058 461 1112 Et
481 1061 582 1127 partus
597 1054 731 1110 meminit
747 1053 906 1125 Scriptura,
960 1054 1039 1108 naris
1052 1053 1084 1109 in
1098 1055 1203 1110 vulnus
1231 1060 1260 1111 et
1287 1055 1418 1112 insibilas
1433 1072 1482 1113 ore
1498 1059 1632 1129 trisulco;
1656 1061 1680 1117 si
1695 1064 1809 1132 aperuit

55 1153 83 1205 ei
97 1149 207 1204 dicitur
223 1164 230 1202 ε
246 1145 368 1203 insolvit
390 1160 524 1218 puerum.
546 1144 578 1199 Et
596 1157 603 1200 :
632 1145 718 1199 Beata
738 1146 804 1197 sunt
819 1142 909 1197 bbere
960 1143 1086 1210 vulvam,
1097 1143 1247 1216 corrupit?
1261 1144 1315 1200 Sed
1340 1162 1373 1200 os
1386 1147 1555 1217 pestiferum
1583 1149 1664 1206 obice
1681 1151 1809 1207 Danieli-

55 1255 120 1319 quae
145 1237 233 1293 suxit.
254 1237 299 1304 Et,
324 1236 453 1291 oblatum
481 1237 524 1288 est
551 1231 734 1300 sacrificium,
770 1230 907 1303 quoniam
962 1230 1018 1286 lico
1027 1230 1087 1302 jam
1099 1246 1176 1286 nunc
1191 1231 1348 1303 oppiletur,
1360 1237 1391 1288 ui
1403 1250 1573 1305 squamosus
1589 1237 1675 1294 draco
1685 1254 1811 1311 perpar-

57 1326 240 1400 aperuitqui
268 1330 352 1381 natus
378 1323 561 1380 estvulvam.
592 1323 657 1378 llaec
684 1326 782 1376 autern
811 1319 910 1375 omnia
961 1324 1003 1376 tes
1032 1321 1167 1391 disjectus
1189 1326 1279 1377 cesset
1309 1321 1476 1379 dementare
1505 1325 1696 1384 Chaldaeos«
1725 1329 1812 1385 isaias

56 1416 248 1488 parturientis
259 1414 380 1486 virginis
400 1417 481 1469 erant
496 1411 614 1478 indicia,
640 1415 669 1466 et
683 1409 796 1466 Gabriel
810 1408 909 1464 certis-
962 1409 1104 1480 propheta
1120 1399 1222 1465 2'Ecce
1250 1409 1361 1481 Virgo:
1392 1417 1420 1466 et
1458 1413 1569 1470 Gabriel
1593 1416 1719 1472 mittitur
1753 1433 1813 1473 non

56 1507 130 1561 sime
145 1504 356 1576 evangelizavit
370 1503 430 1575 ipse
446 1503 543 1559 dicens
560 1517 619 1556 nou
633 1499 806 1566 transitorie,
831 1497 910 1569 qood
962 1498 1126 1554 transitorie
1148 1499 1184 1553 ad
1204 1498 1356 1570 uirginem,
1374 1501 1423 1556 scd
1438 1501 1474 1557 ad
1495 1502 1637 1576 virginem
1658 1506 1813 1578 desponsa-

57 1599 226 1650 nasceretur
240 1609 274 1647 ex
289 1598 334 1660 te;
353 1595 457 1647 utnon
474 1591 509 1646 de
522 1589 592 1644 ioris
610 1587 735 1644 luditum
755 1587 783 1642 ei
806 1602 910 1657 eorpus
964 1591 1023 1641 tam
1036 1586 1107 1654 siro,
1127 1606 1138 1636 ι
1160 1592 1189 1643 et
1204 1592 1281 1658 post,
1295 1593 1421 1659 partum,
1437 1596 1513 1661 posi,
1529 1592 1812 1666 involutionempar-

58 1683 218 1752 videretur,
232 1680 292 1748 sed,
311 1696 345 1735 ex
372 1684 414 1747 te3
433 1683 465 1734 ut
477 1695 511 1733 ex
541 1678 611 1748 ipsa,
637 1676 807 1731 naturaliter
830 1647 944 1746 quodB
964 1674 1036 1743 virli,
1063 1680 1129 1746 post
1143 1676 1338 1742 laetationem,
1361 1685 1428 1749 post
1437 1679 1577 1746 oblatum,
1592 1682 1730 1753 quoniam
1746 1700 1812 1755 ape·

57 1775 160 1825 natum
180 1774 235 1836 est,
255 1785 318 1824 esse
345 1768 495 1822 manifeste
517 1766 664 1832 credatur;
682 1765 712 1819 in
739 1765 793 1820 boc
806 1770 910 1819 natura
964 1763 1022 1818 ruit
1031 1763 1081 1834 qui
1094 1769 1178 1818 natus
1194 1768 1236 1819 esi
1249 1765 1374 1831 vulvam,
1390 1766 1536 1822 inclamat.
1557 1771 1624 1825 lloec
1637 1769 1811 1843 omniapar·

58 1861 287 1926 demonstrante,
299 1858 367 1931 quia
379 1857 557 1930 impossibile
573 1854 768 1926 estvirginem
785 1855 828 1909 lac
842 1870 910 1925 pro·
964 1851 1097 1906 turieniis
1106 1851 1225 1924 virginis
1241 1859 1322 1907 eranl
1339 1853 1452 1909 indicia.
1472 1856 1546 1926 Ergo
1556 1857 1636 1927 virgo
1651 1859 1737 1928 parit,
1754 1876 1811 1915 uon

57 1951 144 2017 ierre,
163 1956 192 2004 et
206 1947 383 2020 impossibiie
393 1953 436 2002 est
447 1947 518 2001 lacte
529 1944 633 2001 nutriri
648 1960 751 2017 corpus
766 1948 794 1999 et
807 1941 910 2015 pennis
964 1941 1167 2012 corrumpitur,
1186 1942 1291 2012 virgini
1306 1943 1390 1998 matri
1406 1959 1524 1999 nascens
1540 1946 1614 2000 Deus
1628 1947 1742 2018 aperuit
1754 1950 1813 2004 rul-

58 2039 167 2097 inrolvi
182 2054 242 2094 non
258 2042 324 2092 aute
340 2036 509 2092 naturaliter
521 2041 632 2090 natum.
650 2055 664 2086 s
963 2046 1039 2098 sam,
1055 2046 1108 2085 nec
1123 2030 1238 2086 violavit
1250 2032 1526 2104 pudorisffsigillum.

94 2128 273 2184 orthodoxae
298 2124 364 2180 lidei
387 2123 644 2189 constantissimus,
666 2137 752 2194 quern
773 2120 911 2176 Dominus
1002 2120 1058 2174 Nee
1073 2119 1108 2174 ad
1123 2119 1184 2174 baec
1203 2119 1324 2175 forsitan
1350 2123 1465 2191 penitus
1489 2122 1680 2194 conquiescis,
1696 2126 1745 2180 sed
1762 2144 1812 2182 aar·

58 2216 241 2290 posueraliu
267 2215 410 2269 civitatem
428 2213 582 2281 munitam,
598 2210 628 2265 in
644 2226 761 2266 murum
785 2225 909 2276 aenenm,
966 2208 1015 2263 des
1031 2224 1130 2264 rursus
1145 2210 1320 2265 confractam
1341 2210 1542 2282 concisamque
1560 2213 1590 2267 in
1606 2212 1679 2267 ictus
1695 2230 1813 2271 manum

60 2313 88 2361 et
104 2307 136 2361 in
151 2308 319 2361 columnam
342 2302 465 2358 ferream
481 2302 596 2373 regibus
623 2300 715 2367 luda,
731 2299 911 2371 principibus
965 2298 1060 2354 moliri
1079 2317 1085 2354 t
1103 2299 1161 2354 Deo
1179 2299 1326 2355 nascituro
1344 2299 1418 2355 nibil
1444 2300 1500 2355 iuit
1520 2300 1660 2370 clausum,
1689 2300 1739 2356 sed
1764 2317 1812 2354 vo·

60 2398 122 2468 ejus
137 2400 169 2450 et
183 2393 265 2449 omni
286 2392 393 2465 populo
414 2395 510 2454 terrae,
538 2406 598 2445 non
624 2389 706 2444 aliter
721 2389 756 2443 de
787 2387 911 2460 Virginis
964 2387 1060 2442 lunias
1075 2391 1106 2441 ut
1119 2387 1228 2443 exstitit
1242 2388 1389 2459 nascendi,
1407 2388 1500 2443 allinit
1513 2404 1577 2445 mox
1600 2405 1742 2461 egressus,
1760 2406 1813 2445 uec

60 2491 145 2558 partu
162 2487 211 2538 ant
236 2482 343 2537 sentire
371 2480 474 2552 potuit,
492 2483 541 2535 aut
559 2477 650 2545 ellari,
677 2493 764 2549 quum
780 2477 869 2532 sentit
883 2481 912 2532 ei
965 2492 1061 2531 moras
1074 2493 1177 2547 passus
1192 2482 1234 2531 est
1248 2477 1416 2541 nativitatis,
1432 2477 1478 2533 cui
1494 2478 1556 2531 siue
1572 2494 1709 2550 processu
1724 2481 1814 2535 iaetus

59 2573 200 2646 praedicat
222 2571 356 2637 Ecclesia,
382 2585 447 2642 quae
479 2574 522 2624 est
545 2568 647 2623 domus
672 2567 811 2623 aedificata
826 2584 912 2638 super
966 2572 1008 2620 est
1022 2571 1110 2620 ortus.
1127 2566 1161 2621 Et
1174 2565 1249 2621 banc
1267 2565 1398 2638 pertidia.
1416 2566 1590 2622 calumniam
1606 2566 1647 2622 sic
1668 2568 1750 2624 elidit
1764 2569 1813 2624 de·

60 2662 267 2718 solidissimam
292 2664 414 2732 petram,
430 2658 565 2714 columna
588 2662 616 2712 et
638 2657 853 2713 firmamentum
866 2672 913 2711 ve-
965 2654 1062 2710 iensor
1081 2653 1157 2720 fidei,
1184 2670 1314 2726 nonque
1340 2655 1498 2711 Divinitaiis
1522 2656 1660 2729 subroget
1678 2658 1814 2729 potentia

60 2751 169 2818 ritatis;
191 2748 411 2821 propterquod
434 2762 500 2802 cnm
524 2749 674 2801 enumeret
698 2746 781 2818 plura
806 2746 913 2818 quibus
966 2744 1135 2816 quidquam,
1151 2744 1201 2800 sed
1217 2760 1274 2816 quo
1290 2745 1426 2800 humanae
1449 2746 1607 2802 nativitatis
1625 2747 1736 2803 bomini
1757 2748 1815 2802 ileo

59 2840 204 2912 approbet
218 2838 401 2893 incarnatum
420 2839 520 2891 natum
536 2835 682 2891 Christum
697 2835 869 2906 devirgine,
881 2838 913 2890 ut
965 2836 1141 2888 contestetur
1156 2832 1322 2900 veritaiam3
1349 2837 1381 2889 ui
1395 2850 1429 2889 ex
1453 2834 1524 2906 ipsa,
1548 2833 1718 2891 naturaliter
1734 2836 1813 2908 quod

59 2931 145 2985 etiam
168 2942 274 2983 novam
288 2925 413 2996 depellat
428 2922 570 2992 baeresim,
587 2922 694 2978 dicitur
708 2923 845 2995 quoniam
861 2923 911 2995 qui
927 2949 948 3006 C
966 2925 1132 2990 nummosi,
1150 2937 1211 2977 esse
1226 2922 1377 2978 manifeste
1391 2923 1533 2979 credatur.
1557 2925 1649 2996 igitur
1672 2927 1814 2981 naturali·

60 3019 202 3071 natusest
218 3012 332 3084 aperuit
352 3012 476 3067 vulvam.
503 3011 637 3083 llancque
652 3026 726 3066 verre
755 3010 911 3066 contessio·
966 3014 1010 3065 ter
1025 3014 1125 3065 natum
1141 3026 1200 3066 esse
1221 3012 1312 3067 Deum
1327 3011 1479 3067 bominem
1495 3012 1601 3068 factum
1616 3014 1765 3084 predicat,
1782 3022 1815 3070 ut

59 3105 104 3160 nis
123 3103 288 3160 doctrinam
301 3100 406 3172 [magis
431 3116 463 3155 ac
489 3100 582 3172 magis
608 3099 764 3166 inculcans,
792 3098 911 3153 interius
966 3115 1017 3170 per
1041 3104 1150 3154 natura
1169 3100 1283 3155 vulsum
1305 3099 1426 3155 humani
1449 3102 1627 3172 partualege
1642 3104 1813 3173 processisse

61 3193 211 3249 annectit:
231 3211 246 3242 a
260 3189 435 3262 impossibile
450 3194 526 3245 essct
547 3188 688 3260 virginem
710 3188 753 3243 lae
772 3187 910 3259 prolerre,
966 3203 1131 3261 cognoscas.
1146 3188 1214 3244 lude
1237 3203 1351 3260 quoque
1366 3188 1448 3243 docel
1462 3189 1538 3244 haud
1562 3189 1645 3244 aliter
1667 3191 1813 3261 Virginem

61 3291 89 3339 et
103 3281 285 3355 impossibile
309 3283 383 3334 esset
407 3278 480 3333 laete
508 3277 612 3332 nutriri
628 3293 742 3348 eorpus,
768 3281 796 3332 et
809 3277 912 3348 pannis
967 3276 1028 3348 lege
1041 3282 1153 3332 naturae
1169 3277 1297 3347 potuisse
1315 3277 1358 3331 lac
1385 3277 1522 3348 prolerre,
1539 3278 1584 3332 vel
1610 3278 1682 3333 lacte
1703 3280 1814 3335 nutrire

60 3371 181 3440 involvi,
197 3386 258 3425 non
277 3373 343 3423 ante
359 3367 527 3422 naturaiiter
541 3370 651 3422 natum.
667 3387 681 3416 »
699 3365 772 3433 Quid
788 3365 912 3438 amplius
966 3381 1089 3438 eorpus;
1104 3365 1149 3421 vel
1161 3370 1372 3438 consequenter
1385 3366 1489 3437 pannis
1504 3365 1649 3423 involvere
1664 3384 1724 3424 non
1748 3374 1814 3424 ante

61 3461 157 3527 vultis,
174 3474 257 3514 norae
271 3462 299 3512 et
313 3455 451 3512 inaudita
465 3454 619 3528 praeteritis
634 3455 744 3510 saeculis
758 3455 910 3523 haereseos,
966 3457 1136 3512 naturaliter
1157 3461 1269 3511 natum.

61 3551 104 3604 sel
119 3547 321 3615 auctores,vel
342 3545 528 3602 defensores?
550 3546 589 3600 lin
604 3544 735 3600 consistit
760 3544 910 3599 adversum
1003 3546 1076 3619 Ergo
1106 3544 1300 3613 omnifariam,
1325 3544 1491 3601 adversario
1513 3544 1634 3614 devicto,
1666 3532 1815 3604 teneamus

62 3654 189 3695 cuneum
205 3640 333 3691 vestrum
357 3634 531 3691 Athanasius
557 3634 617 3701 ille,
634 3650 693 3705 quo
720 3632 788 3688 olim
812 3638 913 3688 contra
968 3650 1032 3690 vera
1048 3635 1113 3696 lide,
1127 3634 1318 3689 conliteamur
1332 3651 1382 3690 ora
1398 3634 1533 3703 veridico,
1549 3635 1673 3690 Verbum
1699 3652 1813 3693 caruem

63 3726 216 3797 perfidiam
229 3725 366 3780 Arianam
384 3723 540 3779 dimicavit.
558 3723 610 3778 lllo
635 3721 790 3777 certamine
806 3720 912 3777 divini·
966 3723 1072 3778 iactum
1099 3737 1153 3793 per
1173 3722 1365 3777 ministerium
1381 3723 1474 3778 vulvae
1502 3724 1674 3780 naturaliter
1703 3731 1813 3794 natum,

63 3820 151 3871 tatem
169 3812 255 3868 Verbi
272 3811 411 3882 defendit,
432 3812 487 3868 boc
501 3827 594 3883 agone
615 3810 913 3882 humanitatemsspro·
967 3811 1125 3867 secundum
1139 3810 1260 3865 rationis
1274 3811 1521 3882 consequentiam,
1536 3816 1566 3867 et
1592 3813 1751 3869 secundum
1775 3817 1816 3869 di·

64 3908 184 3976 pugnat.
201 3904 282 3958 Tune
296 3901 461 3971 {nativitatis
483 3917 548 3974 qum
564 3905 608 3956 est
631 3900 666 3955 de
690 3900 774 3955 Palre
800 3899 913 3954 veritali
967 3900 1099 3956 ulnarum
1114 3898 1279 3955 testimonia
1298 3898 1522 3970 scripturarum,
1538 3905 1566 3953 et
1580 3901 1739 3956 secundum
1764 3903 1814 3957 do-

65 3991 326 4058 ooutradicebatnr,
342 4006 419 4045 nttnc
433 3989 592 4045 nativitatis
615 4004 679 4060 quae
695 3993 738 4043 est
761 3987 797 4042 de
822 3992 913 4044 matre
968 3995 1078 4045 ctorem
1092 4005 1150 4044 non
1158 3989 1398 4043 contemnendam
1413 3987 1630 4044 auctoritatem:
1645 3989 1713 4043 satis
1726 3990 1817 4045 abun·

66 4081 176 4136 veritati
193 4080 346 4136 resistitur.
368 4079 467 4134 llostes
494 4077 536 4134 illi
557 4077 750 4149 confligebant
765 4091 824 4131 uon
852 4093 913 4132 esse
968 4078 1071 4150 deque,
1088 4084 1119 4134 ut
1131 4078 1252 4146 estimo,
1268 4081 1461 4132 monstratum
1476 4081 1529 4145 est,
1545 4078 1700 4132 [lominum
1719 4078 1815 4135 Salva·

67 4176 165 4225 natum
182 4169 288 4225 Filium
314 4168 349 4224 de
377 4166 534 4224 substantia
564 4165 664 4233 Patris,
682 4166 730 4221 sed
758 4181 792 4221 ex
821 4166 912 4222 nihilo
968 4172 1058 4224 torem
1085 4169 1120 4223 de
1148 4167 1264 4238 Virgine
1288 4165 1363 4221 siout
1388 4165 1537 4222 bominem
1559 4171 1670 4234 natum,
1699 4183 1759 4223 non
1784 4173 1817 4225 ut

67 4260 186 4326 iactum,
200 4257 248 4313 isti
263 4259 435 4329 oppugnant
452 4272 510 4312 non
524 4255 695 4311 naturaliter
719 4259 816 4309 ortum
832 4254 914 4311 Chri·
929 4253 951 4307 ll
970 4255 1165 4327 integritatem
1180 4255 1308 4317 violaret,
1322 4254 1372 4308 illa
1386 4254 1527 4320 nativitas,
1540 4256 1608 4327 quia
1634 4255 1720 4311 illaria
1735 4257 1817 4329 virgo

68 4352 142 4402 stum
160 4347 197 4402 de
220 4345 320 4401 matris
340 4351 435 4414 utero,
456 4345 506 4401 sed
533 4343 730 4417 prodigialiter
753 4349 914 4416 exceptum.
971 4345 1245 4416 initantepartum,
1275 4343 1356 4414 virgo
1383 4343 1414 4399 iu
1443 4349 1540 4414 partu,
1571 4345 1652 4416 virgo
1669 4348 1817 4403 mansitat

69 4435 179 4508 Ubique
195 4435 305 4491 Christo
318 4435 534 4504 contradicitur,
551 4432 657 4505 ubique
669 4430 769 4487 mundi
785 4432 917 4489 liberatio
971 4438 1036 4506 post
1049 4439 1175 4505 partum.
1187 4432 1242 4489 Sed
1259 4436 1289 4487 nt
1299 4432 1393 4504 quide
1408 4433 1518 4504 virgine
1533 4449 1637 4504 corpus
1650 4436 1815 4508 assumpsit,

69 4525 288 4580 maledictorum
311 4524 420 4596 linguis
448 4523 612 4595 injuriatur,
641 4521 691 4578 aed
719 4527 918 4592 propugnator
972 4528 1000 4578 et
1027 4523 1102 4578 intra
1126 4522 1269 4593 gremium
1294 4521 1435 4592 virginale
1458 4522 1613 4585 concrevit,
1645 4538 1697 4593 per
1720 4525 1816 4582 aulam

69 4615 169 4670 doctus
189 4613 315 4681 vincere,
342 4613 471 4668 nesciens
486 4613 597 4678 cedere,
614 4626 672 4666 non
700 4609 736 4665 de
764 4626 794 4664 se
821 4615 917 4666 mmen
972 4626 1086 4684 quoque
1117 4609 1275 4681 virgineam
1300 4610 1472 4666 naturaliter
1495 4617 1670 4667 nasceretur.
1693 4612 1819 4679 Quodsi

70 4718 260 4774 praesumens,
275 4702 324 4757 sed
340 4700 447 4773 iu2ipso
461 4717 515 4773 pro
536 4717 593 4773 quo
618 4701 729 4771 pugnat
758 4698 916 4769 confidens,
972 4699 1058 4754 alicui
1072 4699 1126 4754 ista
1140 4714 1199 4753 non
1215 4697 1391 4766 suffecerint,
1417 4699 1460 4752 vel
1486 4699 1619 4754 tarditate
1648 4718 1758 4771 sensus,
1774 4707 1818 4761 vel

69 4793 196 4859 accedat,
210 4795 240 4848 et
254 4796 398 4847 catervam
411 4788 705 4862 superbiatumidam,
718 4786 842 4843 sanitate
853 4788 917 4845 sub·
972 4787 1185 4844 contradicendi
1205 4787 1311 4857 studio,
1333 4803 1392 4842 uon
1416 4786 1508 4843 deerit
1527 4789 1604 4844 unde
1619 4790 1733 4862 utrique
1749 4793 1818 4849 sub·

70 4884 176 4949 nixam,
192 4880 322 4937 raritatis
341 4895 478 4935 mucrone
491 4878 632 4934 concidat.
971 4877 1112 4933 veniatur.
1126 4875 1259 4946 Silamen
1275 4880 1303 4931 et
1315 4876 1419 4932 vulnus
1429 4876 1543 4949 aperire
1552 4894 1637 4934 suum
1652 4881 1818 4948 maluerint,

103 4973 256 5042 intorques
274 4984 342 5041 pars
356 4967 475 5022 adversa
497 4968 599 5038 telum,
614 4972 643 5023 et
654 4968 746 5039 jactas
762 4984 769 5023 :
799 4968 862 5023 Non
876 4972 917 5023 est
973 4970 1001 5023 et
1014 4965 1207 5022 contentionis
1222 4966 1379 5037 perniciem
1392 4982 1450 5021 non
1474 4981 1583 5022 amare.
1608 4967 1740 5023 Lusimns
1758 4969 1821 5025 bteo

70 5065 150 5116 natus
167 5060 243 5114 Deus
258 5072 311 5130 per
324 5060 459 5112 naturam
474 5056 614 5112 mulieris.
630 5055 757 5128 Opponit
770 5056 838 5112 lidei
853 5072 916 5111 scu·
972 5056 1006 5111 de
1021 5071 1102 5111 more
1117 5054 1293 5110 studentium
1310 5071 1316 5110 :
1334 5071 1400 5126 quas
1414 5053 1443 5127 ssi
1462 5054 1527 5125 quis
1545 5059 1721 5122 contemnet,
1737 5070 1819 5112 exer-

71 5153 128 5203 tum
142 5148 186 5203 vir
201 5146 309 5213 lidelis,
323 5149 355 5201 et
373 5145 460 5201 relart
473 5144 603 5218 gladium
617 5143 698 5200 verbi
723 5143 782 5201 liei.
798 5163 813 5197 a
828 5145 917 5201 Obla-
973 5145 1041 5201 cilia
1053 5144 1136 5200 nobis
1151 5148 1249 5200 nostra
1267 5143 1498 5218 complacebunt.
