3930 6098
110 223 178 276 tlte
724 225 834 285 EPIST.
854 228 1097 290 sustentauit
1118 228 1245 288 reru.
1789 228 1857 284 ¹¹4⁸

108 355 243 426 laqueum
268 355 396 412 incurrat
419 357 533 415 Averni.
552 357 627 413 Certi
641 358 728 433 cuim
751 374 815 415 esse
826 360 953 431 potestis
971 360 1068 417 Aimo
1083 360 1229 416 multoties
1256 360 1425 431 deprecatus
1448 362 1500 425 est,
1526 362 1557 412 ut
1578 361 1699 429 propter
1727 373 1857 415 amorem

107 444 176 515 quia
190 445 214 498 si
232 449 330 499 nostra
344 447 438 516 culpa,
455 451 504 500 aut
524 447 621 518 aliqua
641 464 715 502 rana
736 447 842 503 fidncia
868 450 954 503 modo
1011 450 1135 515 Domini,
1152 449 1207 503 ista
1229 449 1308 503 robis
1325 447 1566 519 significaremus,
1585 447 1736 517 modisque
1760 446 1858 503 omni·

107 533 253 597 erraverit,
282 534 355 589 illud
378 534 547 604 implebitur
570 536 772 607 propheticum
795 539 955 604 sauguinem
1009 537 1063 591 bus
1085 538 1310 604 consuleremus,
1336 553 1373 592 ne
1402 553 1436 592 ex
1458 541 1551 590 vestra
1578 541 1669 606 parte,
1694 534 1737 589 rel
1764 540 1858 590 restra

106 623 195 690 ipsius
216 622 345 677 &mauu
358 628 405 678 tue
419 626 560 693 requiram
576 625 685 694 (Erech.
703 626 754 692 ru).
778 625 833 680 ista
847 641 954 698 qnippe
1009 626 1070 680 riva
1086 642 1155 681 voce
1168 626 1276 697 aliquid
1296 627 1352 679 tale
1375 626 1483 692 audiat,
1501 624 1577 679 unde
1592 642 1609 678 a
1623 640 1674 678 sua
1691 623 1782 678 salute
1807 639 1857 679 va·

107 711 173 765 ideo
212 713 372 777 scribimus,
404 713 471 784 quia
502 714 668 768 valtharum
707 715 799 769 nostri
834 714 954 769 senioris
1009 715 1093 769 cillef.
1110 715 1299 785 Aptinsenim
1311 713 1531 768 nobisceruitnr
1544 712 1676 767 simulari
1691 710 1857 775 infirmitas.

107 800 223 854 fidelem
254 801 339 855 hodie
372 802 537 873 excepimus
566 803 600 857 dc
630 803 736 875 palatio
764 807 952 870 remeantem,
1009 820 1095 874 quam
1117 809 1148 857 ut
1173 807 1363 875 preparatam
1390 819 1404 855 a
1433 803 1489 857 fleo
1515 801 1689 857 medicinam
1720 801 1859 870 langueas

108 887 158 958 qui
180 889 264 943 nobis
288 890 454 960 praedictam
471 891 707 946 deliberationem
730 891 761 947 iu
777 892 900 947 euclide
920 907 955 946 cx
1009 892 1173 947 stomachus
1197 891 1316 962 rejiciat.
1338 892 1413 946 Bene
1429 907 1478 945 vos
1496 890 1590 945 valere
1615 894 1760 961 optamus,
1785 887 1858 944 dile·

108 983 189 1046 parte
209 978 299 1031 nostri
316 978 447 1046 senioris,
463 979 502 1033 ila
516 985 549 1034 ut
571 980 768 1050 prediximus,
788 979 953 1046 affirmarit,
1008 980 1133 1036 ctissime
1149 982 1240 1036 Pater.

509 1230 743 1304 EPISTULA
771 1230 988 1305 atusnnM
1016 1231 1081 1305 AD
1111 1232 1363 1307 NICOLAUM
1392 1232 1463 1307 ΡΡ.

109 1382 204 1442 Mittit
214 1383 432 1463 professionem
447 1404 544 1458 suoru,
582 1404 622 1447 uu
630 1404 768 1466 purgans
781 1405 812 1446 se
826 1384 862 1446 de
883 1405 974 1447 causo
988 1385 1138 1459 Lotbort'i,
1154 1388 1343 1468 acquiescere
1356 1405 1387 1446 se
1399 1394 1489 1466 utque
1508 1386 1632 1467 obsequi
1642 1384 1724 1447 docet
1738 1386 1859 1446 statutis

429 1484 448 1525 a
457 1405 602 1546 pontt'ptqce
616 1466 646 1526 iu
659 1465 772 1547 syuodo
786 1465 940 1544 Romnum·
952 1466 1080 1548 proinde
1092 1468 1211 1528 venium
1225 1477 1254 1527 et
1266 1485 1371 1547 pacem
1387 1466 1538 1557 implorat.

751 1595 839 1660 (Auud
855 1596 949 1658 blansi,
965 1596 1054 1656 conc„
1069 1600 1134 1647 tom.
1147 1595 1215 1661 XV.)
1232 1624 1235 1629 Δ

144 1846 354 1902 Gloriosissimo
380 1845 522 1901 uominici
542 1846 638 1918 gregis
661 1846 767 1919 pastori
790 1846 909 1903 domino
928 1852 957 1903 et
975 1851 996 1905 B
1012 1849 1107 1904 fautor
1121 1849 1267 1918 vitiorum,
1283 1849 1313 1904 in
1328 1855 1483 1920 conspectu
1507 1852 1606 1903 vestrae
1631 1847 1860 1903 mansuetudinis

108 1935 273 1990 beatissimo
307 1936 437 2003 Nicoma,
476 1951 590 1989 summo
614 1940 644 1990 et
677 1935 830 1990 universali
862 1952 955 2008 papae,
1011 1936 1174 1992 diffamatus
1197 1940 1297 2004 existo,
1315 1938 1338 1992 si
1362 1953 1565 2008 noncorpure,
1589 1942 1685 1992 mente
1707 1935 1860 1992 tamenad

107 2024 275 2090 furnarius,
292 2024 408 2078 humilis
422 2025 590 2079 Metensinm
606 2025 681 2079 aedis
703 2025 863 2097 episcopus,
880 2018 972 2080 nuuc'
1012 2032 1104 2081 vestra
1125 2043 1205 2083 sacra
1229 2027 1349 2099 vestigia
1370 2028 1548 2098 provolutus,
1564 2025 1714 2081 humiliter
1737 2030 1803 2096 peto
1828 2029 1860 2080 ut

108 2118 137 2165 et
151 2112 182 2166 iu
196 2117 336 2167 aeternum
352 2112 457 2167 valere.
1011 2117 1201 2171 excusationis
1225 2132 1295 2172 mere
1320 2132 1428 2183 causas,
1457 2116 1537 2169 nullo
1558 2113 1702 2171 mendacii
1725 2114 1789 2169 fuco
1807 2113 1860 2169 ob·

145 2200 272 2256 Christus
297 2201 434 2256 [turstinus
459 2203 533 2257 nens
555 2201 666 2273 proprii
687 2202 838 2273 sanguinis
860 2203 956 2274 pretio
1012 2204 1165 2271 nubilatus,
1189 2210 1318 2275 paternis
1333 2205 1446 2276 pietatis
1467 2205 1569 2259 affectu
1592 2203 1719 2273 recipere
1745 2218 1802 2258 nou
1816 2202 1862 2258 de·

109 2289 249 2361 acquisito
282 2290 364 2361 gregi
396 2291 479 2345 solita
515 2289 622 2362 pietate
656 2292 844 2361 prospiciens,
879 2292 958 2346 robis
1012 2292 1183 2362 dignemini,
1213 2310 1284 2365 quas
1313 2293 1492 2365 capitulatim
1525 2291 1730 2348 misericordia
1758 2296 1861 2347 vestrae

109 2379 215 2432 summi
230 2379 381 2433 sacerdotii
397 2379 521 2433 contulit
535 2378 705 2450 dignitatem
719 2395 725 2434 :
740 2380 786 2434 cui
800 2380 876 2434 inter
889 2381 957 2450 plu·
1012 2381 1139 2452 pandere
1154 2380 1261 2436 studui.

110 2468 184 2523 rime
198 2467 391 2538 spiritualium
407 2468 546 2523 virtutum
565 2475 746 2535 ornaments,
763 2469 867 2540 quibus
889 2484 958 2524 san·
1433 2470 1444 2524 1

111 2562 186 2611 ctam
212 2561 334 2610 matrem
357 2556 510 2612 Ecclesiam
538 2557 703 2611 inimitabili
726 2559 875 2613 sanctitate
890 2573 958 2612 con·
1046 2575 1078 2629 τῃ
1120 2575 1249 2644 catalogo
1301 2575 1481 2629 sacerdotum
1526 2587 1709 2643 nequaquam
1753 2567 1861 2640 recipio

111 2645 260 2713 dewfafisst
286 2660 365 2700 Sam
385 2646 472 2700 eliam
499 2646 600 2716 Ρῖῑῦθ83
622 2647 798 2701 θῦθῑθῑὶῐθῑῑὸ
822 2647 958 2717 d⁰ftffl⁸l⁸
1010 2662 1251 2734 theutgualdum,
1267 2663 1413 2736 quondam
1431 2661 1688 2732 archiepiscopum,
1705 2659 1756 2731 qui
1769 2660 1882 2731 depo-.

111 2732 219 2787 ”ffatim
244 2732 801 2804 r³³³l¹¹⁴³¹1d<³¹¹¹²(11¹⁰Chfi⁸²i¹²¹¹fll³¹0b³s
819 2733 958 2788 eslim&
1011 2751 1125 2806 sitiuuis
1146 2767 1206 2806 sure
1229 2751 1402 2807 sententiam
1427 2750 1537 2804 avobis
1558 2750 1700 2821 prolatam
1723 2748 1862 2803 hactenus

110 2820 184 2875 simu
201 2822 272 2876 tanti
287 2821 379 2875 Patris
401 2821 532 2892 exemplo
546 2822 667 2876 feliciter
686 2822 807 2884 imbuta,
823 2823 958 2877 vitiorum
1012 2840 1154 2909 patienia·
1176 2840 1281 2905 ferens,
1303 2839 1384 2910 jum
1397 2837 1609 2909 precedentem
1623 2836 1862 2891 comuegudingm

111 2913 241 2964 monstra
261 2909 396 2976 devitare,
420 2916 449 2964 et
468 2911 625 2965 auxiliante
640 2911 697 2965 Deo
721 2916 830 2965 reterns
852 2911 959 2981 poterit
1012 2926 1085 2981 nihil
1108 2929 1227 2982 omnino
1252 2928 1286 2982 gg
1314 2942 1394 2981 ,acro
1417 2926 1577 2980 ministerio
1602 2925 1769 2995 contingere
1786 2935 1861 2994 pm.

110 2999 230 3068 Ilm-'⁰¹5³
258 2999 510 3071 0⁰¹¹¹Pl⁶h⁰¹¹d³f⁰2
546 2999 606 3054 iffl⁰
640 2999 822 3054 0⁰⁰¹⁰⁸l⁸⁵¹i⁰i
850 2999 959 3055 ⁰fdi¹¹i⁸
1013 3016 1152 3086 sumpsit:
1169 3015 1218 3069 sed
1240 3014 1321 3086 quasi
1347 3013 1516 3068 mitissimus
1539 3013 1591 3078 vir,
1609 3012 1767 3066 incantare
1789 3025 1861 3081 pro-

111 3087 260 3157 discipliua
286 3088 387 3142 restris
401 3088 580 3159 temporibus
596 3088 769 3143 inviolabilis
779 3104 956 3156 permanere.
1013 3104 1076 3175 prio
1097 3119 1230 3158 sermone
1250 3105 1373 3176 tapsum,
1388 3108 1475 3173 arque
1498 3102 1616 3156 apertu,
1636 3097 1863 3172 pertinacissima

112 3176 192 3231 ΗΜΘ
205 3192 269 3231 ¹¹¹⁰ss
282 3177 406 3248 l)arlitas
420 3193 578 3248 ⁰¹¹¹¹¹⁰³<l¹¹e
592 3177 689 3231 divina
704 3177 873 3248 dissfllstiffllss
887 3177 959 3233 mihi
1014 3192 1205 3247 obstinatione
1225 3193 1377 3263 deceptum
1392 3191 1512 3246 fatetur:
1529 3196 1558 3244 et
1575 3205 1628 3259 per
1649 3185 1820 3242 humilitatis
1834 3189 1864 3241 οῖ

111 3265 220 3327 crediti·
237 3265 436 3337 fflfll‘ipfiflioef
458 3267 681 3337 ⁰⁰¹¹ss⁸⁰d⁰¹¹l⁶⁸s
717 3282 835 3337 magnai
862 3266 959 3321 ⁰mssi·
1014 3280 1186 3335 obediontia
1221 3280 1297 3336 viam
1325 3279 1471 3346 incedens,
1497 3294 1513 3332 a
1535 3283 1628 3332 vestra
1656 3276 1704 3349 pia
1730 3274 1862 3348 largitate

109 3353 223 3425 potenti
240 3356 296 3409 fleo
310 3354 417 3426 gratias
437 3354 600 3423 referimus,
624 3354 734 3409 devotis
755 3353 888 3426 precibus
903 3355 957 3409 im·
1013 3370 1109 3425 logum
1126 3369 1329 3424 sammoni,
1342 3369 1534 3441 praegiopgtur,

112 3443 267 3514 plorantes,
295 3450 326 3498 ut
353 3445 428 3499 Dens
454 3442 638 3515 omnipotens
662 3442 748 3498 vestri
776 3443 960 3514 pontificatus
1426 3476 1450 3530 fl

111 3531 221 3601 apicem
245 3531 293 3585 din
307 3531 481 3587 incolumem
501 3532 645 3587 custodire
660 3531 806 3604 dignetur,
829 3532 865 3587 ad
889 3548 960 3587 con·

112 3619 283 3675 solationem
304 3626 408 3675 sanctie
429 3636 489 3675 sure
512 3621 654 3690 Ecclesia,
673 3621 863 3692 omniumque
883 3620 959 3677 nuc-

112 3708 184 3762 linm
210 3709 384 3763 animarum.
409 3709 522 3780 Quippe
545 3725 610 3764 cum
625 3710 701 3763 inter
715 3710 885 3765 saevissimas
907 3725 958 3779 pe-

112 3812 253 3864 ganorum
287 3813 449 3868 pressuras,
487 3797 730 3869 densissimasque
758 3813 959 3870 perversorum

112 3884 339 3941 Christianorum
363 3886 523 3941 simultates
546 3901 762 3957 occuparemur,
786 3890 815 3941 et
837 3902 888 3958 per
910 3902 959 3941 ca-

112 3975 172 4045 pita
199 3974 369 4030 humilitatis
400 3981 504 4031 nostrie
534 3975 674 4030 Douriuici
706 3974 789 4030 ovilis
818 3974 958 4030 sollicitu-

111 4062 210 4118 diuem
241 4078 342 4135 gerere
370 4068 546 4134 optaremus,
582 4064 694 4119 decreta
729 4063 960 4119 excellentissimi
1421 4043 1459 4098 ¹¹¹

112 4152 286 4222 apostolatus
301 4152 385 4207 vestri
407 4152 490 4208 nobis
510 4153 618 4208 directa
640 4156 717 4207 sunt.
743 4151 836 4224 Super
855 4151 959 4223 quibus
1049 4151 1170 4207 Causam
1207 4150 1329 4222 piissimi
1365 4149 1441 4221 regis
1478 4147 1615 4214 lotharii,
1645 4147 1676 4201 in
1708 4143 1865 4217 prasentia

113 4255 250 4310 respousa
273 4240 407 4312 dignitati¹
429 4241 586 4313 majestatis
605 4246 705 4297 vestras
728 4241 959 4297 festinantissime
1013 4246 1173 4296 vestrorum
1201 4241 1374 4309 legatorum,
1404 4237 1517 4310 praefati
1546 4235 1692 4308 quondam
1727 4233 1864 4306 primates

111 4343 228 4383 currens
249 4329 471 4400 presentialiter
490 4329 558 4384 dare
581 4329 644 4384 rire
666 4344 736 4383 voce
754 4328 958 4397 desiderarem,
1015 4331 1214 4398 Eccleuarnm,
1244 4343 1310 4383 cum
1342 4327 1406 4382 eliis
1437 4324 1669 4397 archiepiscopis,
1704 4336 1865 4394 eorumque

112 4415 167 4470 nisi
193 4416 320 4486 longaeva
346 4419 477 4471 senectus
509 4430 556 4472 me
584 4414 736 4487 gravidum
762 4415 904 4482 redderet,
929 4420 959 4471 et
976 4442 999 4496 ὓ
1014 4417 1200 4490 coepiscopis,
1215 4417 1250 4472 de
1264 4415 1377 4472 duabus
1392 4415 1529 4471 uxoribus
1543 4415 1681 4469 innostra
1695 4410 1866 4468 nrbercuti-

111 4503 280 4560 iudeficiens
304 4504 431 4576 corporis
452 4504 591 4576 agritudo
615 4503 781 4576 frequenter
804 4509 890 4576 atque
909 4503 958 4559 in·
1013 4505 1116 4573 lantes,
1132 4511 1162 4560 et
1176 4505 1360 4576 magistratus
1373 4503 1465 4559 nostri
1480 4502 1673 4574 principatum
1690 4500 1864 4570 obtinentes,

112 4592 229 4664 opinate
244 4593 377 4665 spiritum
392 4592 525 4649 exhalare
539 4596 664 4664 cogeret.
679 4592 812 4662 liugnam
826 4591 915 4661 euim,
931 4595 961 4647 et
1013 4594 1081 4667 quid
1097 4594 1133 4649 de
1151 4594 1212 4665 jam
1238 4593 1306 4648 dicti
1331 4592 1421 4647 nostri
1436 4590 1575 4663 principis
1589 4592 1708 4663 querela
1732 4592 1865 4645 decrero·

112 4681 195 4752 qnasi
214 4682 301 4736 totius
318 4681 413 4737 meriti
428 4682 565 4754 gaudium
589 4680 751 4735 obtinerem
766 4679 790 4734 si
806 4680 841 4734 ad
856 4680 960 4736 limina
1012 4683 1082 4751 rint,
1098 4687 1221 4738 vestram
1233 4697 1292 4736 nou
1314 4682 1384 4736 latet
1398 4680 1588 4735 sanctitatem.
1607 4681 1665 4751 Ego
1680 4678 1779 4749 igitur,
1795 4681 1866 4733 teste

1049 3582 1240 3639 Guntharinm
1266 3582 1413 3654 quondam
1438 3581 1510 3637 sacri
1531 3578 1632 3651 palatii
1655 3577 1864 3649 archicapella-

1013 3689 1084 3727 num
1099 3673 1129 3727 iu
1145 3672 1346 3743 episcoporum
1362 3687 1483 3727 numero
1495 3685 1553 3725 nou
1569 3668 1703 3740 suspicio,
1717 3682 1813 3738 neque
1824 3665 1863 3736 ei,

1014 3763 1057 3816 vel
1073 3761 1235 3816 fautoribus
1254 3761 1313 3815 suis
1327 3759 1539 3814 communicare
1549 3772 1704 3828 presumo,
1725 3755 1864 3827 quoniam

1013 3850 1101 3904 vetito
1117 3865 1185 3904 usus
1205 3853 1249 3905 est
1263 3848 1369 3916 officio,
1394 3852 1423 3904 et
1445 3845 1630 3918 apostolicam
1655 3843 1864 3915 floccipendere

1014 3937 1338 3995 excommunicationem
1354 3951 1413 3992 non
1423 3934 1536 3991 metuit.

112 4770 320 4840 apostolorum,
345 4775 526 4842 vestramque
540 4768 760 4825 desiderabilem
776 4771 806 4823 et
825 4768 959 4839 praeemi·
1012 4773 1071 4827 fleo
1085 4786 1149 4826 cum
1167 4770 1278 4842 angelis
1299 4775 1327 4825 et
1341 4769 1531 4842 archangelis,
1557 4768 1711 4823 arbitratus
1725 4782 1790 4823 sum
1812 4781 1864 4837 pe·

111 4858 311 4913 acutissimam
337 4858 530 4930 praesentiam,
565 4858 668 4913 virium
703 4855 884 4913 imbecillitas
912 4875 959 4914 me
1013 4860 1082 4915 riter
1101 4875 1170 4914 vera
1196 4874 1322 4924 manere,
1338 4875 1401 4929 quac
1417 4859 1609 4930 plurimorum
1634 4854 1785 4910 consulum
1801 4853 1866 4910 asti·

111 4944 153 4999 ire
174 4945 290 5001 sineret.
307 4946 360 5002 Sed
382 4946 451 5018 quia
467 4945 613 5018 podagrici
637 4946 759 5013 dolores,
781 4950 810 4999 et
830 4947 958 5003 veterani
1012 4948 1162 5020 pulatione
1189 4947 1361 5004 effabantur.
1394 4949 1505 5003 Interea
1540 4943 1760 4999 decernentibus
1795 4947 1866 4999 tunc

111 5033 169 5088 mci
198 5039 275 5089 artus
306 5039 403 5106 optata
426 5035 579 5107 denegant,
611 5033 804 5106 omnipotenti
831 5034 900 5097 Deo,
930 5041 958 5093 et
1012 5038 1151 5109 temporis
1161 5036 1338 5108 praescriptis
1349 5035 1579 5108 archiepiscopis,
1597 5047 1757 5105 corumque
1771 5030 1866 5104 coepi·

111 5127 207 5177 sancto
231 5124 326 5189 Petro,
343 5130 430 5195 atquc
449 5123 668 5195 incomparabili
682 5124 841 5181 clementia
857 5129 958 5181 vestras
1013 5127 1116 5197 scopis,
1132 5126 1210 5180 solus
1228 5141 1291 5197 ego,
1317 5125 1475 5196 quiessem
1502 5120 1613 5178 meritis
1637 5126 1665 5175 et
1682 5119 1864 5176 ordinatione

111 5210 317 5281 magnitudini,
335 5227 406 5266 mea
423 5211 570 5283 parvitatis
592 5211 781 5283 girantitatem
796 5214 957 5283 committo,
1012 5214 1194 5281 novissimus,
1211 5215 1260 5286 qui
1287 5213 1491 5286 magistrorum
1511 5209 1729 5265 auctoritatibus
1742 5214 1772 5263 et
1785 5208 1863 5280 judi-

112 5298 161 5371 qui
178 5299 253 5353 vices
279 5299 328 5353 Dei
347 5299 459 5366 tenetis,
487 5303 516 5354 et
538 5299 567 5352 in
592 5299 828 5357 reverendissima
851 5301 958 5357 summi
1012 5303 1062 5358 ciis
1078 5303 1346 5359 resisterem‘lfltne
1357 5302 1430 5356 forte
1445 5300 1473 5355 in
1483 5300 1580 5372 aliquo
1593 5305 1694 5355 contra
1704 5299 1863 5354 decretum.

114 5387 252 5458 principis
275 5388 410 5443 cathedra
432 5403 515 5442 rurus
537 5389 682 5458 apostolus
696 5389 835 5459 residetis,
862 5396 891 5445 nt
915 5406 959 5446 ve·
1013 5391 1115 5448 Leonis
1136 5409 1220 5463 papae
1245 5390 1418 5445 offenderem
1448 5388 1576 5456 verebar,
1602 5387 1652 5460 qui
1671 5387 1754 5443 titulo
1777 5385 1866 5443 saia

112 5475 178 5529 stris
196 5475 294 5530 fovear
322 5475 517 5532 solaminibus.
537 5475 567 5531 Si
595 5475 672 5531 enim
699 5476 848 5549 fallaciter,
876 5480 959 5552 qnasi
1011 5480 1128 5536 scribit:
1147 5480 1242 5552 Igitur
1256 5480 1415 5536 secuudum
1430 5482 1596 5534 sanctornm
1612 5479 1728 5533 Patrum
1742 5490 1866 5534 muoues
