3930 6098
160 249 208 304 sal

845 247 977 303 ALVARI
997 246 1235 304 conuueansts

1862 244 1910 298 5³2

161 386 231 438 sunt
243 382 314 455 legis
328 379 511 437 caeremonias
526 379 682 450 implevere
702 380 773 449 (Act.
788 384 855 446 xri),
875 384 906 434 ut
920 378 1005 435 saluti
1024 380 1132 447 Alam,
1148 385 1176 435 et
1189 379 1381 450 injucundum
1395 378 1541 433 internum
1558 393 1574 432 :·
1587 377 1664 432 unde
1678 380 1707 432 et
1723 375 1848 431 tradidit
1861 392 1911 430 nos

162 472 291 545 gentium
306 485 358 541 per
375 469 450 524 hanc
472 468 715 539 dispensationem
731 469 813 523 lieret
828 471 1009 540 consultum;

161 548 399 632 parvipendentes
407 559 550 628 privatum
561 557 745 628 dispendium
753 557 783 613 in
794 558 1009 628 comparatione

161 649 248 706 totius
263 646 374 714 mundi,
388 647 435 701 cui
449 663 481 701 er
495 646 549 702 hoc
563 646 734 701 imminebat
758 647 928 702 remedium.
953 648 1010 702 Nec

162 736 198 791 ad
221 735 300 790 idola
325 735 445 790 colenda
466 734 586 804 inflexi,
612 735 660 789 sed
686 735 721 789 ad
745 735 932 790 caerernonias
961 736 1011 791 nai

161 822 219 878 vivi
239 825 315 889 sunt,
339 821 406 876 licet
422 821 482 891 jam
499 821 548 876 illo
565 828 695 892 tempore
722 820 852 888 abolitas,
869 823 1009 878 conversi.

199 913 242 964 tl.
273 910 322 964 llre
347 910 531 964 auctoritates
558 910 614 963 alio
643 909 673 963 in
699 914 829 980 tempore
864 916 931 965 sunt
958 912 1012 966 tre·

162 998 346 1068 quentandae,
364 1013 416 1051 nec
430 997 460 1051 in
479 997 644 1068 principali,
666 1003 698 1052 ut
712 998 846 1061 diximus,
863 999 930 1054 fidei
946 1016 1010 1053 san-

163 1092 215 1141 ctae
230 1087 309 1141 cultu
324 1088 448 1152 utendae,
464 1086 514 1141 sed
528 1087 737 1157 subsequenter
756 1088 786 1141 in
804 1088 893 1143 salute
909 1104 1011 1158 corpu-

163 1175 204 1231 ris
228 1180 256 1230 et
275 1175 427 1230 hominum
455 1175 563 1246 absque
589 1176 762 1230 detrimento
789 1176 854 1230 lidei
883 1192 1012 1247 compro-

164 1265 276 1320 bandae.
302 1264 481 1318 Mendacium
510 1280 576 1318 veru
603 1269 632 1318 et
659 1264 873 1319 simulationum
898 1267 1013 1336 penitus

163 1352 330 1424 fugiendam
352 1352 382 1406 in
402 1369 432 1408 re
452 1351 559 1418 divina,
581 1353 748 1408 auctoritate
773 1358 882 1407 saerata
904 1355 1013 1408 Eleaza-

164 1457 213 1497 rus
227 1441 258 1495 in
279 1441 351 1495 libro
371 1441 495 1495 secundo
517 1441 742 1496 hlachabreornrn
768 1442 949 1496 luminositer
962 1443 1012 1497 do·

165 1536 210 1584 cet
232 1546 239 1584 :
264 1528 313 1600 qui
341 1527 377 1582 ab
401 1529 500 1583 amicis
524 1530 697 1596 admonitus,
726 1535 757 1583 ut
779 1536 889 1585 secretu
914 1547 1013 1585 earnes

1063 468 1204 521 Dominus
1227 468 1277 539 qui
1289 467 1433 539 justitiam
1448 467 1555 536 diligit,
1573 471 1602 521 et
1616 466 1697 537 cnjus
1711 467 1807 520 vultus
1826 464 1911 535 esqui-

1064 560 1151 611 tatem
1178 556 1307 610 decernit
1329 556 1414 625 (Psul.
1439 555 1479 626 ιι),
1502 555 1557 627 ipsi
1580 555 1679 610 bestia
1702 553 1909 609 conrodendos.

1065 645 1217 700 Suscitavit
1240 645 1318 699 enim
1341 660 1427 711 satior
1448 661 1500 697 nos
1514 644 1609 714 ipsum
1626 644 1708 714 quasi
1722 643 1841 714 proprie
1857 658 1912 696 ma·

1064 733 1213 799 ledictum‚
1232 734 1283 805 qui
1302 749 1418 786 ornnem
1437 731 1657 787 t'lrristianilatis
1672 732 1808 803 gradum,
1826 737 1854 785 et
1868 737 1910 785 to·

1065 821 1122 876 tius
1149 822 1278 877 Ecclesia
1304 826 1411 875 statum
1441 820 1574 875 contrivit
1598 836 1605 874 :
1630 836 1740 891 nosque
1764 820 1862 889 digne,
1886 823 1912 873 et

1062 909 1149 980 juste,
1173 910 1288 977 merito,
1311 915 1474 965 terratenus
1496 908 1665 981 cooequavit.
1682 910 1752 963 Nam
1767 908 1838 963 darm
1855 925 1912 962 ma·

1066 998 1185 1052 ladicere
1205 999 1304 1053 leviter
1324 1003 1435 1053 sanctos
1457 999 1506 1053 bei
1527 1000 1623 1052 nostra
1644 1013 1703 1051 nun
1725 997 1824 1051 timuit
1848 997 1911 1050 levi·

1066 1091 1120 1154 tas,
1137 1092 1166 1142 et
1179 1088 1364 1143 maledictum
1379 1087 1542 1153 defendere,
1563 1086 1623 1140 imo
1649 1086 1778 1155 quotidie
1799 1086 1914 1158 publico

1066 1191 1198 1230 sermone
1226 1177 1341 1230 laudare
1371 1175 1401 1230 in
1430 1176 1552 1229 Ecclesia
1585 1191 1617 1229 cr
1650 1175 1824 1245 praecellenti
1854 1176 1915 1229 loco

1066 1271 1164 1319 nostra
1192 1265 1306 1320 conavit
1334 1265 1495 1331 temeritas,
1526 1264 1603 1319 illico
1629 1263 1711 1334 quasi
1739 1279 1773 1317 ex
1801 1262 1916 1317 interno

1066 1355 1239 1424 productum
1270 1355 1365 1424 ipsum
1392 1368 1480 1425 quem
1508 1352 1693 1424 praeconabili
1723 1368 1791 1406 voce
1820 1351 1917 1406 delen-

1067 1442 1173 1508 dendo,
1190 1443 1271 1514 quasi
1292 1443 1479 1509 laudavimus,
1502 1445 1596 1496 erecto
1613 1441 1643 1494 in
1665 1440 1744 1510 apice
1762 1456 1849 1511 super
1866 1456 1917 1494 nos

1064 1530 1142 1601 justo
1165 1531 1215 1585 [tei
1236 1530 1343 1601 judicio
1367 1530 1523 1595 doluimus,
1546 1545 1633 1602 quem
1655 1545 1713 1582 non
1734 1529 1846 1595 mitem,
1868 1528 1916 1583 sed

165 1619 234 1673 alias
250 1622 354 1689 praeter
374 1617 581 1685 immolatitias,
601 1618 644 1672 vel
658 1618 756 1672 suillas
772 1619 880 1686 ederet,
895 1618 1012 1672 simula·
1067 1619 1211 1674 crudelem
1234 1626 1262 1674 et
1277 1620 1385 1687 dirum,
1400 1625 1485 1690 atque
1497 1618 1632 1689 jugulum
1648 1617 1677 1671 in
1698 1618 1804 1672 nostris
1822 1617 1916 1671 cersi·

164 1713 267 1778 retqne
294 1723 324 1760 se
351 1708 511 1778 prohibitas
539 1708 697 1775 comedere,
728 1724 797 1779 quas
825 1724 874 1762 rer
905 1708 1012 1779 impius

165 1796 241 1850 vesci
256 1795 395 1850 instanter
410 1796 539 1867 urgebat,
557 1802 588 1850 ut
607 1802 636 1850 et
658 1802 781 1850 mortem
806 1797 948 1864 evaderet,
976 1798 1014 1851 le-

167 1885 268 1956 gisque
284 1901 341 1939 non
355 1884 558 1955 praevaricaret
572 1885 733 1950 decretum,
759 1885 926 1939 simulatum
948 1902 1014 1940 con-

166 1972 283 2043 tempsit
306 1972 466 2039 deludium,
492 1978 524 2027 ut
543 1974 724 2043 propalatum
744 1982 756 2008 ⁸
778 1975 932 2029 sustineret
955 1979 1012 2028 tro·

167 2077 274 2132 pesum,
295 2063 433 2116 secuturis
454 2061 565 2116 saecrrlis
587 2063 700 2116 virtutis
724 2067 782 2116 tuae
804 2079 856 2134 per
874 2064 930 2117 hoc
948 2063 1015 2117 insi·

168 2166 260 2204 nuans
289 2150 477 2221 exemplabile
509 2151 726 2205 documentum.
756 2153 816 2208 Non
844 2154 914 2206 enim
938 2154 1015 2207 aetati

167 2244 266 2294 nostra
291 2239 403 2306 dignum
428 2243 476 2306 est,
501 2239 606 2309 inquit,
630 2243 739 2307 fingere,
765 2241 897 2295 etmulti
921 2241 1014 2295 adole·

168 2329 282 2382 societati
307 2328 472 2382 arbitrantes
499 2328 664 2383 Eleazarum
698 2332 850 2396 nonaginta
881 2345 1014 2385 antimum

170 2418 300 2470 transisse
314 2415 352 2469 ad
364 2418 450 2470 uitam
465 2415 689 2484 alienigenarum,
705 2420 730 2469 et
745 2419 801 2485 ipsi
808 2422 921 2485 propter
928 2433 1015 2472 meam

169 2504 381 2571 simulationem,
405 2508 430 2558 et
452 2509 565 2574 propter
588 2505 723 2558 modicum
745 2505 932 2574 sumptibilis
952 2509 1015 2560 uitae

171 2594 274 2658 tempus
293 2591 478 2660 decipiantur,
500 2596 525 2645 et
543 2607 594 2661 per
613 2593 660 2646 hoc
680 2592 814 2646 maculam
837 2596 919 2661 atque
939 2608 1014 2648 euse-

170 2679 317 2731 crutionem
343 2693 407 2732 meae
437 2681 578 2734 senectutis
611 2682 779 2749 conquiram.
809 2682 879 2736 Num
907 2683 958 2735 etsi
986 2684 1015 2735 in

170 2768 299 2833 praesavti
319 2771 434 2836 tempore
453 2768 596 2837 suppliciis
612 2769 750 2822 hominum
764 2770 879 2837 eripiar,
894 2769 942 2824 sed
956 2785 1015 2823 ma·

169 2868 220 2907 nus
246 2857 434 2922 omnipotentis
462 2871 546 2924 neque
568 2857 646 2910 uiuus
669 2871 754 2924 neque
774 2857 918 2922 defunctus
943 2857 1016 2926 effa-

170 2943 254 3008 giam.
282 2942 459 3009 Quamobrem
484 2946 594 3010 fortiter
618 2948 676 2999 oitu
702 2945 862 3013 excedendo,
885 2951 1017 3001 senectute

171 3030 280 3099 quidem
311 3032 412 3101 dignus
444 3033 592 3102 apparebo,
621 3033 833 3089 adolescentibus
865 3035 1017 3104 cuempiam

170 3120 241 3185 forte
268 3122 432 3190 relinquam,
460 3123 485 3176 si
510 3126 636 3191 prompto
662 3125 753 3176 animo
781 3138 812 3176 ac
835 3125 945 3188 fortiter
965 3140 1016 3193 pro

170 3210 343 3275 pravissimis
362 3215 387 3262 et
400 3206 582 3264 sanctissimis
601 3210 704 3276 legibus
727 3211 838 3265 honesta
856 3217 940 3266 morte
951 3227 1014 3282 per-

170 3297 275 3364 fungar
299 3299 338 3366 (II
358 3297 445 3351 tinch.
474 3313 511 3362 vr,
535 3299 641 3366 eti-28).
668 3300 723 3353 lsle
738 3299 816 3352 enim
833 3305 861 3353 ct
880 3300 1015 3355 simulare

171 3385 268 3453 potuit
282 3385 343 3438 sine
363 3385 589 3454 transgressione
608 3385 726 3450 inlicita,
752 3392 781 3440 et
803 3387 879 3440 licita
899 3404 958 3442 non
981 3389 1016 3442 si·

173 3473 327 3539 mutantur,
343 3472 390 3526 sed
413 3489 479 3526 vere
493 3473 572 3527 fuere
592 3490 599 3526 :
621 3474 669 3528 sed
689 3475 793 3539 renuit,
816 3480 844 3529 et
859 3477 1014 3546 pretiosam

171 3565 293 3614 mortem
312 3575 364 3631 pro
385 3561 506 3615 llomina
521 3570 549 3615 et
565 3562 694 3632 legitima
707 3565 720 3606 b
734 3563 795 3634 ejus
810 3564 909 3618 volens
923 3566 1015 3619 incur·

171 3649 218 3716 rit,
235 3649 331 3703 dicens
345 3649 375 3704 in
391 3650 435 3704 sui
450 3652 586 3704 transitus
601 3651 669 3705 hura
691 3665 697 3705 :
720 3655 839 3718 Domine,
865 3655 913 3722 qui
934 3654 1014 3709 tabes

169 3744 292 3793 sanctam
317 3741 467 3806 scientiam,
496 3742 638 3805 marriseste
669 3744 722 3795 scis
755 3746 784 3795 tu
815 3743 880 3810 quia
910 3756 970 3794 cum
997 3757 1015 3795 a

169 3834 254 3882 morte
273 3830 375 3898 possim
398 3828 511 3883 liberari
532 3828 640 3882 ἀιιιίιεθ
660 3832 781 3898 eorporis
803 3831 921 3883 sustineo
943 3829 1015 3883 dato·

168 3931 212 3971 res
237 3935 245 3969 :
266 3916 413 3971 secundum
434 3918 553 3971 animam
574 3932 636 3970 uero
656 3924 767 3985 propter
793 3919 915 3970 timorem
939 3921 1014 3971 taum

169 4005 282 4060 libenter
306 4006 360 4058 bac
381 4006 474 4074 potior
496 4004 593 4076 (lesu,
623 4006 679 4074 30).
709 4005 798 4075 Hujus
823 4004 935 4059 imitare
964 4006 1012 4059 de-

168 4094 228 4148 cuit
245 4094 352 4147 factum
373 4092 530 4162 probabile,
554 4096 583 4147 et
606 4109 664 4147 non
686 4109 772 4163 prosu
792 4091 884 4147 illasl
903 4109 1011 4161 carnes,

169 4185 200 4235 ut
214 4181 276 4250 ipss
290 4181 459 4235 venerabilis
473 4197 568 4248 senex,
586 4182 635 4235 sad
649 4197 700 4251 pro
717 4181 843 4247 veritate,
860 4197 925 4251 quea
941 4182 1014 4235 lleus

1067 1709 1148 1763 cibus
1167 1714 1317 1762 acuentem
1338 1710 1475 1763 hactenus
1490 1707 1674 1761 sustinemus.
1692 1707 1834 1776 lniquitas
1850 1720 1917 1758 nam

1068 1802 1163 1851 nostra
1189 1797 1219 1850 in
1249 1796 1354 1851 vertice
1383 1800 1480 1850 nostro
1510 1794 1659 1850 deseendit
1686 1795 1772 1863 (Psal.
1801 1792 1863 1860 vul,
1892 1798 1919 1848 et

1068 1885 1178 1940 malitia
1192 1885 1317 1939 calcanei
1334 1884 1421 1938 nostri
1439 1901 1491 1938 nus
1506 1883 1694 1937 circumdedit
1708 1882 1793 1953 (Psal.
1812 1883 1917 1951 ravin).

1068 1974 1125 2029 Nec
1140 1989 1314 2044 conquerere
1336 1974 1370 2028 de
1387 1973 1580 2044 quorumdam
1601 1971 1840 2040 Christianorum,
1860 1971 1920 2025 imo

1067 2062 1299 2132 publicanorum,
1317 2062 1525 2115 insurrectione
1540 2060 1688 2125 debemus,
1708 2061 1760 2131 qui
1774 2059 1833 2130 ipsi
1850 2077 1920 2115 con·

1067 2155 1112 2206 tra
1126 2156 1230 2206 nostrae
1245 2151 1312 2206 lidei
1326 2152 1449 2205 cultores
1463 2149 1649 2215 surreximus,
1672 2153 1700 2204 et
1723 2149 1753 2202 in
1774 2155 1924 2221 quantum

1069 2237 1215 2308 potuimus
1236 2244 1348 2293 sanctos
1366 2238 1415 2292 [lei
1430 2237 1580 2306 {dicacibus
1603 2237 1695 2292 verbis
1719 2237 1924 2291 maledicendo

1068 2327 1258 2397 turpavimus.
1280 2329 1311 2382 Et
1332 2327 1397 2382 licet
1415 2328 1468 2380 iste
1486 2332 1653 2396 perseeutor
1675 2325 1806 2380 Ecclesiae
1826 2326 1936 2397 publi-

1069 2431 1156 2469 canus
1177 2416 1310 2476 multum,
1326 2416 1512 2486 permittente
1534 2417 1603 2481 neo,
1624 2421 1724 2469 contra
1744 2414 1814 2470 fidei
1832 2431 1896 2470 suae
1910 2429 1941 2458 ο

1070 2504 1148 2557 cunis
1175 2505 1329 2558 surrexerit
1358 2504 1486 2571 rubidus,
1515 2509 1544 2557 et
1573 2503 1730 2574 prebuerit
1761 2503 1962 2574 gentilibus

1070 2592 1198 2662 gladium
1223 2593 1256 2647 ad
1281 2593 1422 2664 populurn
1448 2591 1562 2646 ltonrini
1582 2591 1791 2662 jugulandum3
1820 2598 1917 2646 tame·

1070 2681 1143 2734 sicut
1162 2681 1357 2735 confitendum
1378 2686 1432 2749 est,
1453 2681 1507 2734 hoc
1527 2679 1659 2734 fidelibus
1675 2679 1752 2749 juste
1773 2684 1802 2734 et
1818 2682 1894 2734 meri
1914 2705 1932 2727 ι

1069 2769 1309 2838 prevaricationis
1330 2769 1473 2835 evenisse;
1500 2769 1539 2822 ita
1564 2767 1744 2822 econtrario
1771 2767 1918 2823 fatendus

1070 2863 1122 2918 est,
1138 2857 1220 2910 illurn
1242 2857 1349 2912 diaboli
1371 2856 1507 2911 membris
1526 2854 1537 2893 f
1558 2856 1721 2920 adhaesisse,
1743 2861 1774 2910 et
1797 2856 1833 2911 ad
1859 2874 1913 2927 pro

1036 2944 1215 3034 Cbationern
1233 2946 1360 3000 Ecclesia
1375 2950 1404 2999 et
1417 2946 1566 3015 palearum
1582 2944 1797 2999 ventilationem
1813 2945 1906 3000 instin

1071 3039 1117 3088 ctu
1136 3035 1250 3089 Douriui
1274 3041 1302 3089 et
1325 3035 1434 3105 peccati
1453 3035 1552 3088 aculeo
1572 3033 1745 3104 prosilisse:
1771 3034 1859 3104 cujus
1882 3051 1907 3088 r·

1070 3124 1219 3188 surrectio,
1244 3123 1310 3177 licet
1333 3123 1522 3194 permissione
1547 3120 1764 3193 omnipotentis,
1795 3127 1827 3176 ut
1854 3123 1913 3177 dixi

1071 3226 1145 3278 mus,
1167 3212 1304 3266 hactenus
1326 3211 1535 3283 praelaudatum
1561 3216 1658 3265 tamen
1681 3214 1746 3279 post
1767 3217 1920 3280 peractu

1070 3299 1262 3355 ventilationis
1295 3300 1338 3354 vel
1371 3299 1548 3371 probationis
1582 3298 1734 3370 judicium,
1770 3301 1912 3355 severiori

1069 3387 1129 3441 imo
1153 3405 1219 3443 sero
1236 3389 1346 3461 judicio
1371 3389 1520 3460 punietur,
1550 3394 1582 3444 ut
1605 3393 1633 3442 et
1659 3388 1764 3442 Christi
1793 3389 1915 3444 Ecclesi

1068 3477 1247 3546 probationis
1266 3478 1379 3531 camino
1403 3479 1547 3540 clarescat,
1575 3481 1604 3531 et
1626 3477 1720 3530 hostes
1745 3475 1810 3546 ejus
1832 3477 1915 3548 dign

1069 3567 1209 3620 sententia
1234 3567 1440 3621 tenebrescant.
1469 3566 1541 3631 Quid
1576 3565 1654 3619 enirn
1683 3580 1784 3618 uerum
1813 3565 1912 3622 incom

1068 3655 1232 3721 meditatos,
1253 3655 1322 3726 quid
1343 3655 1527 3710 inclementia
1549 3654 1622 3720 coeli,
1647 3652 1714 3725 quid
1735 3652 1909 3710 immensita
1922 3692 1945 3698 -

1068 3743 1217 3809 imbrium,
1233 3742 1302 3814 quid
1326 3743 1416 3796 famas
1438 3743 1623 3812 populorum,
1640 3741 1694 3798 nisi
1709 3741 1784 3795 iram
1800 3742 1905 3796 Domi·
1962 3762 1965 3777 ¹

1068 3833 1204 3900 clament,
1221 3837 1249 3885 et
1265 3831 1418 3886 vindictam
1436 3832 1497 3900 jam
1519 3832 1636 3902 jamque
1655 3830 1811 3884 imminere
1830 3831 1964 3886 mini-

1067 3925 1132 3977 tant
1150 3926 1179 3974 et
1202 3919 1366 3974 intentant?
1388 3920 1506 3990 Templa
1527 3919 1604 3973 enim
1620 3918 1724 3974 Christi
1742 3934 1760 3971 a
1776 3918 1961 3973 sacrificio

1068 4010 1206 4076 desolata,
1222 4015 1251 4063 et
1265 4009 1328 4062 loca
1340 4015 1436 4063 sancta
1446 4009 1481 4063 ab
1493 4008 1613 4062 ethnicis
1624 4007 1788 4077 exstirpata,
1801 4012 1833 4062 et
1843 4024 1862 4062 a
1871 4023 1961 4079 pu-

1067 4098 1142 4153 blico
1171 4097 1271 4152 eadem
1297 4097 1358 4150 loca
1387 4097 1437 4152 Dei
1464 4098 1617 4159 destructa,
1644 4111 1730 4150 censu
1761 4096 1906 4152 crudelite

1068 4192 1231 4257 aggravata,
1254 4202 1306 4256 per
1329 4186 1577 4240 incommoditates
1599 4200 1709 4249 acruur,
1731 4187 1760 4238 et
1781 4184 1964 4240 distribu-

168 4275 221 4333 θὸῑι
242 4285 334 4341 Usque
353 4269 388 4323 ad
406 4269 572 4324 effusionem
595 4269 744 4340 sanguinis
768 4270 893 4340 oportuit
914 4270 1011 4324 decer·
1031 4274 1163 4331 [itiones
1181 4275 1322 4345 gentium,
1345 4278 1374 4328 ct
1396 4274 1574 4329 incursiones
1595 4272 1788 4328 vindicabitur
1813 4287 1964 4344 spre-

167 4361 238 4413 tnre.
255 4359 320 4413 llaec
335 4374 387 4430 pro
400 4357 503 4413 horum
518 4359 652 4412 simulato
668 4358 736 4412 lidei
748 4359 920 4413 documento
938 4375 944 4412 :
963 4359 1013 4413 sed

168 4446 235 4501 satis
248 4446 302 4501 huc
317 4447 377 4500 loco
392 4447 543 4517 digestum.

206 4537 246 4590 lit.
273 4535 354 4589 Nunc
377 4535 412 4589 ad
437 4551 471 4589 ea
492 4550 557 4606 quea
579 4550 720 4605 coeperam
743 4535 825 4590 ilecto
847 4535 1010 4604 articulum,

167 4628 196 4676 et
218 4623 342 4694 probare
367 4626 463 4677 nostra
486 4622 556 4678 vitio
583 4624 705 4679 inlatum
734 4625 838 4679 iterum
865 4625 1011 4680 intentabo

167 4711 323 4782 llagollum.
349 4712 452 4765 Nostra
474 4712 545 4780 haec,
570 4713 680 4780 tratres,
711 4720 809 4767 nostra
835 4714 942 4768 desidia
965 4731 1012 4785 pe·

166 4800 241 4872 perit
256 4799 343 4864 mala,
366 4804 461 4854 nostra
480 4800 641 4872 impuritas,
662 4808 758 4868 nostra
782 4802 890 4869 levitas,
915 4807 1012 4856 nostra

166 4904 281 4943 morum
299 4888 476 4956 obscoenitas,
497 4890 566 4944 dum
589 4890 732 4954 timemus,
758 4890 808 4944 vibi
831 4907 888 4944 non
913 4895 955 4944 est
974 4889 1008 4944 ti·

164 4993 239 5045 mor,
256 4983 285 5032 et
301 4977 536 5048 parvipendimus
554 4994 560 5032 :
582 4994 634 5049 pro
652 4995 686 5033 eo
701 4979 777 5051 quad
795 4978 926 5033 differtur
940 4996 1010 5050 sup·

164 5065 285 5137 plicium
300 5065 519 5137 sempiternum,
536 5067 625 5121 secuti
640 5083 739 5121 sumus
753 5068 924 5122 horrendam
936 5084 1010 5122 mor-

199 5233 212 5261 ·
227 5226 256 5281 F.
268 5231 466 5296 praeparatum.

198 5298 212 5340 b
226 5297 256 5350 L.
273 5297 390 5352 licitis...
403 5297 542 5365 legitimis.

200 5374 211 5401 ⁶
226 5366 288 5432 Ma,
304 5367 387 5422 dolos.

199 5433 212 5471 ²¹
229 5437 257 5489 l.
273 5453 324 5506 pro
337 5439 433 5492 suillas
448 5456 456 5491 :
474 5453 506 5490 ac
521 5436 631 5508 corrige
647 5455 698 5508 pro
712 5440 800 5494 saillis
815 5440 953 5507 cornubus,
969 5440 1008 5494 sic

163 5507 306 5561 utstatim
321 5507 390 5562 dicit
402 5523 453 5578 pro
467 5512 590 5563 ueritate.

1067 4365 1182 4420 liuram.
1197 4366 1262 4419 llaec
1277 4363 1354 4417 enim
1368 4364 1461 4418 omnis
1472 4365 1557 4434 plaga
1568 4363 1701 4417 lidelibus
1711 4362 1746 4416 ad
1762 4363 1964 4433 praemium

1066 4452 1192 4525 prolicit,
1215 4451 1379 4506 infidelibus
1404 4452 1438 4506 ad
1460 4452 1632 4522 supplicium
1657 4451 1769 4505 crescit.
1796 4451 1936 4505 nando,

1066 4557 1133 4596 mur
1154 4556 1278 4610 namque
1301 4556 1354 4610 per
1377 4541 1474 4595 saculi
1498 4541 1579 4594 istius
1603 4555 1762 4610 pressuras,
1779 4539 1804 4593 si
1820 4544 1915 4594 tame
1958 4560 1961 4581 ι

1066 4628 1267 4698 resipiscentes
1303 4633 1414 4682 nostras
1451 4626 1677 4697 disposuerimus
1709 4642 1813 4681 curare
1846 4644 1883 4699 qu
1910 4664 1930 4671 -

1065 4717 1261 4771 contruximus
1284 4717 1390 4788 culpas.
1414 4718 1554 4771 Caeterum
1575 4715 1600 4770 si
1622 4716 1769 4770 inerrare
1793 4717 1960 4786 pristin:-

1064 4805 1254 4874 perdurantes
1277 4804 1417 4859 obstiaata
1440 4811 1548 4871 mente,
1571 4808 1599 4859 et
1623 4803 1796 4858 indomabili
1818 4805 1904 4859 cord.
1961 4823 1965 4844 ’-

1065 4894 1182 4965 obliqua
1203 4893 1466 4964 praecalcaverimus
1486 4893 1600 4962 itinera,
1624 4893 1783 4947 cavendum
1806 4899 1858 4961 est,
1957 4910 1961 4932 ·

1064 4981 1279 5037 clementissimi
1302 4982 1392 5052 patris
1412 4983 1447 5036 ad
1466 4985 1574 5054 majora
1594 4981 1760 5037 ulciscenda
1778 4997 1864 5053 prov·

1064 5086 1128 5124 mus
1153 5069 1329 5136 sententiam,
1357 5076 1386 5124 et
1413 5086 1471 5124 non
1499 5069 1738 5140 redemptionem,
1769 5070 1822 5125 sed
1850 5069 1878 5140 gl
1964 5084 1965 5102 ³

1098 5229 1214 5283 ⁰lleest
1237 5226 1347 5299 aliquid
1372 5243 1379 5281 ι
1407 5228 1450 5283 vel
1473 5232 1565 5282 contra
1592 5228 1673 5298 fidem
1699 5243 1780 5283 suum
1809 5228 1870 5300 tege
1948 5240 1963 5260 ·⁴

1062 5298 1183 5436 du‘mlls.,
1199 5369 1371 5424 membribus.

1099 5441 1215 5494 tliravo
1232 5456 1238 5493 :
1255 5441 1422 5502 viridantur,
1438 5455 1501 5510 pag.
1522 5440 1582 5493 tat.
