3930 6098
797 222 1106 282 uaeriaotoalutl.
1769 227 1822 284 uto

247 353 280 407 la
304 351 464 422 Campania,
487 352 591 422 Capua,
616 355 708 408 aamle
730 359 819 410 sancti
843 357 915 426 Ruit.
935 359 959 412 A

282 443 317 495 la
344 439 458 502 Galliis,
489 446 598 496 ciuitate
624 444 751 506 Arelate,
785 446 917 514 depositio

283 534 373 585 saucii
388 531 498 586 Caesarii
512 535 642 602 episcopi.

75 624 134 675 sies
152 621 187 674 28
214 619 338 674 Hermen
356 619 458 690 quinta
471 620 574 690 probat
590 620 667 676 felici
683 627 776 677 morte
791 622 919 678 beatum.

214 708 345 763 Ecclesiae
360 708 468 778 lumen,
485 709 600 780 populis
615 726 694 765 sacra
704 727 805 766 norma
816 711 918 778 tidelis,

214 797 306 852 Africa
322 813 379 868 quo
395 803 520 868 pastore,
538 799 616 853 orbis
629 800 744 854 doctore
761 806 901 866 coruscat,

215 886 374 956 Augustino
388 886 484 957 Pater,
499 886 571 942 testo
589 887 741 943 celebraris
756 889 875 956 eodem3

214 979 306 1030 Aurea
321 990 409 1047 quem
424 981 541 1031 servant
560 977 638 1032 italis
657 994 734 1034 nunc
754 979 864 1050 templa
877 994 921 1034 se·
939 997 941 1001 ·

784 1068 919 1139 [pultum.

145 1171 146 1174 ¹
216 1151 364 1208 Sanclonis
376 1153 434 1208 alta
448 1153 493 1208 sui
508 1153 620 1209 Vibieni
629 1155 683 1210 hac
697 1156 788 1227 fulget
800 1157 920 1211 honore.

218 1241 287 1297 Urbs
317 1242 545 1297 Alamannorum
574 1252 587 1278 ⁸
621 1244 721 1300 recolit
757 1245 923 1300 Constantia

783 1334 923 1405 [sanctum

218 1421 274 1474 llac
297 1435 413 1492 quoque
436 1420 587 1494 Pelagium
616 1422 679 1478 iasa
706 1438 760 1494 pro
783 1424 924 1494 sangnine

792 1511 923 1585 [clarum.

254 1618 290 1670 Et
316 1619 409 1671 natale
436 1623 525 1672 sancti
551 1619 704 1687 Auprrslini
736 1623 864 1689 episcopi.
892 1620 965 1721 laB

291 1707 401 1772 Attica,
429 1708 564 1762 Faustini.
592 1709 689 1769 Romae,
718 1709 811 1762 natale
837 1712 925 1762 sancti

288 1796 379 1848 limais
405 1799 547 1864 martyris.
576 1796 689 1863 Averni,
717 1797 824 1851 iuliani
850 1813 924 1851 mar·

291 1887 368 1937 tris.

219 1900 320 2028 arsag
328 1973 389 2040 Dei,
405 1972 489 2028 Verbi
502 1989 556 2027 vox
572 1977 601 2027 et
616 1973 741 2045 baptista
755 1975 889 2042 loannes,

168 2062 201 2115 ia
218 2060 309 2126 Quem
320 2060 408 2116 effera
418 2060 534 2116 saltanti
544 2061 796 2133 tribueruntJ'nssa
806 2064 925 2133 puellae;

221 2149 343 2222 insignit
357 2155 490 2222 quartam
506 2150 676 2206 meritorum
691 2150 776 2206 laude
794 2152 925 2222 perenni.

219 2237 306 2309 Virgo
325 2238 431 2293 Sabina
453 2238 539 2294 simul
562 2239 657 2293 iiamae
682 2255 733 2293 sua
757 2240 864 2310 templa
886 2256 928 2295 re·

852 2327 926 2384 visit.

172 2415 203 2468 30
220 2414 315 2469 Tertia
329 2414 430 2470 Felicis
445 2416 517 2471 nitet
534 2416 737 2487 Adauctiqaeb
752 2327 863 2471 cruor[e

222 2502 358 2558 Paulinus
374 2504 466 2574 pridie
486 2505 674 2560 Treverorum
692 2506 799 2560 mmnia
816 2507 927 2573 lustrat,

223 2591 328 2647 Exsilio
344 2591 462 2647 antistes
476 2609 543 2648 sero
558 2609 610 2665 pro
626 2595 761 2665 dogmate
775 2595 876 2649 clarus.

257 2700 292 2753 lit
307 2698 440 2768 depositio
452 2704 541 2754 sancti
555 2701 638 2755 llladi
652 2704 780 2771 episcopi.

222 2805 343 2876 Augusti
357 2805 402 2860 his
416 2806 533 2861 demum
543 2806 717 2863 clauduntur
728 2806 828 2862 limina
838 2806 926 2862 iestis.

395 2949 610 3005 SEPTEMBER.

224 3074 283 3130 liiii
298 3074 466 3145 September
480 3080 659 3146 pregustans
673 3074 777 3145 poeula
791 3074 909 3137 Bnccho,

223 3163 299 3228 Quos
318 3165 374 3219 aris
390 3164 553 3220 venerando
573 3165 648 3219 colat
668 3168 868 3235 memoretque
883 3179 930 3218 ca-

804 3252 927 3322 [nemus.

75 3336 154 3391 Dies
187 3343 197 3393 l
224 3339 376 3396 Pontifices
391 3340 509 3396 Rhamis
526 3340 634 3413 insigni
650 3340 768 3395 nomine
783 3340 896 3412 fulgent

224 3429 327 3498 Sirius,
344 3429 476 3497 Sinicius,
493 3429 616 3499 meritis,
632 3429 746 3500 vitaque
763 3429 911 3484 Nivardus.

227 3518 338 3590 legiter
362 3518 507 3573 haeredem
531 3518 642 3590 proprii
665 3533 751 3589 quem
776 3517 862 3588 liquit
883 3518 933 3572 ha

817 3605 930 3676 lauris:

227 3694 399 3750 Promissam
426 3696 534 3767 populo
563 3699 669 3749 terram
696 3693 746 3765 qni
777 3693 849 3749 torte
881 3710 933 3765 per

832 3779 931 3854 [astra,

226 3874 279 3928 Per
291 3873 364 3939 loca,
376 3888 428 3943 per
437 3873 527 3927 celsos
538 3876 648 3926 montes
659 3870 789 3926 distinxit
798 3874 827 3924 et
838 3870 933 3940 arbes,

226 3960 408 4033 Septembres
441 3961 526 4016 losue
559 3963 638 4014 tenet
672 3958 842 4030 orditurque
875 3960 934 4013 lia·

812 4046 932 4118 [landas.

227 4138 339 4194 Priscus
365 4143 394 4193 et
416 4137 468 4192 has
493 4141 602 4207 martyr
625 4136 771 4192 trabeatus
792 4135 934 4206 sanguine

809 4225 932 4296 [lustrat.

227 4316 333 4371 Prmsul
351 4318 380 4369 et
393 4314 439 4369 his
455 4313 603 4369 Senonum
619 4312 716 4385 Lupus
729 4314 791 4369 aede
804 4318 934 4369 coruscat

805 4401 933 4473 abda.

231 4494 284 4548 llas
299 4497 328 4547 et
344 4493 460 4547 Verenm
474 4501 484 4526 ⁰
497 4490 618 4546 rutilant
631 4490 770 4547 solemnia
783 4497 899 4547 sauctae.

264 4600 296 4653 la
320 4599 483 4670 Campania,
505 4599 599 4654 natale
617 4602 705 4652 sancti
729 4601 815 4654 Prisci
830 4602 936 4667 marty-

298 4690 349 4742 ris.
371 4690 408 4742 at
433 4687 509 4749 aiibi,
531 4688 623 4742 natale
642 4691 796 4742 sanctolum
821 4687 934 4748 Sisiaai,

299 4782 325 4831 et
345 4778 462 4833 Victoris
477 4778 605 4847 episcopi.

196 4884 350 4949 tonarius
365 4885 434 4940 hine
454 4883 550 4939 Nonas
573 4881 745 4953 Lugdunum
766 4883 865 4940 iustus
884 4882 938 4937 ho·

830 4971 936 5042 [norat.

1152 357 1185 410 la
1212 354 1368 412 Nicomedia
1394 355 1488 410 natale
1512 360 1668 412 sanctorum
1694 359 1817 423 Zenonis,

1186 443 1317 510 Gurpoai.
1336 444 1489 498 Theodora.

973 537 1036 590 lites
1072 536 1087 588 3
1113 532 1212 587 Tarnis
1223 531 1365 587 Antonine
1376 548 1449 603 puer
1459 538 1625 605 martyrque
1637 534 1797 607 triumphas
1810 554 1817 592 ε

1114 623 1193 677 Tunc
1207 627 1236 675 et
1249 621 1377 675 Aristeus
1392 621 1511 677 antistes
1528 622 1563 677 de
1578 629 1670 678 morte
1687 624 1799 681 beatur.

1080 711 1097 764 l
1118 710 1199 781 Legis
1214 708 1319 764 divinae
1335 709 1407 764 lator
1421 716 1577 781 susceptor,
1593 719 1622 766 et
1637 720 1746 782 auctor,

1117 799 1277 870 Colloquio,
1294 798 1415 870 visuque
1430 797 1481 852 liei
1496 798 1612 869 dignate
1627 800 1782 872 frequenti,

1119 886 1256 942 Praecelso
1268 885 1360 958 pridie
1375 885 1528 941 tumularis
1540 894 1639 944 monte
1654 890 1772 961 Moyses,

1119 976 1196 1031 Nulli
1211 980 1274 1048 post
1287 975 1368 1030 licuit
1381 976 1462 1046 cujus
1473 990 1643 1046 cognoscere
1657 978 1783 1036 bustum.

1117 1065 1196 1120 Tunc
1226 1065 1312 1119 etiam
1342 1064 1462 1120 Gabilan
1487 1065 1501 1107 d
1528 1064 1651 1120 llarcelli
1681 1069 1822 1140 sanguine

1703 1156 1821 1227 [vernat.

1153 1243 1190 1296 Et
1205 1242 1297 1296 natale
1312 1242 1406 1296 Acesti
1422 1246 1550 1311 episcopi.

1085 1333 1101 1384 5
1120 1330 1209 1384 Nouis
1224 1330 1373 1385 Ferreolus
1387 1346 1453 1385 cum
1469 1330 1643 1386 Ferruciune
1657 1332 1795 1406 refulget;

1123 1420 1248 1474 bonatus
1284 1418 1434 1491 Capuam,
1471 1421 1635 1492 pariterque
1670 1423 1825 1478 Amantius

1697 1510 1823 1582 [ornant.

1157 1599 1189 1652 lu
1209 1599 1290 1652 Porto
1312 1599 1432 1652 Romano
1456 1600 1548 1653 nectale
1568 1604 1723 1653 sauctorum
1752 1602 1823 1654 Tau-

1193 1691 1257 1747 riai,
1275 1685 1404 1741 Aristaei.

1085 1779 1101 1830 6
1121 1777 1202 1829 Vates
1216 1774 1364 1829 Zacharias
1379 1780 1495 1829 octonas
1507 1775 1618 1831 obtinet
1633 1778 1710 1833 idus.

1155 1865 1245 1919 Romae
1271 1868 1318 1918 uia
1346 1864 1488 1919 Salutaria
1515 1866 1608 1920 aatale
1630 1870 1719 1921 sancti
1742 1867 1824 1921 Eleu·

1193 1945 1412 2022 tteriiepiscopi.

1086 2047 1102 2096 7
1121 2042 1245 2096 Antiates
1261 2047 1392 2111 septenas
1407 2047 1498 2096 servat
1513 2044 1653 2113 Esoriius,
1669 2049 1755 2117 alque

1123 2129 1222 2200 Reguli
1238 2129 1359 2200 insignis
1375 2130 1546 2185 Clodoaldus
1561 2131 1650 2203 stirpe
1665 2133 1806 2188 sacerdos.

1158 2220 1194 2272 lii
1216 2218 1308 2272 uomle
1329 2221 1429 2272 saaotae
1449 2219 1558 2286 liepiun
1580 2224 1721 2289 martyris,
1747 2221 1826 2290 cujus

1193 2310 1269 2374 qesta
1283 2305 1428 2359 labentur.

1088 2398 1104 2450 8
1123 2394 1184 2459 Qua
1204 2395 1279 2448 Deus
1300 2393 1457 2448 bainsonum
1480 2394 1606 2466 suscepit
1629 2395 1743 2467 Virgine
1770 2394 1827 2450 tor-

1124 2573 1250 2627 lllustrat
1263 2588 1346 2626 senas
1361 2575 1441 2627 ortus
1454 2571 1490 2626 de
1505 2571 1568 2626 luce
1584 2571 1680 2628 ilaria.
1739 2484 1828 2555 [mam

1125 2661 1229 2731 lilartyr
1249 2665 1277 2714 et
1296 2660 1438 2714 Adrianus
1460 2660 1580 2715 Romani
1605 2668 1665 2716 tum
1688 2662 1828 2733 sanguine
1939 2674 1946 2685 ‘

1720 2751 1827 2822 [comit.

1089 2840 1105 2890 9
1125 2837 1285 2907 Gorgonius
1299 2836 1401 2908 quinas
1420 2835 1497 2891 tama
1512 2837 1680 2910 meritisque
1695 2844 1828 2906 retentat,

1125 2925 1224 2979 Roma
1238 2940 1324 2996 qnam
1337 2931 1482 2995 passum·
1505 2941 1643 2980 venerans
1668 2942 1746 2982 nunc
1768 2928 1829 2984 Gal·

1659 3014 1709 3088 [iia
1725 3018 1828 3089 poscit.

1073 3105 1106 3157 iu
1125 3102 1271 3158 Sosthines
1303 3107 1332 3157 et
1360 3102 1453 3158 Victor
1481 3103 1591 3174 quartis
1620 3110 1829 3171 memorantur,

1689 3192 1830 3262 [eamdem

1125 3278 1229 3335 Christi
1247 3295 1299 3351 pro
1318 3295 1409 3351 regno
1428 3279 1520 3334 sortiti
1537 3284 1566 3334 et
1582 3281 1666 3335 laude
1681 3296 1829 3336 coronam.

1161 3369 1259 3431 Roma,
1287 3368 1420 3437 depositio
1447 3368 1518 3423 beati
1543 3369 1645 3423 liilarii
1664 3384 1755 3438 papae,
1779 3386 1833 3440 per

1197 3474 1275 3524 quem
1298 3459 1434 3514 Victorius
1449 3459 1572 3514 ordinem
1589 3459 1744 3528 paschalem
1760 3476 1832 3515 com·

1194 3550 1299 3616 posuit.

1076 3638 1105 3691 lt
1128 3637 1230 3691 Protns
1254 3640 1283 3690 et
1306 3636 1373 3691 hinc
1393 3639 1490 3692 ternas
1510 3637 1657 3711 iratesque
1679 3638 1833 3710 llyacintas

1670 3722 1833 3797 [honorant,

1128 3811 1183 3877 Qui
1207 3812 1365 3883 Eugenium
1392 3813 1497 3885 pariter
1522 3813 1616 3885 legem
1640 3813 1763 3868 docuere
1788 3831 1832 3869 sa-

1702 3902 1832 3976 [cratam.
1859 3967 1866 3977 ‚

1130 3991 1185 4045 lias
1201 3989 1286 4045 simul
1302 3994 1331 4046 et
1350 3989 1361 4024 ¹
1383 3989 1460 4045 Felix
1482 4005 1548 4045 cum
1572 3990 1648 4045 felici
1672 3995 1763 4046 morte
1787 3990 1834 4045 di-

1739 4076 1835 4147 lensii,

1131 4165 1266 4236 Martyria
1282 4165 1399 4236 Regulre
1414 4169 1511 4220 sancto
1526 4168 1691 4238 pariterque
1706 4166 1808 4222 beatae.

954 4265 976 4320 n
1081 4255 1114 4309 lt
1133 4255 1238 4325 liartyr
1257 4269 1323 4309 mox
1340 4254 1433 4326 pridie
1453 4254 1560 4309 celsum
1575 4255 1648 4326 petit
1661 4255 1768 4311 aethera
1783 4257 1835 4327 Sy-

1734 4344 1834 4415 [rust.

1165 4432 1301 4500 Lupduao
1325 4437 1444 4494 ciuitate,
1474 4432 1606 4502 depositio
1635 4434 1707 4489 beati
1739 4435 1837 4490 Sacer·

1203 4520 1274 4575 datis
1289 4525 1417 4590 episcopi.

1081 4611 1113 4664 l3
1133 4609 1229 4665 idibus
1260 4609 1333 4666 abba
1364 4610 1437 4664 nitet
1467 4611 1572 4666 merito
1603 4617 1632 4666 et
1663 4612 1836 4684 cognomine

1696 4702 1834 4771 [Amnius.

1167 4786 1325 4855 Aadepaois
1347 4790 1465 4849 civitate,
1491 4788 1623 4858 depositio
1648 4791 1736 4842 sancti
1759 4790 1837 4843 liau-

1203 4877 1311 4931 rilionis
1330 4880 1458 4946 episcopi.
1480 4878 1513 4931 la
1533 4876 1716 4939 Aleaaadria,
1739 4876 1837 4932 Natate

1204 4967 1293 5019 sancti
1306 4965 1439 5020 Theodori
1452 4969 1580 5036 episcopi.

133 5144 223 5207 'Urbs
234 5153 462 5208 Alemaaaorum.
480 5152 532 5209 itia
543 5167 643 5208 versus
657 5156 687 5207 el
701 5168 823 5225 sequens
838 5167 891 5208 nec
907 5152 937 5207 in
1027 5144 1142 5198 ‘stoma’
1158 5158 1236 5209 quem
1247 5158 1373 5214 pilitum·
1393 5142 1531 5201 Acherini
1554 5147 1653 5201 monci
1673 5144 1751 5200 hune
1774 5160 1837 5200 ter·

105 5211 188 5277 cibes
200 5223 290 5296 Regio
303 5240 356 5279 nec
370 5225 401 5280 in
416 5224 511 5296 Bigot.
529 5227 651 5279 exstant.

135 5294 322 5372 limenque.
342 5305 374 5361 ln
389 5308 514 5378 utroque
528 5303 637 5370 codice,
650 5302 833 5369 Audacthue.

136 5381 205 5437 ‘llus
217 5389 243 5439 et
258 5386 378 5440 Veserm.
393 5383 446 5441 llic
459 5399 558 5439 versus
572 5384 652 5438 abest
666 5398 682 5436 a
696 5382 795 5437 codice
808 5382 901 5451 Bigot.

992 5229 1057 5269 sum
1071 5213 1113 5268 ita
1127 5215 1214 5269 etiam
1230 5230 1291 5270 esse
1306 5215 1482 5287 descriptam
1500 5231 1506 5268 :

1055 5302 1145 5351 Romae
1157 5315 1235 5366 quem
1247 5315 1354 5366 passim
1367 5316 1439 5352 nunc
1452 5300 1534 5352 Gallia
1548 5302 1633 5365 poscit
1646 5301 1771 5353 adorans.

1028 5380 1038 5416 ¹
1051 5383 1108 5436 Has
1122 5384 1213 5445 simut,
1228 5388 1282 5438 etc.
1299 5383 1350 5438 ilic
1366 5398 1463 5437 semus
1478 5382 1558 5437 deest
1571 5383 1602 5436 in
1625 5382 1724 5439 codice
1746 5383 1837 5458 ltigot.

133 5445 234 5510 ‘Tuae
256 5458 339 5510 etium
363 5455 485 5512 Gabina
506 5454 541 5511 lu
563 5454 661 5510 codice
682 5453 784 5524 Regio,
808 5453 936 5515 dabaloa,
992 5451 1120 5524 Sequens
1135 5454 1280 5509 incudem
1295 5454 1367 5508 etin
1381 5453 1476 5508 codice
1491 5451 1589 5523 liegio.

103 5521 154 5582 scil.
165 5513 233 5581 urbs
247 5541 334 5598 qnam
349 5526 456 5583 Gallice
468 5540 604 5582 vocamus
617 5524 768 5582 Caruilios.

1029 5523 1170 5580 sAEtlsera
1185 5525 1281 5593 Syrus.
1297 5522 1330 5578 ln
1345 5523 1442 5579 codice
1458 5523 1560 5595 Regio,
1575 5525 1668 5583 Saus.
