3930 6098
53 272 87 325 ot
604 271 648 327 llll
670 267 1002 328 t’ltnlbds'llttAthrlE
1023 270 1091 327 bet.
1108 299 1142 311 -
1158 272 1220 326 tllr.
1243 272 1276 326 11.
1773 281 1808 331 ut

54 407 114 463 dat.
131 407 260 480 Denique
271 407 384 464 homiui
400 422 451 479 per
466 405 518 463 [tei
531 407 652 478 gratiam
663 406 783 463 liberum
794 413 903 463 restau-
918 407 941 464 A
960 423 1081 481 sumque
1098 408 1287 480 perpendere,
1303 410 1444 466 fortasssis
1460 412 1495 468 ad
1515 413 1665 483 presentis
1693 430 1808 470 causum

54 500 138 552 rator
165 496 328 565 arbitrium,
358 496 435 569 quod
468 495 579 568 primus
606 496 694 551 homo
723 497 904 569 perdiderat:
959 497 1072 568 negotii
1086 497 1158 553 nihil
1173 497 1201 552 in
1212 513 1245 552 ea
1258 499 1436 569 superlluum
1448 516 1499 554 nos
1515 501 1643 572 posuisse
1655 502 1805 575 judicabit.

54 585 189 642 namille
204 586 308 641 habuit
327 585 482 640 inchoandi
504 584 575 640 boni
593 584 717 640 liberum
741 586 904 654 arbitrium,
961 586 1184 643 Commendetur
1209 586 1286 642 enim
1314 587 1344 642 in
1370 603 1404 642 ea
1429 589 1496 660 quid
1522 591 1650 645 humano
1678 591 1805 660 arbitrio,

55 674 247 755 quo'dtamen
264 673 315 730 usi
336 673 481 745 adjutorio
501 673 697 745 perficeretur.
715 675 853 730 Nosrero
877 680 906 729 et
961 676 1029 748 quid
1054 675 1156 732 divinae
1179 675 1279 747 gratim
1307 676 1463 731 debeamus
1487 678 1643 748 assignare,
1672 679 1806 752 quodque
1906 684 1912 703 “

55 762 269 818 inchoationem
285 761 371 817 liberi
386 761 506 831 arbitrii,
533 766 563 818 et
577 760 782 834 perfectionem
804 763 839 818 de
856 762 906 818 Dei
960 764 1089 837 ejusdcm
1104 765 1201 837 gratiae
1218 765 1325 819 donum
1353 781 1412 819 non
1429 765 1554 820 hominis
1576 769 1688 834 merito,
1706 784 1806 823 rernm

54 852 198 907 sumimus
213 852 317 923 gratia,
330 851 400 923 quia
415 855 445 906 et
457 850 584 921 incipere
599 854 627 906 et
645 850 783 922 perticere
797 851 906 906 bonum
960 854 1077 926 superni
1094 854 1222 908 muneris
1237 853 1416 922 benignitate
1435 853 1609 922 conteratur,
1627 855 1730 928 cuique
1750 857 1805 911 lar·

52 939 88 995 do
104 940 170 1012 ipso
185 940 363 1010 hahemus,a
384 954 442 1012 qno
456 944 484 994 et
499 938 599 1010 gratim
618 940 727 995 donum
751 940 861 1008 datum,
879 945 907 997 et
961 943 1065 1014 glatur,
1083 943 1187 1014 orsique
1201 947 1333 1012 negetur,
1346 940 1436 997 divini
1452 941 1657 998 moderaminis
1671 944 1708 1000 sit
1722 944 1808 1016 eqni·
1873 950 1882 966 ·

53 1029 180 1084 liberum
192 1029 345 1085 arbitrium
356 1028 386 1083 in
402 1028 487 1083 nobis
501 1032 545 1083 est
557 1031 760 1084 restauratum.
776 1029 826 1083 Dei
837 1045 906 1101 ergo
961 1035 1018 1085 tale
1034 1031 1215 1102 dispositum.
1236 1029 1280 1086 Sic
1307 1046 1375 1101 ergo
1390 1031 1595 1085 commendans
1610 1047 1735 1100 causam,
1751 1049 1807 1104 qun

54 1123 97 1172 est
117 1118 230 1173 bonum
255 1117 333 1190 quod
360 1117 482 1187 agimus,
511 1122 631 1189 propter
656 1117 778 1189 gratiam
799 1132 906 1190 prese·
960 1119 1004 1174 rel
1019 1119 1102 1174 electi
1117 1119 1322 1191 justificantur,
1342 1119 1385 1173 vel
1401 1118 1515 1191 reprobi
1528 1119 1806 1191 deserunturtprse·

55 1206 187 1262 aientem
202 1210 231 1262 et
253 1206 476 1278 subsequentem
494 1221 500 1261 :
529 1209 661 1261 nostrum
688 1222 766 1273 sero,
790 1210 908 1277 propter
961 1207 1160 1264 destinationis
1175 1207 1305 1262 ordinem
1322 1207 1405 1263 docet
1422 1223 1483 1263 esse
1498 1208 1653 1278 diversum,
1669 1224 1726 1263 non
1743 1207 1807 1263 sim·

54 1296 268 1367 obsequentem
282 1295 366 1351 liberi
385 1293 496 1350 arbitrii
515 1294 704 1350 voluntatem.
725 1297 796 1350 Nam
812 1294 835 1350 si
858 1293 907 1349 [lei
960 1297 1064 1369 plicam
1075 1312 1082 1363 ;
1095 1301 1126 1351 nt
1140 1299 1236 1351 autern
1252 1312 1316 1368 quoe
1332 1296 1456 1351 dirimas
1473 1297 1654 1352 manifestata
1665 1296 1747 1364 liant,
1763 1300 1807 1352 to-

55 1388 185 1451 nonest,
201 1399 253 1439 cur
266 1383 308 1438 iili
323 1383 429 1455 gratias
448 1382 578 1453 agimus?
603 1381 673 1437 Etsi
699 1387 829 1438 nostrum
849 1398 908 1437 non
962 1385 1019 1440 tius
1034 1385 1103 1440 texti
1119 1385 1275 1456 capitulum
1292 1384 1416 1439 breviter
1429 1385 1633 1457 expendamus.

56 1478 111 1539 est,
134 1489 188 1528 cur
210 1472 429 1528 retributionem
453 1472 597 1527 bonorum
622 1487 743 1544 operum
772 1475 907 1543 expecta·
1000 1474 1087 1542 [luter
1109 1473 1219 1545 gratiae,
1245 1472 1350 1544 inquit,
1380 1472 1484 1528 divine
1506 1473 1736 1539 inlusionem,et
1754 1473 1806 1529 hu·

56 1561 146 1616 mus‘l
165 1562 288 1616 Proinde
304 1577 373 1632 ergo
387 1561 417 1614 in
441 1577 475 1615 eo
492 1559 570 1632 qnod
586 1561 679 1632 gratia
703 1559 751 1615 Dei
767 1560 906 1632 praeseni-
961 1561 1041 1616 mani
1064 1561 1173 1617 arbitrii
1202 1561 1378 1616 voluntatem
1408 1563 1461 1617 huc
1487 1562 1616 1618 interest.
1650 1561 1807 1617 Arbitrium

55 1665 134 1713 mur,
154 1650 205 1705 [lei
220 1654 264 1705 est
279 1666 285 1705 :
299 1649 330 1705 in
354 1665 388 1705 eo
402 1664 469 1704 sero
486 1648 565 1721 quod
583 1649 618 1704 ad
641 1650 714 1704 bene
729 1650 906 1721 operandum
962 1654 1006 1706 est
1024 1651 1155 1707 voluntas
1179 1650 1276 1705 liberos
1295 1649 1455 1721 potestatis,
1479 1666 1544 1725 quae
1567 1667 1619 1722 per
1643 1666 1673 1705 ee
1694 1656 1807 1723 sponte,

55 1739 284 1812 provenientem
298 1738 421 1811 gratiam
433 1737 592 1810 sequimur,
604 1741 735 1793 nostrum
746 1743 797 1794 est.
816 1739 906 1794 Nemo
962 1740 1006 1795 val
1019 1740 1094 1795 bona
1107 1741 1152 1795 sel
1171 1740 1246 1795 mala
1265 1744 1400 1811 appetere
1417 1743 1510 1810 potest
1528 1753 1534 1793 ε
1549 1739 1641 1810 gretia
1656 1752 1751 1796 autem
1767 1745 1810 1795 est

55 1832 157 1882 autern
182 1826 297 1882 Domini
315 1826 437 1898 gratiam
463 1826 573 1882 meritis
586 1826 739 1896 antecedit,
757 1831 788 1883 ut
809 1831 907 1882 tenere
961 1828 1066 1884 divinia
1080 1828 1282 1884 misericordior
1311 1827 1469 1900 gratuitum
1495 1827 1614 1895 donum,
1627 1828 1766 1900 perquod
1781 1833 1809 1883 et

55 1931 125 1971 eum
140 1914 226 1987 qnasi
248 1914 407 1970 debitorem
422 1914 510 1986 possit
525 1930 532 1968 ι
549 1914 599 1969 scd
613 1915 686 1970 miro
702 1915 788 1971 modo
807 1931 907 1987 aequus
960 1918 1044 1973 bonae
1059 1918 1212 1973 voluntatis
1232 1916 1347 1971 initium
1362 1919 1391 1971 et
1405 1914 1500 1987 operis
1521 1931 1719 1988 promeremur
1741 1916 1810 1972 effe·

55 2005 195 2060 omnibus
218 2004 368 2070 Conditor,
393 2003 463 2059 alios
487 2004 719 2076 praedestinando
747 2005 905 2077 preelegit,
961 2006 1063 2080 ctum]
1078 2007 1141 2061 llaec
1156 2005 1251 2060 dicens
1276 2003 1413 2070 insinuat,
1430 2003 1508 2075 quod
1532 2002 1616 2059 liberi
1633 2003 1669 2058 sit
1685 2003 1807 2070 arbitrii,

55 2094 131 2148 alios
151 2109 220 2148 roro
234 2093 266 2148 in
286 2093 345 2148 suis
360 2093 455 2164 pravis
469 2093 598 2148 moribus
609 2093 688 2163 josto
700 2093 810 2165 judicio
824 2094 906 2150 dere·
960 2098 994 2149 ut
1008 2094 1132 2167 proprie
1158 2092 1314 2149 voluntatis
1336 2091 1537 2160 intentionem,
1554 2092 1597 2146 rel
1613 2091 1649 2146 ad
1666 2091 1745 2146 bona
1758 2093 1808 2147 eli·

55 2183 153 2255 liquit.
183 2183 263 2238 Unde
287 2182 467 2237 verissimum
491 2182 646 2253 estgratiae
666 2198 770 2237 munus
791 2199 850 2238 non
874 2201 907 2239 ex
961 2180 1638 2256 gendo,reladmalereprobandadirigat,ut
1656 2183 1809 2237 autemsel

57 2273 190 2327 humana
204 2271 321 2333 virtute,
341 2271 386 2325 rel
402 2287 435 2325 er
450 2270 553 2325 merito
570 2270 679 2326 arbitrii
694 2272 841 2343 consequi,
858 2272 906 2327 sed
961 2271 1043 2327 bonae
1071 2271 1225 2326 voluntatis
1253 2270 1413 2337 exordium,
1443 2270 1488 2324 vel
1521 2275 1605 2325 reete
1634 2270 1810 2341 operationis

57 2361 123 2415 sola
137 2360 242 2415 dirinae
265 2358 380 2431 pietatis
402 2358 530 2414 bonitate
546 2359 657 2431 largiri.
684 2359 804 2425 Quidam
829 2361 906 2416 enirn
962 2360 1091 2416 obtineat
1105 2360 1248 2427 ellectum,
1268 2375 1327 2414 non
1343 2358 1402 2413 suis
1425 2358 1545 2428 viribus,
1572 2374 1672 2413 rerum
1688 2359 1810 2414 coelestis

58 2448 233 2520 gratissimae
244 2447 447 2503 misericordie
462 2449 523 2519 ejus
538 2449 740 2520 praevenientis
750 2449 835 2505 domo
848 2450 907 2505 sal·
961 2449 1060 2520 gratie
1074 2449 1149 2504 dono
1163 2452 1365 2521 consequatur.
1382 2449 1539 2519 Namquod
1556 2448 1639 2503 bonae
1654 2448 1811 2504 voluntatis

56 2540 176 2602 santur,
196 2536 288 2592 eilecli
306 2559 320 2585 ι(
336 2552 402 2591 rasa
423 2536 643 2606 misericordim;
659 2559 674 2589 ιι
700 2539 818 2610 quidam
839 2555 906 2595 vero
962 2537 1177 2594 inchoationem
1193 2537 1299 2593 habere
1313 2552 1502 2609 nequeamus,
1515 2535 1569 2590 nisi
1585 2537 1703 2608 superui
1717 2538 1809 2609 gratia

57 2625 218 2695 reprobati¹
244 2625 279 2680 ad
310 2641 481 2698 poenamque
506 2625 694 2697 predestinati
722 2627 905 2696 damnantur,
962 2627 1116 2699 largitoris,
1132 2627 1286 2699 Apostolus
1301 2626 1380 2681 testis
1395 2630 1449 2694 est,
1475 2624 1525 2697 qui
1548 2624 1609 2681 ait:
1629 2645 1643 2678 ι
1668 2626 1742 2692 Quid
1758 2627 1809 2680 ha·

55 2712 152 2767 ellecti
170 2732 185 2761 α
199 2728 265 2768 rasa
284 2713 346 2768 ire.
363 2713 469 2778 »Quod
490 2714 622 2793 eremplo
638 2715 673 2769 de
690 2736 701 2763 ι
720 2716 792 2770 Esau
805 2720 834 2771 et
859 2717 906 2771 ta·
961 2716 1011 2771 bes
1024 2716 1100 2787 quod
1113 2732 1171 2771 non
1185 2715 1336 2788 accepisti?
1348 2736 1362 2764 u
1375 2713 1398 2786 (l
1412 2717 1471 2772 Gor.
1484 2731 1522 2783 ιιι,
1539 2716 1578 2786 7.)
1594 2713 1622 2770 Si
1633 2730 1702 2786 ergo
1712 2714 1751 2769 nil
1761 2715 1810 2769 ha·

59 2801 115 2855 cob
133 2821 144 2849 ι
165 2800 289 2860 necdum
314 2803 389 2856 natis
407 2802 564 2873 colligitur,
585 2803 636 2875 qui
656 2802 724 2858 dum
741 2807 836 2859 essent
849 2820 907 2858 una
961 2807 1061 2861 bemus
1072 2805 1211 2877 nisiquod
1222 2820 1520 2875 supernocuncessum
1528 2819 1647 2859 munere
1658 2805 1740 2859 nobis
1751 2804 1810 2858 lue-

54 2891 248 2961 conceptione
272 2891 316 2945 sel
340 2898 422 2962 partu
440 2891 517 2958 editi,
534 2891 654 2963 parique
669 2908 741 2947 nean
759 2891 907 2963 originalis
961 2894 1009 2962 rit,
1026 2910 1077 2949 neo
1099 2894 1182 2949 bunne
1198 2892 1350 2948 voluntatis
1369 2893 1658 2965 quantulumcunque
1683 2893 1810 2948 valemus

54 2980 168 3050 pcccati
184 2979 302 3045 astricti,
318 2979 440 3034 alterum
464 2984 561 3034 tamen
576 2996 676 3035 eorum
701 2981 735 3035 ad
753 2997 781 3036 se
797 2982 906 3036 miseri·
922 3017 941 3072 c
963 2982 1201 3053 adipisciarbitrii
1214 2982 1323 3038 viribus
1334 2983 1463 3051 humani,
1479 2982 1501 3036 si
1514 2998 1570 3037 non
1582 2981 1671 3037 divini
1683 2982 1810 3038 muneris

55 3067 165 3123 cordiae
195 3067 299 3123 divine
319 3069 498 3139 praereniens
524 3069 637 3123 bouitas
666 3070 791 3139 gratuita
814 3071 907 3142 gratia
962 3071 1086 3126 deionte
1104 3071 1186 3126 nobis
1200 3071 1486 3142 emanaverilzquod
1502 3076 1598 3125 autern
1614 3070 1722 3142 aliquid
1742 3071 1811 3126 boui

53 3158 159 3224 trax1t;
180 3156 304 3211 alterum
320 3156 444 3229 quadam
460 3156 580 3228 justitiae
596 3157 745 3212 severitate
761 3157 827 3212 odio
851 3159 906 3213 ba·
962 3160 1022 3214 sine
1036 3159 1133 3214 diviua
1148 3159 1241 3229 gratia
1256 3173 1434 3230 nequeamus
1449 3158 1572 3226 allicere,
1589 3157 1680 3229 ipsius
1693 3173 1742 3212 oro
1757 3160 1808 3213 Ve-

56 3244 151 3300 bitum
168 3244 199 3299 iu
218 3261 312 3300 massa
328 3246 496 3316 perditionis
512 3245 644 3301 relictum
660 3245 815 3301 damnarit.
830 3246 908 3302 Sicut
961 3248 1053 3303 ritatis
1073 3248 1245 3301 instruimur
1259 3247 1299 3301 ila
1312 3246 1457 3318 loquentis
1473 3263 1480 3302 t
1498 3264 1512 3298 o
1528 3245 1594 3301 Sine
1609 3261 1655 3299 me
1670 3245 1741 3300 nihil
1757 3261 1808 3316 po-

55 3339 84 3388 et
98 3350 153 3405 per
173 3335 345 3405 prophetam
368 3335 444 3390 idem
471 3334 608 3390 Dominus
636 3337 765 3406 loquitur
785 3336 904 3391 dicens:
961 3335 1042 3392 testis
1060 3337 1153 3392 lacere
1170 3334 1312 3405 (donnas,
1338 3334 1374 3407 5).
1391 3356 1405 3385 »
1422 3336 1484 3390 tam
1510 3350 1587 3400 reru,
1612 3333 1690 3405 quod
1713 3333 1808 3388 divina

57 3446 72 3471 «ι
102 3423 190 3477 Jacob
219 3422 315 3490 dilexi,
343 3423 413 3478 Esau
443 3427 540 3478 nartem
569 3424 635 3478 odio
659 3423 747 3478 habui
773 3426 849 3494 (Mat.
882 3441 905 3493 ι;
961 3425 1054 3497 gratie
1078 3424 1300 3497 preveniamur,
1323 3427 1351 3479 et
1376 3422 1412 3478 ad
1436 3423 1509 3478 bene
1532 3422 1699 3486 solendum,
1725 3427 1754 3478 et
1772 3422 1807 3478 ad

56 3514 138 3568 Bona
159 3515 233 3580 ixl.»
254 3512 528 3584 Undeconsequens
551 3517 594 3567 est
614 3513 702 3568 nullis
729 3515 906 3585 prevenien-
961 3519 1038 3571 recte
1069 3515 1214 3585 agendum
1248 3512 1380 3586 sequenti
1414 3513 1515 3567 beatus
1540 3511 1665 3567 Isidorus
1689 3511 1809 3567 lectione

56 3601 136 3655 tibus
165 3600 277 3655 meritis
299 3600 421 3655 conferri
441 3600 575 3672 gratiam,
600 3602 650 3657 sed
674 3602 735 3656 sula
758 3603 907 3658 vocatione
961 3603 1211 3660 testaturdicens:
1237 3602 1348 3671 [Divina
1376 3601 1483 3673 quippe
1511 3601 1603 3673 gratia
1634 3600 1811 3671 praevenitur

55 3688 177 3745 divine?
191 3689 290 3760 Neque
304 3704 479 3761 quemquam
496 3690 598 3745 salvari
611 3691 668 3745 sive
684 3691 824 3760 damnari,
840 3693 908 3764 eligi
961 3692 1057 3758 horno,
1083 3696 1114 3746 ut
1140 3691 1232 3746 honus
1260 3691 1307 3757 sit,
1327 3706 1380 3745 nec
1411 3690 1570 3745 humanum
1586 3689 1738 3744 arbitrium
1759 3688 1810 3744 Dei

56 3778 100 3832 rel
116 3778 280 3848 reprobari,
305 3777 361 3833 nisi
378 3794 410 3833 ea
427 3778 574 3850 proposito
592 3780 826 3851 praedestinantis
846 3782 908 3851 ilci,
962 3782 1085 3853 gratiam
1102 3780 1252 3841 antecedit.
1272 3780 1321 3835 sed
1336 3780 1397 3849 ipsa
1413 3779 1504 3849 gratia
1520 3778 1570 3834 Dei
1594 3779 1740 3834 nolentem
1756 3779 1807 3833 ho·

57 3867 107 3939 qui
120 3869 217 3938 justus
240 3869 283 3921 est
305 3866 336 3921 in
358 3867 529 3937 reprobatis,
554 3867 716 3923 misericors
729 3869 760 3923 in
790 3868 906 3924 electis:
963 3870 1070 3925 minem
1093 3868 1241 3941 praevenit,
1264 3872 1294 3922 ut
1316 3868 1401 3922 eliam
1426 3868 1499 3922 hene
1525 3866 1613 3937 velit]
1639 3869 1710 3921 Cum
1731 3867 1809 3922 euim

58 3977 72 4005 ι
104 3957 252 4009 llnirersae
281 3955 333 4010 rie
370 3955 485 4010 Domini
521 3956 718 4012 misericordia
750 3962 778 4013 et
805 3959 909 4013 raritas
963 3959 1055 4013 malus
1073 3960 1157 4024 esset,
1178 3956 1289 4011 arbitrii
1305 3955 1349 4009 sui
1363 3955 1541 4010 voluntatem
1558 3955 1593 4009 ad
1613 3955 1720 4009 malum
1735 3969 1810 4008 com-

60 4045 315 4115 (protaxii-,lot
334 4044 458 4099 »Omne
480 4049 576 4100 autem
602 4046 710 4101 dounm
734 4047 834 4118 gratim
850 4064 908 4102 nou
964 4046 1104 4101 mittendo
1123 4044 1219 4099 divina
1242 4045 1398 4099 clementer
1421 4042 1594 4113 cumgratia
1621 4041 1755 4113 respexit,
1782 4047 1809 4096 el

57 4133 194 4187 omnibus
208 4132 246 4187 ad
267 4132 412 4205 integrum
434 4134 528 4201 datur,
545 4135 594 4190 sed
610 4135 733 4206 singulis
757 4136 830 4191 dona
846 4137 907 4191 sin·
964 4134 1117 4189 voluntatis
1132 4134 1214 4189 bone
1235 4131 1411 4205 principium
1432 4131 1613 4203 inspirando,
1637 4130 1809 4186 desiderium

59 4223 124 4291 gala
138 4222 310 4277 dividuntur
323 4223 442 4293 scilicet,
470 4226 503 4278 ut
518 4223 601 4295 quasi
624 4224 753 4294 corporis
778 4226 907 4280 membra
964 4222 1081 4278 melitite
1092 4223 1127 4278 ad
1142 4222 1276 4277 honitatis
1290 4237 1418 4276 amorem
1440 4219 1589 4288 convertit,
1608 4217 1702 4292 utqui
1718 4220 1810 4274 malus

60 4309 171 4381 singula
186 4310 282 4366 olficia
296 4310 432 4380 habeant,
447 4315 475 4367 et
493 4312 723 4384 altergiudulgeat
737 4313 819 4369 alteri
843 4312 903 4386 lot..
922 4312 942 4366 D
961 4311 1054 4367 luerat
1078 4311 1234 4384 diligendo,
1260 4310 1431 4382 agendoque
1445 4309 1580 4381 {malum
1609 4307 1701 4363 bouus
1728 4308 1811 4364 ileret

62 4395 188 4470 indigeat
216 4399 332 4470 altero],
356 4399 434 4471 quod
469 4416 528 4456 non
557 4401 643 4458 hahet
670 4402 751 4458 alter.
782 4403 906 4458 Proinde
962 4400 1095 4467 amando,
1111 4400 1294 4471 gerendoque
1309 4399 1517 4454 bonunr.llanc
1529 4396 1734 4470 praeventionis
1748 4413 1811 4468 gru-

64 4489 189 4542 omninm
206 4488 278 4543 liant
291 4488 457 4544 communia
471 4490 540 4545 dum
554 4490 629 4544 fiunt
649 4490 765 4545 sibimet
778 4491 907 4546 membra
961 4487 1030 4543 tiam
1046 4489 1252 4543 commendans
1267 4487 1412 4557 Scriptura
1433 4487 1519 4542 dicit:
1538 4504 1552 4538 a
1572 4485 1641 4552 Quis
1660 4486 1740 4558 prior
1759 4486 1809 4542 de-

65 4574 180 4630 iuricem
200 4576 383 4648 neccssaria]
412 4577 510 4632 Totius
535 4578 654 4650 capituli
670 4584 778 4634 textum
799 4596 906 4651 ponere
961 4574 1004 4630 dil
1027 4576 1063 4640 ei,
1091 4580 1119 4632 et
1143 4576 1286 4630 tribuetur
1304 4575 1366 4630 illi‘l
1384 4576 1522 4647 quoniam
1548 4591 1583 4629 ex
1607 4575 1681 4646 ipso,
1711 4574 1740 4629 at
1758 4590 1810 4646 per

67 4663 152 4728 libuit,
168 4681 204 4719 ne
220 4665 286 4737 quis
301 4665 384 4720 nohis
398 4665 571 4721 calomniam
583 4667 771 4739 intorqueret,
793 4668 817 4723 si
844 4685 906 4740 par·
961 4662 1067 4733 ipsum,
1092 4667 1118 4718 el
1143 4663 1172 4718 in
1197 4663 1257 4734 ipso
1274 4667 1341 4718 snut
1355 4663 1453 4717 omnia
1476 4665 1561 4730 (Rom.
1584 4678 1622 4730 ιι,
1653 4665 1697 4729 35,
1721 4665 1809 4732 36).u

70 4753 118 4806 hm
136 4769 300 4825 excerpere,
327 4758 439 4825 partem
464 4770 530 4809 sero
552 4756 742 4811 voluissemus
762 4757 906 4826 omittere,
961 4751 1131 4807 Annectitur
1146 4756 1241 4807 autern
1256 4767 1352 4820 causa,
1367 4767 1431 4822 quae
1449 4751 1521 4805 sires
1535 4751 1659 4805 hominis
1679 4751 1715 4806 ad
1734 4751 1809 4805 bene

70 4843 198 4912 tauquam
213 4842 465 4911 corrumpentibus
480 4846 630 4898 auctorum
646 4843 813 4912 sententias,
830 4850 858 4898 et
870 4845 905 4899 ad
961 4840 1105 4912 agendum
1117 4840 1204 4896 eflicit
1218 4840 1384 4909 imbecilles,
1402 4839 1458 4894 nisi
1477 4838 1567 4894 divini
1578 4839 1707 4895 muueris
1722 4836 1808 4891 luerit

72 4933 164 4983 nostre
186 4928 291 4984 seriem
307 4929 518 4986 adinventionis
545 4931 794 5003 detorquentibus.
819 4932 906 5003 Cujus
961 4929 1066 4985 arrailio
1081 4931 1242 4997 roboratus;
1259 4929 1327 4984 dicit
1341 4929 1438 5000 itaque
1454 4945 1460 4983 :
1479 4929 1561 5000 [Nam
1573 4930 1700 5000 pondere
1715 4923 1808 4979 carnis

73 5031 174 5088 quoque
194 5016 345 5072 calumnie
368 5017 584 5075 denotationem
599 5019 688 5074 vitare
702 5020 829 5076 solentes
855 5037 906 5076 su·
959 5020 1047 5075 homo
1061 5019 1100 5072 sic
1115 5019 1221 5090 agitur,
1237 5022 1268 5073 ut
1281 5018 1317 5073 sit
1330 5018 1365 5073 nd
1386 5019 1561 5091 peccandum
1577 5016 1677 5080 facilis,
1694 5013 1729 5068 ad
1746 5027 1806 5084 pce·

75 5116 114 5170 pra
127 5106 286 5176 positorum
304 5107 459 5161 sententias
474 5112 633 5177 auctorum,
648 5109 802 5181 Augustini
828 5109 905 5165 side·
960 5108 1110 5163 nitendum
1124 5108 1233 5162 tardus.
1251 5108 1342 5163 Habet
1356 5107 1390 5162 de
1410 5122 1439 5163 se
1458 5107 1533 5161 unde
1555 5107 1679 5168 currunt,
1693 5105 1722 5156 et
1748 5115 1807 5155 nou

76 5188 128 5247 lieet
139 5199 167 5249 et
181 5193 360 5266 reliquorum
383 5196 508 5267 longiori
526 5197 641 5261 circulo,
660 5214 692 5252 ac
707 5214 779 5270 pene
803 5215 904 5270 super·
959 5197 1045 5253 habet
1067 5196 1144 5250 unde
1159 5199 1266 5266 surgat,
1288 5195 1342 5250 nisi
1357 5196 1451 5268 gratia
1466 5191 1637 5256 conditoris,
1654 5193 1685 5243 ut
1713 5190 1807 5262 eriga-

77 5281 120 5335 tloo
133 5283 269 5340 adnotare
282 5284 452 5352 maluimus3
470 5285 629 5358 deligentes
648 5286 742 5358 potins
767 5287 906 5359 snpertlni
959 5291 1016 5355 tur,
1040 5301 1159 5340 manum
1183 5284 1290 5355 jacenti
1308 5285 1460 5357 porrigat]
1475 5286 1581 5339 Pontus
1604 5279 1700 5350 itaque
1715 5281 1808 5335 carnis

79 5366 103 5422 de
115 5371 283 5444 loquacitate
310 5373 410 5442 sideri,
428 5390 516 5446 quam
539 5375 770 5447 reprehensionis
795 5375 905 5431 crimen
960 5375 1028 5448 quid
1047 5378 1098 5443 est,
1116 5373 1170 5430 nisi
1193 5375 1357 5445 corruptela
1383 5371 1509 5445 peccati?
1534 5369 1611 5424 Hanc
1627 5368 1724 5442 itaque
1748 5386 1808 5426 cor·

78 5455 103 5510 dt
124 5462 326 5516 nutentiarum
354 5461 508 5517 violatione
527 5464 705 5519 contrahere.
733 5464 762 5520 Si
785 5464 849 5537 quis
868 5473 905 5520 ta·
959 5463 1103 5536 ruptelam
1128 5461 1238 5531 incidit,
1266 5463 1381 5534 quando
1404 5464 1470 5533 post
1496 5457 1569 5530 ligni
1588 5457 1668 5515 vetiti
1691 5466 1808 5535 gustum

80 5559 129 5603 nen
142 5550 226 5620 hujus
242 5549 392 5605 sententie
409 5551 529 5606 soluerit
552 5551 718 5623 diligentius
733 5554 816 5608 verba
838 5570 902 5608 seu-
959 5553 1050 5624 aperti
1079 5556 1145 5606 sunt
1169 5552 1195 5606 ei
1222 5551 1306 5612 oculi.
1336 5554 1363 5603 et
1391 5547 1527 5602 nuditatis
1558 5565 1617 5604 srroe
1643 5551 1806 5621 squalorem
