3930 6098
95 247 144 302 791

693 243 804 300 rsonts
822 243 1070 302 sebastiensis
1087 243 1246 300 nunaunt

1792 242 1841 296 ror

93 386 223 438 testatur.
237 381 336 437 Senior
357 384 455 434 antem
476 382 576 433 noster
592 378 754 434 Grimaldus
768 378 813 434 bis
836 379 937 434 diebus
955 379 1081 434 Aciunt.
1100 381 1164 434 Post
1178 380 1296 450 longam
1311 379 1509 451 hujuscemodi
1531 378 1714 434 vexationem
1731 377 1842 433 sinistra

96 470 126 525 in
136 469 309 524 monasterio
324 467 435 538 positus
450 482 515 522 cum
529 466 591 537 ipsa
607 467 677 521 bora
692 483 752 537 prae
766 467 877 522 loribus
896 467 944 522 be·

95 559 180 613 silice
200 557 272 611 inira
283 557 439 611 claustrum
454 555 632 621 consisteret,
654 555 753 610 audito
775 556 943 626 hujusmodi

96 644 215 715 strepitu
232 645 416 698 Salomonem
438 643 603 714 episcopum
620 660 676 697 una
701 660 766 698 cum
791 645 943 715 Augiensis

95 732 220 787 caenobii
242 732 355 802 abbate,
374 733 425 802 qui
449 733 510 803 ipso
535 733 580 786 die
607 733 715 787 ibidem
739 737 942 800 convenerant,

95 834 191 872 secum
216 835 373 886 assumens,
404 821 550 874 ecclesiam
573 821 668 885 intrat,
693 837 865 892 causamque
884 826 943 876 tam

95 906 234 961 horrendi
260 913 346 978 atque
371 907 478 960 insoliti
510 907 643 960 clamoris
666 906 832 978 interrogat.
870 908 942 973 Ouid

97 995 197 1067 plura?
220 994 344 1050 Abbates
371 1010 436 1048 cum
465 995 600 1065 episcopo
639 995 756 1066 propius
794 996 942 1062 accedunt,

95 1083 186 1138 tlebili
202 1084 310 1138 ululatu
323 1099 448 1154 puerum
465 1085 520 1137 buc
536 1084 660 1155 illucque
670 1084 699 1136 iu
717 1084 879 1154 parimento
895 1101 944 1138 vo·

96 1172 182 1225 lutari
208 1176 340 1232 cernunt.
367 1188 455 1242 seque
476 1170 570 1242 ipsum
583 1171 707 1242 propriis
730 1172 875 1243 unguibus
897 1189 944 1227 co-

4 1247 12 1260 '
97 1264 181 1332 gente
197 1260 329 1314 molestia
352 1260 477 1314 lacerare
492 1265 521 1313 et
542 1260 624 1331 quasi
648 1261 811 1332 discerpere
837 1262 947 1333 perspi·

998 484 1099 523 manus
1112 469 1141 522 in
1156 468 1249 522 volam
1261 471 1406 522 contracta
1421 467 1593 534 extenditur,
1616 467 1769 521 incursata
1783 481 1840 521 oer-

996 557 1040 612 vix
1056 558 1201 628 erigitur:
1218 557 1367 611 sinistrum
1387 572 1503 629 quoque
1522 572 1600 627 genu
1624 571 1690 610 cum
1713 556 1787 626 pede
1810 556 1841 611 ad

996 646 1097 702 tibiam
1119 647 1253 716 supinato
1272 647 1393 703 latreus,
1418 650 1445 700 et
1469 646 1566 715 planta
1590 645 1674 715 pedis
1697 644 1790 699 dextri
1810 645 1841 699 ab

997 735 1065 806 ipsis
1088 735 1202 790 natibus
1232 734 1336 806 quibus
1355 735 1494 806 impressa
1525 735 1629 800 luerat,
1655 733 1747 788 tracto
1773 748 1840 804 genu

997 841 1062 879 cum
1078 823 1227 894 sanguinis
1241 822 1380 877 allusione
1408 821 1570 893 prosiliens,
1595 819 1734 892 episcopo
1762 821 1838 875 etiam

997 919 1107 967 astante
1131 913 1329 984 hymnumque
1354 915 1390 966 're
1420 912 1506 965 Deam
1536 909 1681 964 tondamus
1715 914 1838 975 canente,

997 1001 1161 1073 corrigitur.
1172 1001 1202 1054 ln
1216 1015 1349 1071 processu
1366 1016 1434 1071 ergo
1455 998 1594 1069 temporis
1617 1013 1691 1069 puer
1706 997 1768 1067 ipse
1786 1013 1837 1051 atu·

999 1091 1097 1145 hulare
1117 1089 1211 1159 eoepit,
1236 1095 1262 1142 et
1287 1088 1373 1143 modo
1397 1088 1428 1142 in
1453 1087 1629 1142 monasterio
1654 1086 1737 1140 noris
1765 1091 1837 1140 utens

999 1177 1155 1249 gressibus,
1170 1176 1257 1247 bajus
1276 1174 1407 1230 miraculi
1423 1175 1543 1230 idoneus
1556 1174 1636 1228 testis
1655 1173 1760 1228 existit.

768 1504 910 1578 LIBER
939 1504 1202 1579 SECUNDUS.

423 1716 569 1771 PnAEra'r
572 1716 616 1772 10.

97 1833 283 1887 Demirucutr's
297 1847 358 1901 qua>
371 1833 569 1892 uostttrrutom
590 1833 680 1885 suncti
703 1831 829 1888 Otbmom'
854 1836 944 1886 truns-

228 1903 357 1959 larionem
372 1905 401 1957 iu
416 1900 475 1972 ejus
490 1902 603 1956 basilico
614 1907 677 1956 sunt
690 1908 806 1957 osterna.

24 2068 30 2076 .
131 2017 227 2071 Sancti
252 2016 342 2071 Patris
369 2015 458 2070 nostri
492 2015 629 2069 miracula
654 2016 793 2070 hactenus
818 2032 835 2070 a
862 2016 945 2072 nobis

97 2105 147 2160 rili
161 2120 327 2160 sermonum
340 2104 486 2159 schemate
503 2104 623 2174 prolata,
650 2120 816 2176 quanquam
832 2104 945 2159 lectori-

96 2195 150 2249 bus
168 2193 313 2249 benevolis
336 2193 372 2247 ad
388 2193 558 2248 declaranda
573 2194 730 2247 sanctitatis
755 2197 816 2262 ejus
842 2210 947 2264 praeco-

96 2283 145 2338 nia
160 2282 291 2337 sulficere
305 2298 364 2336 non
379 2281 554 2349 dubitemus,
572 2287 669 2336 tamen
688 2282 755 2353 quia
775 2283 900 2337 basiliere
916 2283 946 2337 in

97 2371 159 2440 ejus
174 2372 313 2425 bonorem
331 2369 507 2425 aedificandae
523 2371 610 2441 paulo
632 2371 764 2442 superius
776 2372 885 2425 mentio
905 2371 947 2426 in-

98 2460 176 2524 cidit,
195 2459 320 2529 qualiter
333 2464 449 2528 peracta
464 2459 526 2526 ejus
541 2459 753 2513 constructione
775 2463 890 2514 sanctus
904 2460 947 2514 vir
1002 2508 1008 2519 ,

97 2549 129 2602 in
144 2563 208 2602 eam
223 2547 378 2600 translatus
393 2546 487 2607 inerit,
506 2546 611 2616 quibus
629 2546 832 2601 miraculorum
849 2553 947 2601 osten·

99 2636 228 2691 sionibus
250 2635 428 2689 sanctitatem
454 2635 516 2704 ejus
542 2634 638 2689 divina
664 2635 815 2689 clementia
840 2635 946 2690 ibidem

99 2730 198 2797 postea
213 2722 446 2784 manifestaverit,
470 2738 505 2777 ne
525 2722 669 2777 oblivione
691 2723 857 2793 depereant,
884 2742 946 2778 suc·

99 2811 259 2867 sessoribus
294 2812 398 2864 nostris
430 2811 556 2865 breviter
584 2812 750 2866 contradere
780 2813 859 2876 libet,
888 2830 946 2867 non
1003 2864 1008 2874 ,

99 2915 237 2969 pomposa
261 2899 413 2953 verborum
441 2898 640 2970 complexione
660 2916 865 2969 supervacuam
891 2902 948 2955 lau·

99 2988 228 3041 dantium
257 2987 378 3058 gloriam
408 2992 593 3058 aucupantes,
611 2988 661 3042 sed
678 2988 819 3043 dictorum
834 2995 985 3057 tantumc

101 3077 184 3131 modo
194 3075 529 3146 simplicitateveritatem
538 3091 635 3130 rerum
649 3079 947 3147 querentibusosten·

99 3167 166 3220 dere
180 3166 337 3235 cupientes.
354 3166 451 3236 Neque
471 3152 555 3218 'enim
579 3171 696 3232 nostre,
721 3166 769 3220 sed
795 3166 872 3221 illius
895 3183 947 3221 nos

37 3280 45 3299 ·
100 3254 201 3324 gloriae
231 3253 323 3324 potius
353 3253 469 3306 studere
500 3252 645 3320 condecet,
681 3254 731 3324 qui
767 3255 863 3309 electis
890 3256 948 3310 suis

100 3343 196 3413 primo
212 3342 321 3396 bonum
346 3341 426 3407 velle,
453 3339 558 3394 deinde
585 3341 684 3396 tribuit
712 3342 857 3410 inchoare,
887 3350 948 3398 tum

102 3432 187 3485 etiam
206 3430 279 3483 vires
296 3429 436 3498 implendi
451 3444 616 3499 suggerere,
640 3445 671 3483 ac
695 3437 839 3501 postremo
861 3433 950 3504 digna

103 3535 151 3574 eos
165 3517 295 3572 mercede
310 3533 509 3584 remunerans,
528 3518 709 3572 sanctitatem
734 3536 834 3574 eorum
858 3521 950 3576 virtu-

104 3607 179 3661 tibus
194 3611 222 3659 et
235 3604 325 3675 signis
340 3609 472 3674 patenter
488 3604 625 3676 dignatur
640 3608 800 3662 ostendere.
817 3608 950 3682 Quapro-
1027 3657 1031 3665 .

102 3702 167 3765 pter
181 3694 274 3764 ipsum
292 3692 454 3763 peremnia
468 3693 556 3747 totius
579 3694 648 3748 boui
667 3696 777 3750 iontem
791 3697 947 3753 bonorum·

103 3799 159 3854 que
170 3782 300 3836 omnium
316 3781 482 3851 largitorem
502 3782 531 3836 in
552 3783 628 3837 beati
648 3785 737 3854 patris
752 3787 843 3840 nostri
863 3788 951 3842 mira·

102 3871 302 3925 culislaudare
316 3869 522 3936 desideramus,
539 3871 704 3926 liavidicum
719 3874 791 3928 illud
804 3875 949 3931 dicentes:

103 3962 163 4016 Noa
176 3960 262 4023 notu,
282 3960 405 4025 Domine,
421 3974 475 4013 noa
489 3959 575 4019 uotis.
591 3960 639 4015 red
655 3962 762 4018 nomini
775 3968 820 4017 tuo
835 3963 873 4018 du
893 3966 951 4033 pto·

104 4052 176 4103 eam
187 4047 275 4118 (Prot.
289 4051 378 4114 cxrrr).

384 4153 497 4208 CAPUT
517 4153 663 4210 reiltun.

105 4270 167 4324 De
156 4269 242 4337 spatas
265 4269 379 4322 eccesia
402 4269 607 4332 consecratione,
637 4273 662 4323 ct
688 4271 867 4340 quomodote
891 4273 954 4342 ipso

140 4340 319 4464 gpqappqqtoue
350 4343 441 4392 mutas
472 4338 584 4407 quidum
611 4340 739 4408 loquendi
770 4357 879 4397 munem
916 4346 954 4399 sit

142 4543 208 4596 Post
221 4539 438 4594 translationem
453 4539 544 4612 igitur
561 4557 649 4612 supra
668 4547 868 4611 memoratam,
885 4560 951 4599 evo·

107 4630 175 4684 lutis
190 4629 278 4684 trium
293 4644 367 4698 pene
395 4644 538 4684 annorum
561 4629 671 4701 spatiis,
697 4648 762 4686 curn
786 4631 862 4686 beati
883 4632 953 4689 uth-

107 4717 180 4772 mari
203 4715 321 4772 basilica
349 4715 452 4771 studiis
475 4717 574 4772 devote
598 4736 662 4773 eam
684 4720 889 4775 redillcanlium
908 4721 955 4775 de·

106 4811 205 4861 center
217 4806 277 4875 Jam
297 4803 421 4874 perlecta
438 4804 548 4871 inisset,
562 4806 659 4861 senior
681 4813 778 4862 noster
792 4808 955 4863 Grimaldus

109 4893 238 4950 Ludovici
260 4892 335 4964 regis
354 4892 611 4964 archicapellanus,
638 4897 789 4967 prelatum
816 4897 954 4952 Constan-

108 4982 207 5038 tiensis
231 4980 360 5037 Ecclesiae
383 4982 536 5053 praesulem
558 4985 594 5038 ad
614 4985 777 5055 peragenda
804 5000 955 5040 cousecra-

107 5070 194 5127 tionis
210 5070 272 5142 ejus
285 5069 425 5124 solemnia
440 5071 645 5125 monasterium
660 5071 762 5126 itidem
787 5073 886 5129 venire
908 5090 954 5127 ro-

109 5159 196 5232 garit.
225 5158 307 5224 Quod
322 5158 391 5213 dum
415 5156 491 5212 tama
515 5158 649 5230 vulgante
674 5159 789 5231 populis
811 5160 840 5215 in
864 5160 957 5216 vicino

144 5318 316 5374 ⁸Goldasto
343 5317 501 5383 Arupoewe.
531 5317 589 5370 lluc
618 5315 685 5372 lacit
712 5319 897 5389 llepidannus
926 5320 958 5375 in

109 5389 214 5443 Vitas.
229 5387 386 5443 wiboradae
400 5386 450 5441 lib
470 5403 498 5452 u,
515 5403 577 5459 cap
595 5390 621 5453 tl,
635 5390 664 5442 iu
681 5404 754 5459 popo
770 5393 819 5461 qui
832 5393 958 5458 Emuowe

109 5465 293 5528 nuncupatur,
317 5474 395 5530 quera
419 5458 629 5527 Arortslluor'ur
650 5475 684 5515 ea
707 5476 760 5516 uno
783 5463 865 5517 lutere
884 5477 956 5532 pra·

967 1715 1101 1787 Bpositis
1130 1720 1309 1787 compertum
1338 1716 1440 1770 luisset
1465 1715 1689 1788 videlieetquod
1725 1719 1835 1778 sanctus,

999 1805 1041 1858 vir
1056 1804 1091 1858 de
1113 1803 1230 1858 basilica
1244 1803 1271 1859 S.
1296 1805 1369 1860 Galli
1390 1804 1421 1859 in
1443 1820 1527 1858 suum
1556 1803 1753 1874 deportandus
1775 1808 1838 1857 esset

999 1892 1165 1958 oratorium,
1182 1893 1267 1946 sacris
1282 1891 1344 1962 ejus
1359 1892 1501 1964 exsequiis
1520 1893 1660 1946 iuteresse
1688 1890 1835 1961 cupientes,

1000 1980 1206 2035 monasterium
1221 1981 1387 2035 catervatim
1405 1980 1485 2035 adire
1505 1985 1664 2051 coeperunt.
1694 1978 1837 2050 Episcopus

1000 2074 1094 2122 autem
1110 2069 1156 2123 die
1169 2073 1273 2122 statuto
1289 2069 1504 2139 superveniens,
1521 2068 1671 2122 ecclesiam
1692 2066 1746 2121 sub
1761 2065 1837 2136 ipsius

999 2155 1116 2209 nornine
1128 2155 1295 2209 solemniter
1310 2153 1459 2220 dedicarit,
1476 2170 1507 2206 ac
1532 2152 1636 2207 deinde
1660 2152 1763 2206 sacrati
1785 2165 1835 2204 cor·

940 2269 942 2276 ·
1001 2242 1078 2314 poris
1093 2243 1221 2297 membra
1237 2259 1398 2314 aggressus,
1422 2242 1562 2313 quasdam
1587 2257 1620 2294 ex
1642 2257 1676 2294 eo
1698 2238 1836 2311 particulas

999 2348 1052 2402 pro
1077 2331 1206 2402 reliquiis
1225 2331 1361 2400 deinceps
1385 2328 1583 2385 condonandis
1606 2344 1739 2382 seorsum
1769 2344 1836 2398 repo

1001 2420 1072 2486 suit;
1089 2424 1192 2473 caetera
1207 2424 1302 2472 autem
1318 2435 1406 2473 mauu
1430 2397 1480 2472 su‘a
1504 2417 1662 2472 honorilice
1690 2417 1834 2479 involvens,

1000 2525 1030 2562 m
1046 2508 1222 2579 sarcophago
1243 2523 1316 2561 noro
1332 2507 1489 2561 collocavit.
1507 2507 1570 2560 lllas
1588 2521 1706 2577 quoqne
1730 2505 1833 2571 oblatas,

1001 2614 1071 2668 quas
1094 2595 1253 2650 narrationi
1275 2594 1416 2665 superiori
1438 2595 1467 2648 iu
1489 2595 1551 2666 ejus
1566 2593 1679 2647 tumulo
1698 2591 1833 2647 retulimus

1000 2686 1088 2740 luisse
1099 2689 1236 2754 repertas,
1253 2691 1372 2738 eatenus
1393 2684 1576 2754 incorruptas
1594 2688 1682 2752 atque
1705 2681 1832 2736 omnimo·

1001 2774 1044 2829 dis
1070 2773 1170 2827 illesas
1192 2773 1362 2842 perdurasse
1388 2771 1518 2836 miratur,
1544 2776 1572 2824 et
1587 2770 1728 2841 quasdam
1752 2784 1784 2822 ex
1800 2766 1832 2820 eis

1002 2863 1144 2917 involutas
1171 2877 1251 2915 sacro
1270 2860 1370 2914 itidem
1396 2860 1508 2929 corpori
1539 2860 1740 2930 superposuit;
1776 2855 1832 2911 alius

1002 2967 1068 3005 vero
1092 2950 1195 3021 pyxide
1223 2948 1393 3015 recondens,
1422 2948 1639 3020 superventuris
1672 2945 1831 3018 temporibus

1002 3057 1053 3110 pro
1064 3039 1220 3094 sanctitatis
1234 3037 1297 3108 ejus
1318 3037 1484 3092 testimonio
1507 3053 1675 3092 conservare
1701 3033 1829 3106 precepit

1003 3131 1070 3183 Post
1084 3128 1144 3182 lraec
1159 3131 1255 3182 autem
1273 3126 1355 3180 nobis
1379 3126 1513 3180 omnibus
1537 3125 1624 3179 sacris
1649 3123 1771 3179 vestibus
1794 3136 1830 3174 so·

1003 3214 1136 3269 lemniter
1151 3215 1269 3284 paratis,
1285 3214 1390 3284 praesul
1404 3212 1464 3282 ipse
1479 3212 1544 3267 date
1561 3212 1592 3266 in
1608 3211 1699 3265 altum
1720 3207 1830 3265 oratioue

1003 3303 1185 3374 presbyteros
1199 3303 1248 3375 qui
1264 3303 1405 3369 astabant,
1426 3301 1519 3356 virum
1536 3299 1587 3355 Dei
1608 3299 1685 3354 foras
1699 3299 1829 3370 deportan-

1002 3391 1071 3445 dum
1086 3389 1381 3446 levare-commonuit.
1398 3389 1453 3443 Nec
1476 3404 1555 3442 mora
1576 3403 1642 3442 cum
1667 3387 1793 3441 crucibus
1809 3385 1831 3435 el

1003 3478 1093 3533 cereis
1119 3483 1204 3550 atque
1226 3478 1379 3532 thuribulis
1402 3482 1516 3531 sauctus
1534 3476 1576 3529 vir
1595 3475 1631 3529 ab
1654 3475 1770 3530 ecclesia
1792 3471 1830 3526 de·

1004 3572 1145 3638 portatur,
1157 3567 1315 3637 eademque
1331 3566 1400 3619 hora
1416 3568 1512 3619 mutus
1527 3563 1646 3636 quidam
1657 3563 1729 3634 eius,
1745 3566 1774 3615 ut
1788 3574 1831 3614 ore

1005 3656 1111 3724 damus,
1133 3654 1242 3709 meritis
1270 3653 1407 3725 loquendi
1430 3652 1525 3709 cilicio
1556 3658 1737 3708 muneratur.
1763 3649 1831 3719 eujus

1005 3751 1102 3799 tamea
1124 3759 1259 3815 persona,
1280 3747 1379 3814 utpote
1395 3741 1468 3809 vilis,
1484 3741 1553 3813 quia
1573 3741 1656 3796 nobis
1675 3738 1831 3796 eatenusiu-

1006 3834 1120 3906 cognita
1133 3833 1289 3900 exstiterat,
1313 3831 1378 3886 ideo
1406 3831 1576 3885 miraculum
1597 3831 1674 3901 quod
1699 3830 1729 3884 iu
1753 3845 1779 3884 se
1794 3840 1830 3897 pt·

1004 3927 1112 3976 tratum
1146 3921 1299 3987 referebat,
1331 3920 1426 3990 primo
1455 3920 1570 3973 credere
1596 3917 1829 3973 dissimulavimus

1005 4011 1060 4065 Sed
1075 4026 1140 4065 cum
1155 4025 1190 4064 ex
1211 4025 1295 4081 pago,
1319 4008 1368 4080 qui
1389 4011 1507 4062 vocatur
1523 4007 1651 4073 emperor
1673 4016 1695 4074 ⁸,
1711 4023 1741 4062 se
1763 4004 1830 4061 tuse

1007 4103 1154 4167 assereret,
1160 4094 1184 4153 'a
1199 4098 1367 4170 parentibus
1388 4098 1449 4169 ejus
1474 4096 1594 4167 aliisque
1619 4096 1670 4167 qui
1694 4112 1760 4151 eum
1776 4095 1829 4149 bere

1006 4192 1155 4254 noverant,
1176 4191 1341 4242 nostrorum
1361 4191 1460 4257 postea
1481 4185 1670 4256 inquisitione
1686 4200 1779 4239 verum
1791 4182 1828 4236 bor

972 4291 1067 4353 pesse
1079 4274 1241 4329 didicimus.
1262 4275 1333 4329 Tum
1351 4289 1416 4326 aero
1432 4289 1532 4326 omnes·
1553 4289 1606 4327 nus
1629 4272 1728 4327 laudes
1740 4288 1770 4326 ec
1784 4283 1827 4323 ne

1009 4364 1098 4419 lodias
1112 4363 1252 4429 canendo,
1263 4362 1417 4417 comitante
1428 4377 1582 4415 numerosa
1592 4362 1762 4433 populorum
1773 4354 1826 4412 mul

1008 4453 1141 4518 titudine,
1157 4451 1253 4507 debita
1265 4467 1329 4505 cunr
1342 4449 1525 4504 veneratione
1540 4465 1646 4519 corpus
1660 4448 1739 4505 chari
1761 4439 1826 4502 raus

1008 4541 1220 4614 prosequimur.
1237 4541 1267 4592 ln
1282 4545 1364 4608 prato
1378 4544 1473 4593 autem
1495 4537 1643 4595 Orientem
1655 4553 1758 4605 ,reram
1776 4544 1824 4611 conj
1875 4574 1878 4583 .

1008 4631 1107 4686 stituto
1123 4629 1271 4702 paululum
1298 4644 1396 4697 presso
1415 4626 1507 4697 gradu
1530 4631 1693 4681 terratenus
1720 4618 1825 4696 proslttl¹

1009 4719 1199 4782 adoravimus,
1217 4721 1425 4787 surgentesque
1441 4716 1503 4786 pias
1517 4716 1578 4785 ejus
1593 4716 1709 4769 exuvies
1727 4708 1824 4781 singula·

1009 4809 1060 4863 tim
1077 4807 1183 4873 subire,
1197 4822 1230 4860 ac
1244 4806 1405 4875 superjecta
1421 4803 1563 4858 velamina
1582 4804 1735 4858 devotione
1750 4788 1824 4855 humili

1010 4896 1148 4969 eoepimus
1163 4894 1296 4950 osculari.
1313 4893 1375 4959 Quo
1388 4893 1474 4958 lacto,
1487 4908 1551 4946 cum
1565 4892 1749 4947 veneratione
1763 4878 1825 4943 mni·

1012 5001 1059 5040 ma
1084 4985 1119 5039 ad
1141 4983 1350 5038 monasterium
1380 4985 1576 5054 properantes,
1602 4985 1767 5051 sanctasque
1784 4971 1825 5039 tjll

1012 5073 1147 5145 reliquias
1161 5072 1191 5127 in
1220 5088 1301 5126 suam
1327 5071 1474 5127 basilicam
1496 5069 1725 5135 introducentes,
1749 5055 1826 5137 guli„

1013 5164 1082 5222 Deo
1106 5161 1156 5232 qui
1178 5166 1274 5217 tamen
1297 5160 1380 5216 nobis
1406 5158 1535 5215 letitiam
1564 5157 1696 5213 conterre
1723 5150 1827 5224 digu⁸l⁰⁸

1013 5319 1123 5386 tcrfluit,
1147 5331 1181 5370 ec
1205 5317 1289 5370 alteru
1317 5316 1435 5371 libanus.
1460 5314 1531 5368 ilinc
1555 5313 1724 5370 likkehardo
1752 5303 1829 5365 dicitu

1010 5402 1100 5468 papus
1115 5387 1215 5440 Araris
1220 5386 1328 5456 ,vulgo
1345 5387 1407 5441 l'Ar
1409 5400 1517 5455 ,qum
1531 5385 1617 5439 modo
1631 5385 1745 5439 Arolam
1756 5370 1831 5436 souti

1014 5458 1116 5514 Latini.
