3930 6098
111 284 178 337 uua
461 254 465 271 '
662 280 706 335 ou
727 280 896 335 rausum
916 281 1124 339 surtrnruruo
1144 281 1327 338 vnarrars.
1795 290 1862 345 uas

107 420 300 486 revocentur]
330 415 458 485 Itemque
490 412 567 467 alibi.
602 411 793 485 [Offerebatur
822 415 899 468 enim
937 415 1092 486 aliti.»
1125 416 1195 470 llam
1214 416 1244 468 in
1257 414 1423 470 tractatibus
1448 416 1631 472 inloannam
1655 418 1860 490 evangelistam

108 503 229 556 Domino
244 519 296 573 pru
313 503 405 556 salute
422 502 522 556 mundi
540 502 632 555 hostia
646 501 810 571 singularis,
835 506 865 557 et
879 503 956 556 occi·
1011 501 1115 568 (Troct.
1141 503 1196 557 48:
1216 503 1242 573 [e
1259 505 1364 570 Estote,
1381 504 1485 575 inquit,
1504 521 1579 559 oves.
1596 527 1606 554 ι
1625 507 1695 561 Oros
1715 507 1858 562 credendo

107 590 147 645 sio
162 590 223 645 veri
237 590 303 660 agui
325 605 376 660 per
391 595 434 643 tot
456 591 558 644 saecula
581 589 735 659 praedicata
756 590 956 659 promissionis
1010 596 1077 645 sunt
1087 607 1168 660 ores,
1184 598 1329 662 pastorem
1344 593 1489 663 sequendo
1500 599 1565 648 sunt
1580 612 1666 662 ores;
1681 596 1858 668 Redempto-

105 678 181 733 lilios
194 679 224 732 in
239 679 400 733 libertatem
419 676 488 732 lidei
503 678 700 732 transferebat.
726 677 957 733 Confirmabatur
984 674 988 679 '
1011 694 1145 733 ramnou
1167 680 1379 734 contemnendo
1403 687 1470 735 sunt
1489 699 1570 750 oras,
1598 700 1650 753 per
1679 685 1785 738 ostium
1813 685 1859 740 in·

107 784 222 839 quoque
245 766 461 821 Testamentum
482 766 604 833 Novum,
630 773 659 820 et
686 765 789 822 Christi
815 766 956 836 sanguine
1010 768 1112 822 trondo
1142 774 1210 822 sunt
1236 783 1320 834 ores3
1347 769 1489 834 exeundo,
1509 777 1537 825 et
1560 788 1666 842 pascua
1683 772 1858 828 inveniendo

107 856 209 911 aeterni
237 855 317 926 regui
347 854 543 909 scribebantur
568 854 707 908 haeredes.
739 854 956 925 ingrediebatur
1010 861 1076 910 sunt
1090 872 1166 910 oves.
1183 856 1333 920 Quomodo
1349 873 1416 928 ergo
1432 857 1495 911 istis
1510 859 1634 914 dixittr
1655 861 1718 915 Non
1743 861 1860 915 estisex

107 959 237 998 summus
255 942 385 1014 pontifex
407 943 510 997 Sancta
534 946 709 1010 sanctorum,
726 947 755 996 at
777 942 812 997 ad
833 959 956 998 exoran·
1011 944 1112 999 oribus
1130 945 1220 999 meis?
1243 944 1330 1016 (loon.
1346 961 1374 1013 x,
1395 945 1450 1014 26.)
1466 965 1480 998 a
1512 947 1583 1011 Quia
1610 949 1721 1003 ridebat
1748 965 1797 1004 eos
1823 950 1859 1004 ad

108 1036 177 1089 dum
208 1035 363 1089 homiuum
390 1034 590 1087 immaculatus
621 1033 752 1087 sacerdos
783 1048 834 1102 per
859 1034 955 1087 uelum
1010 1033 1219 1104 sempiternum
1235 1033 1384 1087 interitum
1400 1034 1629 1104 praedestinatos,
1651 1053 1707 1090 non
1721 1036 1858 1092 advitam

107 1140 166 1178 suoe
197 1122 290 1177 carnis
326 1121 472 1192 intrabat]
501 1122 535 1176 Et
573 1121 628 1175 alio
664 1122 746 1176 loco:
781 1119 955 1194 [iucarnatio
1010 1127 1148 1176 aeternam
1176 1122 1324 1193 sanguinis
1350 1123 1442 1194 pretio
1465 1123 1671 1196 comparatos]
1696 1126 1767 1179 llam
1793 1124 1858 1180 ibi:

107 1212 216 1284 quippe
237 1211 327 1279 verbi,
356 1214 385 1265 at
401 1210 505 1265 occisio
521 1226 552 1264 ac
575 1211 744 1264 resurrectio
770 1209 874 1264 Christi
891 1209 956 1262 uni·
1012 1208 1093 1282 [lota
1111 1210 1160 1263 illa
1171 1210 1232 1281 ejus
1248 1211 1353 1281 passio,
1369 1217 1466 1265 nostra
1487 1212 1642 1283 purgatio:
1660 1218 1702 1266 ast
1722 1229 1858 1283 passurus

108 1317 255 1355 versorum
273 1300 404 1354 fidolium
425 1298 656 1364 salusfactaest;
674 1304 702 1352 et
727 1297 842 1369 sanguis
872 1299 956 1351 unius
1010 1297 1367 1368 igiturexitia,praemisit
1387 1300 1534 1371 obsequia,
1552 1317 1609 1355 nou
1633 1301 1781 1355 solumeis
1806 1318 1858 1373 pro

104 1389 185 1460 justi,
203 1388 279 1460 qnod
305 1388 386 1442 nobis
409 1387 535 1453 donarit,
552 1386 603 1458 qui
627 1403 693 1441 curn
722 1386 956 1458 proracoucilia-
1010 1386 1191 1457 quilurserat
1221 1388 1368 1441 subiturus
1393 1393 1527 1455 mortem,
1558 1389 1606 1443 sed
1636 1389 1723 1442 etiam
1750 1389 1857 1459 illiqui

107 1478 183 1531 tione
202 1477 298 1531 mundi
321 1476 464 1530 credimus
482 1476 587 1544 lusum,
605 1475 657 1529 hoc
681 1476 800 1530 contulit
814 1475 955 1546 patribus,
1011 1491 1076 1529 cum
1105 1475 1199 1529 fuerat
1227 1476 1385 1530 traditurus
1413 1477 1448 1530 ad
1476 1476 1623 1549 mortem]
1656 1480 1687 1532 Et
1715 1479 1771 1532 alio
1794 1479 1858 1534 loro

107 1566 157 1638 qui
169 1566 302 1620 similiter
314 1564 706 1635 credideruntlundendum.]
1010 1564 1113 1634 (Troct.
1130 1565 1174 1634 69)
1191 1580 1197 1618 :
1215 1564 1240 1635 [a
1257 1565 1338 1629 Quod
1363 1564 1439 1632 lacis,
1462 1565 1566 1635 inquit,
1597 1566 1639 1619 iac
1668 1567 1751 1620 citius
1767 1572 1855 1636 (loon.

143 1655 244 1709 boatus
259 1653 346 1708 etiam
368 1655 557 1724 Hieronymus
580 1653 609 1707 in
630 1653 809 1724 expositione
823 1652 956 1721 Epistulae
1010 1667 1069 1718 xur,
1087 1654 1141 1721 27).
1159 1673 1174 1701 ι»
1193 1652 1253 1706 Non
1273 1653 1409 1723 praecepit
1431 1652 1549 1717 facinus,
1568 1653 1618 1707 sed
1633 1654 1765 1724 praedixit
1778 1655 1858 1710 tuda

107 1741 141 1796 ad
162 1742 284 1806 Galatas,
301 1757 365 1795 cum
382 1741 418 1795 de
443 1739 550 1794 eisdem
563 1739 667 1792 sanclis
693 1739 861 1810 loqueretur
882 1739 954 1793 auti·
974 1711 995 1765 B
1010 1741 1129 1808 malum,
1148 1741 1230 1794 nobis
1245 1741 1364 1794 bouuru.
1378 1741 1450 1805 Quid
1461 1742 1536 1795 enim
1548 1741 1627 1796 tudae
1640 1745 1732 1812 papis,
1744 1748 1773 1797 et
1786 1743 1857 1813 quid

106 1829 188 1902 quis:
206 1830 317 1901 [Nemo.
335 1829 439 1900 inquil,
450 1829 565 1883 illorum
578 1828 612 1882 de
623 1827 773 1882 maledicto
789 1828 952 1899 quempiam
1009 1829 1091 1882 uobis
1111 1829 1214 1883 melius
1242 1845 1328 1900 quam
1350 1830 1471 1883 traditus
1490 1830 1627 1896 Christus,
1645 1830 1680 1884 ab
1697 1830 1745 1886 illo
1757 1835 1858 1886 contra

105 1918 239 1973 liberavit
253 1917 360 1989 absque
376 1918 438 1971 solu
457 1917 580 1971 Domino
595 1916 662 1970 lesu
673 1916 794 1982 Christo,
811 1915 860 1987 qui
884 1933 951 1986 pre-
1008 1917 1102 1985 illum,
1119 1934 1171 1988 pro
1186 1917 1268 1971 nobis
1285 1923 1389 1988 prater
1405 1915 1509 1990 illum]
1529 1920 1560 1972 Et
1575 1919 1630 1973 alio
1644 1919 1705 1973 loco
1724 1916 1856 1991 :iouen-

106 2006 178 2061 tioso
202 2008 342 2076 sanguine
365 2023 427 2073 suo,
453 2011 480 2060 et
505 2021 556 2059 nos
575 2021 686 2069 omnes,
701 2009 730 2058 ct
742 2005 817 2075 ipsos
831 2005 953 2075 lloysem
1008 2011 1070 2061 tum
1087 2007 1151 2073 sibi,
1169 2007 1274 2078 inquit,
1289 2012 1482 2077 assumpserat
1501 2010 1601 2062 Petrus
1622 2008 1761 2063 intuendo
1786 2008 1857 2080 quid

103 2095 167 2151 dico
183 2099 330 2164 etheron,
347 2095 561 2166 prophetasque
582 2101 699 2148 cunctos
725 2099 754 2147 et
776 2093 954 2163 patriarchas
1007 2101 1125 2166 posset:
1142 2101 1283 2166 quantum
1297 2095 1351 2149 sibi
1366 2100 1568 2166 assumpserat,
1584 2101 1617 2150 ut
1633 2113 1697 2150 curn
1724 2119 1738 2146 u
1756 2096 1856 2151 nomi·

103 2183 138 2238 de
155 2183 308 2238 maledicto
327 2183 399 2254 legis
416 2182 546 2236 redemit.
572 2183 627 2236 Nec
643 2183 696 2236 hoc
721 2198 786 2236 meo
800 2198 884 2236 sensu
910 2181 953 2236 di·
1006 2200 1060 2239 nus
1075 2184 1198 2238 venisset
1217 2184 1342 2239 antinum
1366 2200 1447 2239 suam
1470 2200 1577 2256 ponere
1598 2201 1649 2256 pro
1674 2185 1773 2239 amicis
1795 2186 1856 2240 suis

103 2277 182 2325 ctum
205 2270 328 2342 putetis;
353 2269 499 2341 Scriptura
522 2269 603 2323 testis
628 2274 679 2335 ast,
693 2268 761 2338 quia
786 2287 801 2320 e
826 2268 953 2324 Christus
1007 2272 1095 2343 (loon.
1112 2288 1170 2336 ιιιι,
1185 2274 1242 2342 37),
1261 2295 1271 2321 ι
1288 2290 1321 2326 ac
1331 2288 1382 2342 per
1395 2272 1449 2326 hoc
1464 2278 1490 2327 et
1507 2289 1558 2343 pro
1574 2273 1647 2343 ipso,
1664 2273 1712 2328 ille
1728 2274 1782 2329 hoc
1798 2275 1854 2329 llo-

103 2361 197 2430 gratia
212 2359 263 2414 hei
276 2374 329 2429 pro
340 2359 473 2413 omnibns
488 2362 620 2412 mortuus
631 2362 673 2411 est
688 2358 735 2425 (II
746 2358 806 2414 Cur.
819 2372 846 2425 v,
860 2357 922 2428 l5);
939 2378 949 2405 ¹
1007 2361 1086 2417 mino
1103 2361 1205 2416 ollerre
1219 2360 1384 2426 confideret,
1402 2367 1500 2416 utnon
1525 2379 1577 2433 pro
1602 2378 1632 2416 se
1646 2363 1737 2433 posita
1760 2362 1856 2419 anima

103 2448 127 2502 si
142 2453 239 2502 autem
254 2464 305 2518 pro
321 2445 465 2514 omnibus,
479 2451 508 2500 et
523 2462 574 2517 pro
585 2447 687 2516 lloyso,
700 2450 728 2499 et
744 2461 797 2515 pro
813 2442 953 2497 universis
1007 2450 1123 2514 Christi,
1148 2451 1274 2503 animam
1291 2467 1372 2504 suam
1400 2451 1584 2520 polliceretur
1611 2451 1775 2521 positurum
1801 2468 1853 2522 pro

101 2537 261 2608 prophetis.
277 2536 298 2590 E
314 2535 418 2607 quibus
433 2534 530 2589 nullus
546 2534 637 2605 potuit
651 2534 775 2587 delere«
796 2531 953 2602 Chirogra-
1007 2538 1141 2608 christo]
1164 2539 1197 2592 Et
1212 2538 1278 2592 alibi
1295 2554 1301 2592 :
1319 2536 1457 2611 [christus
1477 2541 1608 2607 salvator,
1634 2540 1711 2610 quod
1738 2545 1781 2595 021,
1801 2556 1855 2595 uo·

102 2625 193 2697 phum
208 2630 298 2692 vetus,
324 2624 403 2696 quod
423 2624 575 2678 adversum
596 2639 647 2677 nos
673 2622 812 2692 scriplum
836 2626 907 2688 crat,
924 2623 953 2674 et
1007 2642 1075 2680 naen
1091 2626 1164 2695 ejus,
1179 2625 1312 2680 fidelibus
1332 2626 1392 2696 ejus
1408 2643 1415 2680 :
1433 2636 1476 2680 est
1492 2628 1599 2698 quippe
1618 2627 1716 2698 impiis
1732 2633 1761 2683 et
1773 2627 1853 2683 dam-

103 2714 222 2785 afligere
250 2714 321 2768 illud
348 2712 436 2769 cruci.
462 2712 567 2768 Omnes
591 2711 669 2766 enim
694 2715 893 2780 peccaverunt,
923 2714 952 2763 et
1006 2720 1090 2769 natur
1109 2714 1311 2785 quidignatur
1329 2714 1695 2789 fidelibus.essesalvator.]

54 2862 62 2877 ·
103 2807 190 2873 egent
219 2802 310 2873 gloria
341 2801 388 2856 oei
417 2802 484 2872 (Col.
513 2816 548 2866 u;
577 2802 650 2856 llum.
667 2798 720 2869 ιιι).
738 2820 752 2848 »
781 2800 851 2853 ltem
875 2797 951 2852 idem
1042 2803 1276 2857 Beatusantistes
1300 2809 1328 2857 et
1357 2809 1465 2875 martyr
1490 2803 1647 2875 Cyprianus
1673 2803 1703 2857 in
1726 2804 1799 2861 libro
1819 2803 1855 2860 da

103 2891 204 2945 doctor
225 2906 368 2961 exponens
389 2890 461 2944 illud
482 2888 625 2960 quodper
644 2888 813 2959 prophetam
836 2887 870 2940 de
895 2887 950 2940 llo·
1007 2891 1102 2945 Laude
1127 2890 1256 2961 martyrii
1276 2896 1304 2943 at
1329 2894 1498 2960 martyrum,
1529 2891 1682 2945 ostendens
1711 2891 1854 2946 amandi

103 2978 184 3034 mino
201 2979 310 3034 dictum
341 2985 407 3034 est:
437 3000 448 3029 ι
478 2980 533 3032 lsto
562 2982 696 3048 asperget
724 2981 824 3047 gentes
845 2974 1089 3045 multascinttio
1111 2977 1330 3049 predestinatos
1354 2978 1405 3048 qut
1419 2976 1525 3031 Christi
1552 2978 1692 3047 sanguino
1722 2993 1855 3048 asperga-

102 3068 173 3140 (Iso.
191 3084 237 3132 ιιι,
254 3069 310 3137 ts),
329 3088 343 3117 a
369 3067 522 3134 mundans,
547 3066 653 3137 inquit,
669 3082 716 3119 eas
731 3063 871 3134 sanguine
887 3079 951 3131 suo,
1006 3072 1107 3123 rentur
1121 3073 1150 3120 et
1160 3067 1386 3121 mundarentur:
1409 3063 1444 3137 [Ο
1460 3065 1544 3131 beati,
1561 3065 1666 3136 inquit,
1681 3082 1752 3137 quos
1767 3066 1854 3138 apri·

102 3162 129 3211 et
145 3157 360 3227 inbaptismate
376 3156 426 3210 Dei
446 3171 615 3210 consecrans
643 3152 796 3226 servituti]
824 3153 894 3206 ltem
921 3151 952 3205 in
1006 3157 1120 3211 morelio
1136 3155 1239 3210 muudi
1257 3155 1372 3209 Domini
1383 3155 1500 3227 sanguis
1516 3155 1624 3217 iniecit,
1649 3159 1677 3210 et
1702 3171 1774 3226 quos
1796 3171 1855 3210 ma·

103 3245 325 3300 Commentariis
343 3244 489 3316 Evangelii
516 3243 673 3298 secundum
701 3241 865 3299 llattbaeum
887 3255 953 3294 cum
1006 3246 1062 3301 rito
1077 3245 1213 3316 splendor
1235 3243 1287 3298 iste
1308 3243 1383 3298 nivei
1405 3244 1526 3298 amictus
1545 3243 1670 3298 induerit
1691 3248 1721 3297 et
1748 3243 1855 3298 candor

103 3334 191 3388 verba
205 3334 319 3389 Domini
334 3336 490 3405 exponeret
504 3330 626 3388 dicentis
642 3347 649 3385 ε
667 3352 681 3381 u
695 3330 773 3386 Sicut
796 3329 882 3384 Filius
899 3330 951 3384 ho·
1007 3335 1087 3389 stolas
1100 3333 1253 3388 ambientis
1269 3329 1400 3403 ornarit]
1415 3332 1485 3386 ltem
1508 3332 1536 3386 in
1553 3331 1625 3386 libro
1646 3331 1682 3385 ad
1696 3330 1854 3387 Demetria-

102 3422 190 3477 minis
210 3439 268 3478 nou
284 3422 361 3477 veuit
385 3421 554 3489 ministrari,
568 3420 617 3475 sed
643 3420 816 3484 ministrare,
841 3423 869 3472 et
885 3418 952 3472 dara
1008 3439 1100 3477 num:
1119 3422 1218 3493 illane,
1235 3421 1339 3492 inquit,
1360 3421 1482 3491 gratiam
1496 3421 1625 3475 Christus
1639 3419 1778 3491 impertit,
1800 3419 1855 3474 hoc
1936 3410 1946 3426 ⁸

102 3510 231 3566 animam
247 3526 329 3567 suam
341 3510 570 3580 redemptionem
590 3524 642 3581 pro
658 3508 755 3563 multis
779 3506 887 3577 (Mutila.
905 3522 952 3574 xx,
1007 3527 1112 3565 munus
1128 3510 1333 3565 misericordiae
1348 3526 1406 3564 suae
1422 3509 1532 3578 tribuit,
1548 3509 1707 3580 subigendo
1731 3511 1855 3563 mortem

105 3601 160 3670 ts).
175 3620 190 3649 >t
207 3600 280 3671 [Non
294 3598 375 3666 dixit,
392 3598 497 3670 inquit,
509 3597 577 3652 dare
593 3597 719 3652 animam
739 3611 821 3650 suam
839 3595 952 3649 redem-
1006 3602 1115 3669 tropaeo
1132 3599 1233 3665 crucis,
1250 3598 1417 3652 redimendo
1428 3598 1593 3654 credentem
1609 3597 1702 3669 pretio
1725 3597 1770 3652 sui
1789 3612 1854 3651 san·

102 3689 233 3759 ptionem
246 3703 298 3758 pro
315 3687 458 3752 omnibus,
476 3686 526 3742 sed
540 3702 594 3757 pro
610 3684 718 3753 multis,
734 3684 764 3738 id
790 3683 953 3755 estprohis
1007 3687 1113 3758 guinis,
1138 3687 1350 3742 reconciliando
1382 3687 1530 3741 hominem
1559 3688 1617 3742 Deo
1646 3685 1734 3750 Patri,
1761 3684 1852 3740 vivili-

102 3773 465 3848 quicrederevolnerint.]
1007 3776 1098 3829 cando
1132 3775 1281 3829 mortalem
1308 3775 1525 3844 regeneratione
1559 3774 1679 3840 coelesti3
1714 3773 1802 3840 bunc,
1832 3772 1856 3827 si

140 3865 213 3920 Item
226 3864 326 3919 beatus
341 3864 518 3935 Augustinus
531 3863 561 3917 in
573 3863 644 3917 libro
663 3861 698 3917 de
714 3862 820 3917 Natura
838 3865 867 3915 et
885 3877 952 3932 gra·
1006 3863 1068 3918 ilari
1084 3868 1187 3935 potest,
1205 3879 1360 3935 sequamur
1371 3879 1479 3932 omues,
1506 3862 1593 3932 hujus
1619 3866 1809 3928 sacramento,
1825 3865 1855 3916 at

102 3950 292 4025 tia:[elia,
308 3952 411 4023 inquit,
428 3952 498 4007 fidas
506 3953 597 4023 justos
608 3951 719 4005 sanavit
732 3950 875 4021 antiquos,
889 3966 953 4021 quaa
1008 3951 1090 4022 signo
1119 3967 1295 4006 censeamur.
1315 3951 1365 4008 ilic
1385 3951 1467 4005 nobis
1493 3949 1647 4005 viamvitae
1673 3950 1779 4021 apcrit;
1810 3949 1856 4004 bic

103 4046 184 4096 sanat
201 4047 230 4095 et
245 4057 307 4109 uos,
328 4040 411 4096 idest
426 4040 592 4095 mediatoris
619 4040 711 4094 liciat
733 4039 884 4094 hominum
900 4040 952 4093 ho·
1007 4040 1042 4094 ad
1058 4040 1223 4111 paradisum
1250 4040 1367 4095 reduces
1391 4040 1474 4106 facit;
1491 4039 1537 4093 bic
1564 4040 1854 4109 adcoelorumregna

103 4130 192 4185 minis
216 4129 320 4185 Christi
347 4131 413 4185 lesu
431 4131 456 4200 (l
477 4121 548 4185 Tim.
572 4145 602 4194 ιι,
619 4127 657 4195 5,)
670 4150 684 4177 »
708 4127 779 4182 lldes
805 4127 954 4197 sanguinis
1007 4128 1147 4200 perducit.
1164 4129 1235 4185 Cum
1251 4129 1313 4199 ipso
1331 4144 1446 4198 semper
1458 4129 1586 4182 vivemus
1604 4114 1670 4182 lacti
1686 4143 1737 4197 per
1758 4126 1855 4197 ipsum

103 4219 175 4290 ejus,
192 4219 456 4288 tidescruciseJ'us,
475 4217 664 4273 lidesmortis
686 4221 714 4271 et
737 4215 955 4271 resurrectionis
1010 4217 1061 4273 filii
1088 4217 1164 4273 hei:
1192 4233 1258 4272 cum
1293 4218 1356 4287 ipso
1380 4216 1586 4272 exsultabimus
1622 4230 1737 4285 semper
1766 4214 1857 4284 ipsius

103 4308 176 4378 ejus.
195 4326 210 4359 a
235 4307 375 4362 Habentes
397 4323 467 4377 ergo
492 4323 559 4361 eum
585 4305 720 4375 spiritum
748 4304 826 4367 fidei,
847 4309 874 4359 et
902 4320 954 4358 nos
974 4287 1114 4361 Dcruore
1128 4304 1391 4377 reparatillmen.

102 4395 260 4462 credimus,
289 4400 408 4468 propter
436 4395 514 4466 quod
544 4392 734 4465 elloquimur
761 4391 796 4464 (ll
823 4394 887 4448 Gor.
913 4408 953 4455 ιν,
