3930 6098
105 252 149 304 191
187 259 188 262 ’
409 218 410 221 ¹
438 241 664 300 uissuttrirlo
688 243 723 299 ΙΝ
751 243 814 298 tin.
840 244 886 301 DE
911 244 1075 300 CORPORE
1097 244 1142 300 ET
1172 241 1344 300 situentur:
1363 241 1494 299 hutini.

1801 246 1851 298 192

102 384 180 440 lidos.
198 380 358 438 Notandum
374 377 451 450 qnod
465 375 497 430 in
508 375 597 431 altera
612 375 715 431 barum
730 375 947 431 similitudinem
969 375 1160 447 iquidquum
1170 373 1263 445 fidem,
1283 389 1344 444 que
1358 375 1472 429 interius
1495 375 1587 428 auimo
1606 373 1683 438 lutet,
1704 375 1734 429 111
1754 378 1853 444 muste-

103 455 247 510 coelestem
276 465 389 522 panem,
420 447 468 519 qui
495 463 560 502 vere
587 447 693 504 Christi
711 463 777 501 caro
808 453 860 515 est,
890 463 949 501 non

103 522 250 580 communi
265 521 313 574 sed
328 535 379 574 suo
393 518 473 589 quasi
487 519 603 590 proprio
624 519 711 571 inodo
735 534 839 589 corpus
866 518 947 574 Chri·

104 597 140 650 sti
158 593 253 648 vocari
267 591 347 657 dixit,
369 590 437 660 quia
461 591 566 643 scilicet
589 605 691 661 corpus
712 589 780 642 illud
807 606 864 644 non
885 605 948 643 cor-

104 666 213 736 porale,
228 662 278 716 sed
292 660 439 732 spirituale
461 667 490 714 et
504 660 634 714 divinum
660 676 718 730 pree
733 661 868 714 omnihus
893 660 950 713 siu-

103 734 241 806 gulariter
262 733 352 786 vidit:
374 733 402 785 in
425 733 515 784 altera
531 739 624 785 autem
651 737 861 784 sacramentum
885 746 944 784 cur·

103 805 182 875 poris
200 803 314 870 Clirisli,
329 802 359 856 id
381 807 425 855 est
439 801 560 856 turmam
582 800 674 872 panis,
700 803 830 855 absolute
852 818 950 856 secun·

103 878 173 929 dum
190 874 345 945 quemdam
368 872 486 927 modum
512 888 617 942 corpus
637 871 750 937 Cliristi,
777 871 856 938 dixit,
882 873 950 942 quia

104 943 253 1001 communi
264 945 356 1015 ligura
372 959 429 996 non
446 943 627 997 existentium
644 943 721 1014 quud
735 942 951 997 dicunturillnd

104 1017 160 1071 dici
187 1031 291 1082 corpus
312 1014 415 1070 Christi
443 1013 561 1068 notavit.
586 1013 667 1079 Quod
688 1020 784 1068 autem
808 1014 950 1068 invisibile

103 1103 206 1158 corpus
219 1085 323 1141 Christi
339 1090 549 1139 sacramentum
573 1083 693 1138 risibilis
713 1085 840 1154 corporis
865 1084 950 1138 Cliri-

103 1159 140 1212 sti
155 1157 236 1223 dixit,
258 1156 478 1225 intelligibiliter
504 1160 614 1208 tantum
635 1170 686 1225 per
715 1157 884 1210 exteriorem
901 1156 951 1209 ali-

104 1244 190 1300 quam
220 1229 372 1294 actionem,
401 1232 430 1280 et
467 1241 527 1280 non
551 1227 720 1280 sensualiter
752 1225 950 1298 accipiendum

104 1307 155 1352 est.
181 1318 192 1347 1

138 1369 192 1424 llll.
225 1368 281 1434 Quo
309 1382 388 1423 seusu
416 1367 519 1421 dictum
545 1367 580 1420 ab
612 1368 659 1421 illc
683 1373 733 1429 est,
760 1367 866 1422 scilicet
896 1366 950 1421 lla·

104 1445 229 1504 tramno,
258 1454 338 1492 unm.
362 1442 406 1504 511,
423 1439 543 1506 intellige
567 1438 639 1507 quod
663 1440 766 1492 11111111
792 1441 888 1508 specie,
904 1437 952 1491 sed

103 1513 134 1565 in
145 1513 244 1565 uirtute
259 1524 356 1576 eorpus
376 1515 400 1563 et
423 1512 536 1575 scriptiis
554 1509 657 1564 Christi
675 1511 868 1577 assistuntque
893 1523 950 1561 cer·

103 1587 215 1637 1111111111.
239 1580 316 1646 Quod
330 1585 369 1633 est
391 1581 583 1634 catholicorum
600 1579 713 1647 effatum
728 1587 853 1648 impetere
868 1594 950 1645 uperi-

104 1655 177 1708 tium
203 1653 296 1719 utique
323 1651 371 1704 lice
396 1649 469 1718 quod
499 1649 620 1706 ceruitm
647 1656 687 1703 est
716 1664 817 1725 corpus·
850 1650 952 1707 13111111·

103 1738 206 1776 uuum.

453 1822 609 1861 responsio.

140 1931 178 1984 Ex
209 1931 264 1985 lioc
287 1930 530 2001 apophthegmata
557 1930 763 1985 catholicorum
800 1932 954 1987 bominum

103 2016 164 2056 non
198 2001 421 2073 intelligendum
444 2007 487 2057 est
514 2016 599 2055 sensu
628 2002 738 2073 percipi
764 2003 953 2058 substantiam

105 2074 233 2143 corporis
253 2073 380 2127 Christi:
402 2072 455 2126 hoc
471 2071 549 2126 enini
575 2072 636 2126 luce
659 2073 754 2143 palam
777 2073 881 2129 ialsum
900 2080 951 2139 est,

105 2143 155 2198 sed
176 2143 264 2198 videri
287 2158 318 2197 ac
342 2143 430 2196 oculis
445 2143 570 2222 conspici
590 2142 660 2204 sels.
690 2143 818 2210 umbras,
849 2145 953 2216 quibus

105 2215 270 2285 contegitur
291 2229 392 2267 verum
423 2213 526 2267 Christi
555 2229 667 2285 corpus.
690 2216 827 2286 Adeoque
854 2232 953 2270 sensus

104 2285 190 2354 hujus
211 2284 360 2338 axiomatis
379 2300 385 2338 :
403 2304 417 2334 u
443 2285 500 2339 linc
524 2285 600 2354 quod
626 2285 753 2340 cernitur
782 2291 825 2340 est
848 2302 953 2356 corpus

107 2354 221 2417 Christi,
237 2357 291 2409 hoc
305 2360 348 2409 est
374 2354 482 2410 scilicet
508 2355 667 2409 substantia
688 2372 754 2426 quas
773 2357 825 2412 sub
846 2357 890 2412 bis
904 2374 950 2411 ve·

108 2425 262 2481 luminibus
278 2424 462 2480 sensibilibus
476 2441 575 2480 revera
590 2425 685 2482 existit
703 2427 894 2495 invisibiliter,
911 2434 954 2483 est

105 2497 200 2567 ipsum
226 2512 325 2551 verum
352 2512 456 2566 corpus
483 2496 597 2552 Christi.
626 2516 639 2548 1
670 2496 859 2562 Quamobrem
891 2501 952 2569 jure

106 2569 210 2621 merito
239 2567 309 2622 dicit
337 2566 509 2621 llatramnus
526 2583 561 2622 τι(
584 2567 714 2638 lniellige
740 2570 816 2640 quod
836 2585 894 2624 non
922 2570 952 2624 in

106 2639 210 2709 specie,
221 2639 270 2693 sed
291 2638 321 2692 in
343 2637 448 2692 virtute
463 2654 567 2708 corpus
585 2643 612 2693 et
633 2639 749 2710 sanguis
770 2640 874 2695 Christi
893 2641 950 2696 exi-

106 2713 184 2763 stunt
209 2724 274 2780 quae
295 2714 495 2764 cernuntur.»
520 2710 628 2764 iterera
656 2711 734 2764 enim
759 2711 802 2766 ibi
830 2712 951 2767 existere

105 2795 209 2850 corpus
229 2779 335 2834 Christi
359 2780 509 2843 credimus,
533 2785 562 2835 et
580 2797 644 2834 cuin
669 2782 830 2848 credamus,
853 2798 952 2837 neces·

105 2852 180 2904 sario
200 2855 387 2905 consentaneo
403 2866 460 2905 non
475 2849 615 2905 videmus.
636 2851 665 2906 Si
680 2852 757 2906 enim
778 2853 952 2922 videremus,

106 2920 267 2975 diceremus
286 2921 410 2975 uidemus
424 2927 453 2975 et
476 2937 533 2975 non
554 2920 713 2976 diceremus
737 2923 871 2979 credimus
890 2941 951 2979 esse

106 3007 203 3046 rerum
220 3007 320 3062 corpus
334 2998 363 3045 et
378 2991 550 3073 sanguinem
571 2992 676 3048 Christi
696 3009 702 3048 :
720 3014 733 3044 u
751 2995 861 3066 Corpus
888 2996 951 3067 qui·

1003 452 1045 502 rio
1067 450 1185 516 operari.
1217 446 1342 509 Utinam,
1371 445 1440 500 dicit
1461 446 1643 512 ttatrumnus,
1668 445 1755 499 tidem
1786 462 1852 515 quie

1004 518 1125 572 interius
1140 518 1169 571 iu
1183 516 1280 571 animo
1302 516 1370 570 latet
1383 516 1491 587 aliquid
1510 516 1539 570 in
1565 516 1702 585 mysterio
1717 515 1851 586 operari?

1006 589 1058 643 Ubi
1072 588 1248 642 contrarium
1268 589 1375 658 quintae
1401 586 1559 653 fabricabit,
1577 589 1641 640 liiiio
1660 585 1768 640 scilicet
1784 603 1791 640 :
1807 589 1853 643 Iu·

1004 663 1088 714 terius
1103 660 1212 729 quidem
1222 661 1453 714 commutationem
1467 657 1539 728 11111,
1559 658 1606 712 sed
1619 673 1673 712 ison
1690 660 1719 711 iu
1742 660 1852 728 symbo-

1005 733 1039 786 lis
1061 731 1230 802 prinsquam
1247 730 1277 782 iu
1297 729 1414 795 animis;
1446 745 1462 782 e
1490 734 1586 783 contra
1611 734 1671 782 toto
1695 744 1782 798 opere
1806 730 1852 784 de·

1004 807 1146 856 monstrat
1178 801 1252 855 bane
1285 799 1476 854 mutationem
1506 816 1567 854 esse
1595 799 1738 869 objectum
1772 800 1852 869 lidei,

1005 873 1135 943 adeoque
1145 871 1171 925 ei
1186 877 1251 924 ante
1267 880 1386 925 vertere.
1403 871 1511 925 lievera
1527 877 1566 924 aii
1578 886 1656 924 num.
1674 874 1700 925 ll
1716 887 1723 924 ι
1740 889 1753 923 1
1770 870 1851 936 Quod

1005 946 1028 997 si
1045 943 1202 997 secundum
1226 940 1363 1012 quosdam
1384 941 1505 1011 ligurate
1519 940 1591 994 nibil
1616 941 1783 1010 accipiatur,
1799 941 1848 995 sed

1005 1019 1097 1067 totum
1112 1014 1140 1067 in
1155 1013 1271 1066 veritate
1286 1011 1488 1080 conspiciatur,
1512 1011 1581 1065 nibil
1600 1011 1647 1066 liic
1667 1012 1737 1066 tides
1751 1028 1851 1082 opera·

1005 1090 1061 1138 tur.
1081 1084 1159 1139 uSed
1180 1082 1239 1137 been
1254 1082 1324 1136 nibil
1341 1084 1418 1136 aliud
1443 1083 1606 1153 signiticant
1627 1082 1681 1136 nisi
1696 1083 1766 1136 nibil
1782 1088 1852 1137 'esse

1005 1153 1073 1210 fidei
1091 1154 1281 1224 reputandum
1295 1153 1317 1206 si
1334 1154 1403 1207 uiliil
1417 1154 1577 1222 pecultum3
1595 1153 1643 1206 sed
1655 1153 1752 1207 omnia
1772 1162 1852 1208 exie-

1006 1227 1066 1280 rius
1081 1231 1109 1280 et
1122 1225 1243 1279 interius
1260 1224 1438 1278 manifestata
1460 1231 1489 1278 et
1507 1230 1612 1278 retecta
1633 1233 1709 1291 suni,
1739 1240 1791 1278 nec
1810 1224 1853 1280 di·

1006 1297 1128 1351 cendum
1143 1311 1204 1348 esse
1227 1295 1305 1348 credo
1319 1295 1368 1348 sed
1390 1295 1477 1356 uideo,
1504 1295 1546 1349 nti
1566 1296 1738 1350 Batramnus
1753 1295 1853 1350 obser·

1005 1373 1054 1421 vat
1075 1382 1194 1421 numero
1212 1366 1255 1420 si.
1275 1365 1382 1434 Nampi
1407 1367 1516 1419 videres
1542 1366 1651 1421 diceres
1674 1366 1761 1429 uideo,
1791 1381 1852 1419 non

1007 1439 1115 1492 diceres
1146 1437 1224 1492 credo
1250 1452 1353 1506 corpus
1381 1436 1609 1506 sanguinemque
1645 1452 1705 1490 esse
1734 1436 1850 1492 Christi.

1007 1509 1080 1573 Ouid
1096 1508 1127 1562 in
1145 1507 1190 1561 bis
1204 1506 1297 1561 verbis
1317 1506 1425 1560 redolet
1438 1507 1591 1561 baeresim‘?
1610 1506 1682 1572 Quid
1699 1523 1716 1560 a
1731 1508 1787 1561 lide
1808 1523 1853 1560 ca·

1007 1580 1110 1633 thelica
1128 1578 1253 1633 alienum
1269 1576 1416 1646 erumpit?
1440 1577 1511 1643 Quid
1528 1579 1574 1632 bic
1593 1577 1745 1648 significat,
1771 1577 1854 1646 iidem

1007 1665 1067 1719 quas
1091 1651 1208 1704 interius
1232 1651 1298 1703 lutet
1316 1649 1421 1718 aliquid
1449 1651 1477 1703 iu
1502 1651 1549 1703 hoc
1582 1650 1709 1716 mysterio
1731 1650 1851 1717 operari,

970 1721 1062 1777 Bnisi
1075 1722 1224 1790 mauritii
1245 1723 1372 1787 mysterio
1401 1719 1542 1789 significet
1556 1721 1664 1789 operari
1687 1721 1759 1774 circu
1778 1718 1852 1790 obje-

1008 1797 1079 1846 ctum
1098 1789 1245 1862 mysterii?
1260 1791 1367 1860 quippe
1382 1806 1447 1844 curn
1462 1790 1532 1844 lides
1555 1806 1638 1844 suum
1651 1806 1722 1860 opus
1748 1790 1853 1844 eiliciat

1007 1863 1038 1917 in
1048 1861 1291 1933 contemplatione
1307 1863 1392 1932 buius
1404 1861 1530 1933 mysterii
1544 1862 1596 1915 sub
1610 1861 1759 1931 speciebus
1770 1862 1853 1930 panis

1008 1938 1036 1987 et
1050 1933 1108 1988 vini
1122 1949 1223 1987 verum
1235 1931 1339 1987 Christi
1355 1948 1460 2001 corpus
1475 1938 1503 1987 et
1522 1932 1693 2001 sanguinem
1715 1933 1805 1986 celata
1824 1935 1855 1985 et

1008 2005 1119 2059 occulta
1134 2002 1251 2075 negotia
1269 2002 1424 2058 consistere
1445 2003 1621 2058 credendoet
1640 2002 1785 2057 suadendo
1802 2018 1855 2072 per

1008 2075 1169 2130 mirabilem
1196 2073 1361 2128 substantiae
1385 2074 1469 2145 panis
1499 2073 1601 2128 etvini
1625 2073 1851 2140 conversionem,

1006 2146 1049 2200 uti
1075 2146 1262 2201 listramnum
1277 2144 1378 2199 ducere
1393 2145 1606 2199 observavimus
1617 2161 1650 2198 ex
1668 2160 1746 2198 num.
1763 2145 1797 2198 is
1818 2149 1848 2199 et

1008 2220 1051 2272 30.
1070 2237 1084 2266 «
1098 2220 1136 2271 At
1148 2232 1215 2271 veru
1228 2215 1386 2270 secundum
1411 2215 1584 2270 invisibilem
1601 2215 1801 2282 substantiam,
1823 2214 1853 2269 id

1007 2293 1050 2341 est
1064 2287 1154 2342 divini
1178 2287 1337 2357 polentiam
1358 2287 1449 2352 verbi,
1473 2302 1537 2340 vere
1562 2302 1666 2356 corpus
1689 2292 1718 2340 et
1737 2285 1855 2356 sanguis

1007 2358 1112 2413 Christi
1126 2358 1253 2412 existunt
1256 2396 1320 2412 ......
1335 2356 1385 2411 sed
1407 2373 1472 2411 vere
1488 2373 1539 2427 per
1553 2356 1723 2427 mysterium
1747 2372 1854 2427 panem

1007 2429 1145 2484 cirinum
1159 2429 1189 2482 in
1208 2427 1336 2498 corporis
1350 2434 1379 2482 et
1398 2427 1545 2499 sanguinis
1561 2443 1698 2481 conversa
1720 2429 1854 2482 substan·

1007 2500 1087 2567 tiam,
1117 2498 1286 2554 alidelibus
1310 2499 1459 2553 sumenda.
1490 2519 1501 2547 1
1533 2499 1681 2568 Utcunque
1708 2513 1753 2552 res
1786 2499 1852 2560 sint,

1007 2586 1156 2642 nunquam
1172 2572 1344 2625 llatramnus
1357 2569 1438 2633 dixit,
1452 2591 1462 2618 ‹
1481 2569 1567 2624 iidem
1579 2586 1643 2640 quoe
1653 2569 1773 2623 interius
1788 2569 1856 2623 latet

1007 2641 1166 2713 quidquam
1193 2641 1223 2695 in
1239 2641 1294 2695 hoc
1312 2640 1449 2710 mysterio
1475 2640 1632 2710 operari3i
1655 2641 1703 2695 sed
1729 2644 1853 2706 tantum,

1010 2734 1023 2761 v
1033 2712 1104 2767 fides
1141 2711 1215 2766 nihil
1244 2711 1289 2766 bie
1316 2714 1452 2781 operatur
1478 2711 1503 2765 si
1528 2711 1687 2765 secundum
1713 2710 1854 2782 quosdam

1007 2782 1129 2854 ligurate
1157 2781 1229 2837 nihil
1257 2782 1303 2837 liic
1318 2781 1485 2854 accipiatur,
1507 2783 1556 2837 sed
1573 2789 1663 2836 totum
1679 2781 1709 2836 in
1734 2781 1855 2836 veritate

1007 2853 1208 2925 conspiciatur.
1225 2874 1236 2902 ι
1253 2851 1333 2917 Quod
1352 2852 1533 2907 verissimum
1547 2860 1590 2907 est
1607 2859 1636 2907 et
1661 2855 1746 2925 plane
1758 2852 1856 2907 catho-

1007 2925 1105 2992 licum,
1119 2941 1184 2979 cum
1202 2924 1232 2978 in
1252 2923 1430 2978 Eucharistia
1453 2925 1490 2978 sit
1517 2925 1609 2994 ligura
1633 2930 1661 2977 et
1690 2923 1811 2989 veritas;
1827 2928 1855 2977 et

1007 2995 1187 3066 aequabiliter
1199 2994 1303 3049 laisum
1323 2995 1361 3048 sit
1383 2993 1477 3049 dicere
1505 3002 1556 3050 ant
1583 2999 1675 3049 totum
1696 2993 1855 3065 figuratum

106 3062 172 3118 dem
194 3062 297 3118 Christi
317 3077 543 3143 sanguinemque
567 3062 691 3119 fideliter
715 3066 823 3134 credis;
850 3067 901 3120 sed
925 3066 949 3119 si
969 3066 1066 3122 Cesso
1081 3066 1214 3122 autnibil
1234 3064 1402 3137 figuratum.

107 3134 284 3205 perspiceres
304 3149 372 3214 quia
394 3134 471 3205 quod
492 3133 584 3188 credis
606 3136 735 3191 nondum
758 3136 861 3192 vides:
887 3153 953 3192 nam

107 3205 129 3259 si
148 3205 267 3268 diceres,
288 3205 385 3271 Video,
401 3220 460 3260 non
474 3204 594 3271 diceres,
611 3206 702 3261 Credo
717 3223 822 3278 corpus
837 3207 954 3279 sangui-

106 3291 232 3346 nemque
247 3291 308 3329 esse
327 3275 441 3331 Christi.
458 3276 526 3329 »Ex
546 3274 599 3329 hac
617 3277 721 3331 virtute
737 3278 872 3347 putentia.
898 3293 955 3349 qua

107 3346 275 3399 Christusin
295 3345 349 3399 hoc
369 3345 506 3412 mysterio
528 3351 684 3400 exornatur
702 3349 850 3402 contendit
868 3364 954 3402 vene·

106 3415 226 3469 rendam
241 3430 302 3469 esse
318 3415 391 3468 hauc
404 3414 564 3483 potentium
574 3431 631 3485 qua
641 3416 783 3488 quidquid
793 3420 852 3472 vult
865 3425 955 3482 creat,

106 3489 274 3538 sicrestum
300 3483 445 3553 quomodo
474 3483 533 3537 rult
562 3491 594 3539 et
617 3486 732 3556 quando
758 3488 786 3541 in
818 3488 846 3542 irl
878 3490 954 3559 quod

107 3558 191 3607 antea
213 3570 271 3608 non
292 3553 386 3608 inerat
408 3558 558 3624 permutat
574 3571 582 3610 1
597 3576 611 3606 «
632 3557 710 3612 Unde
735 3557 805 3613 dicit
824 3558 955 3613 ordinem

106 3631 217 3678 naturis
246 3640 304 3678 non
333 3624 379 3680 bic
394 3624 575 3693 intuendum,
597 3627 647 3682 sed
670 3627 775 3683 Christi
795 3629 955 3700 potentiam

108 3694 312 3764 venerandam,
328 3711 394 3766 quie
411 3695 552 3768 quidquid
581 3698 652 3765 ruit,
673 3701 817 3770 quomodo
841 3701 901 3755 vult
927 3701 957 3754 iii

106 3765 303 3837 quodcunque
314 3767 388 3836 vult,
398 3773 427 3821 et
440 3773 517 3823 creat
531 3769 607 3839 quod
632 3785 689 3824 uon
705 3776 767 3825 erat
785 3776 814 3826 et
829 3776 957 3827 creatum

107 3842 252 3907 permutat
264 3838 294 3893 in
308 3838 336 3892 id
346 3838 423 3909 quod
439 3845 524 3893 antea
539 3856 597 3894 non
613 3840 717 3896 luerat.
731 3864 744 3890 »s

152 3909 219 3964 lllll.
246 3909 378 3966 Noleduui
395 3913 489 3978 utique
503 3913 638 3975 curtalini,
656 3912 753 3982 inquit
777 3913 953 3975 dissertator,

106 3995 172 4050 pag.
187 3982 249 4046 aiii,
266 3985 401 4034 tmemate
419 3980 555 4049 iuuerit.
568 3983 791 4045 amstelodam.;
816 3984 957 4038 Perisien·

107 4050 145 4103 sis
159 4066 226 4105 vero
237 4066 302 4120 pag.
318 4053 379 4116 1111,
397 4055 534 4104 tmemate
549 4053 575 4119 i,
592 4051 661 4121 quid
673 4068 779 4122 aquom
789 4053 878 4121 1111111,
895 4070 957 4123 que

107 4122 221 4174 interius
244 4124 273 4174 iu
302 4124 394 4174 uiiimo
420 4121 495 4185 lutet,
523 4123 553 4175 111
577 4125 705 4189 mysterio
733 4126 853 4192 operari.
881 4125 957 4191 Quod

106 4189 247 4244 uideretur
272 4192 302 4244 111
325 4192 412 4244 atteri
430 4192 477 4244 liei
493 4191 602 4246 1111111111
628 4193 730 4248 Christi
757 4209 854 4263 corpus
878 4210 953 4250 esse:

106 4259 287 4314 substantium
305 4266 492 4315 ereaturarum
518 4264 689 4319 immutatum
713 4280 768 4319 esse
789 4267 866 4320 solua
896 4281 955 4336 spe·

107 4332 146 4383 oie
159 4345 211 4398 pro
233 4346 264 4385 ea
279 4333 377 4399 speciei
401 4334 552 4401 acceptioue
578 4348 659 4401 quam
685 4351 745 4405 cop.
774 4336 952 4392 ditissimus:

107 4414 154 4454 nec
165 4401 225 4468 ium
239 4417 295 4456 esse
310 4401 432 4470 symbola
452 4409 511 4469 post
524 4408 750 4460 consecrationem
775 4408 848 4474 quod
875 4413 955 4461 antea

106 4472 233 4537 1111111111.
255 4473 375 4527 Interius
390 4473 499 4541 quidem
518 4479 752 4531 commutationem
769 4481 839 4546 fieri,
864 4478 911 4534 sed
925 4481 955 4532 111

107 4541 236 4608 symbolis
256 4545 420 4613 priusquam
439 4546 469 4599 iii
488 4545 654 4601 credentium
673 4550 784 4603 animis.
807 4551 856 4604 llis
876 4552 952 4618 cupi-

108 4611 180 4666 tt'dus
208 4613 317 4667 totidem
343 4615 387 4668 ille
412 4617 533 4669 manime
558 4617 719 4672 uviuersnriu
741 4620 789 4673 lior
818 4635 872 4674 urio
896 4621 952 4675 luco

109 4682 196 4736 tradit
216 4686 391 4749 llutrumuus,
403 4685 505 4740 scilicet
520 4702 594 4741 uum.
612 4689 646 4743 si
665 4705 671 4743 :
695 4692 794 4744 Dicant
808 4693 857 4760 qui
882 4690 954 4745 1111111

111 4753 156 4807 1111
174 4755 268 4809 uolunt
280 4755 426 4810 secuudum
446 4758 561 4812 interius
583 4759 707 4815 latentem
729 4763 856 4815 uirtutem
881 4763 957 4815 ucci-

107 4838 178 4893 pere,
206 4824 254 4879 sed
275 4831 360 4880 tutum
387 4827 460 4894 quod
486 4833 610 4897 apparet,
639 4831 786 4885 visibiliter
807 4835 954 4901 estimare,

107 4894 260 4950 secuudum
277 4897 346 4964 quid
365 4898 408 4952 iiic
421 4899 457 4953 111
478 4902 650 4955 commutatio
663 4904 749 4968 furto.
774 4903 846 4958 1111111
865 4917 959 4957 secuu-

108 4965 173 5019 dum
213 4972 400 5022 menturorum
428 4969 618 5038 substantium,
646 4971 719 5040 quod
747 4973 859 5038 1111111111
895 4979 958 5028 outo

108 5038 348 5093 consecrationem
364 5039 418 5093 boc
431 5043 461 5094 et
479 5045 577 5110 postea
589 5042 759 5096 consistunt.
780 5043 862 5098 Panis
873 5048 901 5098 et
913 5043 958 5097 vi·

109 5121 179 5161 uum
195 5108 274 5178 prius
284 5109 438 5164 exstitere:
458 5109 488 5163 in
503 5125 559 5181 qus
583 5110 670 5166 etiam
690 5112 784 5182 specie
801 5113 861 5184 iam
885 5129 956 5168 con·

108 5183 218 5232 secreta
236 5195 407 5250 permanere
421 5179 562 5236 videntur.
584 5182 633 5235 Est
647 5197 716 5253 ergo
732 5182 853 5239 interius
877 5201 956 5239 com·

109 5252 250 5304 mutatum
266 5250 389 5332 Spiritus
410 5250 499 5306 sancti
517 5252 629 5322 potenti
648 5252 764 5320 virtute,
783 5255 860 5325 quod
886 5255 956 5311 tides

110 5317 232 5441 aspicit,
245 5336 372 5377 animam
398 5321 499 5394 pascit,
527 5325 645 5377 aeternas
670 5322 737 5378 vitta
765 5325 956 5381 substantiam

25 5470 31 5483 Ο
109 5401 141 5439 su
163 5395 315 5446 ministrat.

453 5493 613 5536 RESPONSIO.

143 5596 207 5679 iton
232 5599 308 5671 potis
335 5603 435 5682 estex
460 5601 508 5657 hic
538 5602 687 5660 listramni
700 5604 795 5661 verbis
821 5605 956 5678 colligere

107 5681 235 5752 quinque
252 5674 463 5743 propositiones
480 5673 641 5728 contrarias
655 5675 785 5748 quinque
801 5677 865 5731 aliis
884 5694 955 5748 quas

107 5740 236 5811 prodidit
270 5741 447 5796 dissertator.
480 5746 507 5797 l⁰
539 5745 671 5802 1111111111
704 5749 800 5818 utique
827 5748 956 5806 1111111111

1044 3173 1105 3230 lam
1119 3188 1184 3228 vero
1202 3171 1409 3243 inquirendum
1423 3174 1510 3225 restat
1535 3171 1604 3242 quid
1619 3171 1791 3226 liutramnus
1810 3169 1856 3224 his

1010 3245 1102 3298 serbis
1121 3242 1282 3315 significare
1302 3242 1392 3297 velit:
1416 3243 1512 3296 «llam
1528 3242 1686 3296 secundum
1714 3245 1857 3295 creatura·

1010 3330 1074 3368 rum
1089 3313 1278 3369 substantiam
1293 3313 1368 3385 quod
1382 3312 1499 3368 fuerunt
1514 3317 1580 3367 aute
1601 3312 1855 3378 consecrationem,

1010 3385 1064 3439 hoc
1079 3389 1106 3438 et
1124 3390 1223 3455 postea
1246 3383 1415 3439 consistunt.
1432 3384 1515 3438 Panis
1530 3389 1559 3438 et
1574 3383 1672 3437 vinum
1686 3383 1767 3453 prius
1793 3382 1855 3436 exi·

1010 3459 1084 3508 stere
1096 3454 1128 3508 in
1142 3471 1199 3525 qua
1209 3454 1296 3508 etiam
1311 3455 1404 3525 specie
1416 3454 1476 3524 jam
1491 3470 1659 3524 permanere
1683 3453 1826 3520 ridentur,
1841 3472 1855 3504 s

1011 3530 1040 3580 at
1054 3540 1121 3579 raro
1138 3524 1259 3579 defendo
1279 3541 1328 3595 per
1348 3531 1534 3580 creaturarum
1549 3525 1731 3580 substantium
1756 3522 1856 3578 neuti-

1011 3611 1096 3677 quam
1113 3595 1274 3666 intelligere
1294 3612 1344 3651 eus
1363 3612 1415 3666 per
1430 3613 1459 3649 se
1475 3595 1642 3658 subsistens,
1662 3600 1693 3649 ut
1707 3595 1857 3675 Peripate·

1009 3666 1059 3721 tici
1083 3666 1251 3747 loquuntur,
1266 3667 1314 3722 sed
1336 3671 1467 3721 externas
1497 3667 1662 3721 substantias
1691 3665 1858 3719 affectiones

1011 3741 1039 3792 et
1055 3740 1207 3809 qualitates
1223 3754 1287 3808 quas
1303 3742 1386 3791 antea
1407 3735 1464 3792 fuit
1477 3738 1577 3806 etjam
1597 3753 1655 3790 non
1673 3742 1724 3802 est,
1741 3752 1775 3789 ex
1790 3735 1856 3806 qui·

1010 3808 1064 3864 bus
1078 3814 1176 3863 tamen
1195 3823 1343 3879 superesse
1361 3823 1413 3862 nec
1429 3823 1598 3877 permanere
1617 3807 1740 3872 videtur,
1758 3811 1788 3860 ei
1813 3806 1858 3860 uti

1011 3879 1174 3950 significant
1188 3879 1248 3933 haec
1265 3878 1369 3933 verba:
1386 3881 1470 3934 Panis
1491 3883 1516 3933 et
1532 3881 1624 3932 uinum
1637 3881 1716 3947 prius
1742 3879 1858 3932 enistere

1010 3952 1040 4003 111
1059 3966 1114 4019 qua
1133 3952 1215 4004 etium
1239 3952 1326 4019 specie
1342 3951 1401 4019 ium
1426 3965 1583 4018 permonere
1604 3950 1740 4002 uidentur.
1758 3947 1857 4002 Enim·

1011 4036 1078 4075 vero
1096 4021 1155 4074 brec
1171 4036 1221 4074 vox
1236 4023 1335 4090 species
1350 4020 1425 4090 apud
1442 4020 1628 4074 llatramnum
1644 4035 1702 4072 non
1717 4034 1791 4083 rem,
1806 4018 1857 4072 sed

1011 4091 1054 4145 rei
1067 4091 1237 4161 paropidem
1254 4094 1281 4146 et
1296 4091 1545 4144 obumbrationem
1567 4090 1708 4159 significat
1721 4104 1752 4142 ac
1776 4089 1856 4142 simi·

1010 4162 1174 4230 litudinem,
1191 4167 1222 4215 nt
1237 4162 1313 4231 apud
1329 4161 1558 4216 lloratiumlibro
1569 4178 1598 4225 n,
1614 4162 1737 4230 satyrai
1754 4175 1761 4212 :
1777 4161 1859 4215 Ducit

1012 4235 1156 4302 tespecies,
1186 4231 1274 4287 uideo.
1305 4233 1342 4286 lie
1373 4237 1487 4297 caetero,
1516 4231 1683 4302 postpositis
1717 4230 1858 4299 exemplis

1012 4303 1117 4374 quibus
1139 4303 1260 4374 probare
1273 4318 1387 4373 possem
1411 4303 1544 4373 antiquos
1558 4302 1709 4372 scriptores
1723 4301 1856 4354 ecclesia·

1010 4374 1096 4427 sticos
1125 4388 1178 4444 per
1205 4373 1392 4428 substantiam
1422 4373 1595 4454 significasse
1615 4372 1657 4426 rei
1681 4371 1856 4438 dilectiones,

975 4446 996 4501 l)
1007 4444 1161 4569 qualitates
1176 4460 1283 4509 rerum,
1305 4460 1363 4498 non
1384 4461 1429 4498 res
1453 4459 1538 4514 ipsas,
1554 4458 1678 4513 qnorum
1709 4442 1858 4511 specimen

1027 4515 1073 4569 edi
1089 4514 1118 4569 in
1134 4515 1301 4586 praefatione
1316 4514 1449 4569 editionis
1470 4514 1577 4568 Latinae
1590 4513 1749 4578 listramni,
1768 4527 1858 4583 quam

1033 4601 1071 4640 ree
1096 4586 1230 4640 manibus
1245 4585 1343 4653 babes,
1368 4585 1488 4640 dubium
1505 4585 1616 4638 nullum
1632 4588 1763 4653 superest
1786 4583 1857 4653 quin

1011 4601 1183 4712 Batramnns
1202 4655 1344 4727 ejusmodi
1367 4656 1483 4711 allectus
1506 4654 1610 4710 animes
1630 4653 1791 4725 significare
1813 4670 1858 4706 vo-

1011 4728 1107 4797 luerit,
1126 4743 1184 4782 non
1204 4728 1329 4781 animam
1347 4725 1439 4798 ipsam
1454 4725 1498 4780 bis
1513 4724 1606 4780 verbis
1622 4741 1628 4780 :
1646 4743 1661 4775 1
1678 4726 1750 4796 Ergo
1778 4724 1857 4795 quod

1011 4797 1131 4852 interius
1149 4801 1356 4852 commutatum
1377 4796 1500 4867 Spiritus
1519 4795 1609 4850 sancii
1624 4795 1735 4867 potenti
1751 4794 1857 4849 virtute

1010 4868 1088 4940 quod
1104 4867 1174 4924 fides
1188 4866 1298 4938 aspicit,
1317 4866 1442 4921 animam
1456 4865 1557 4937 pascit,
1577 4871 1691 4920 salernas
1712 4866 1778 4920 vitre
1793 4865 1859 4920 snb·

1011 4938 1144 4993 stantiam
1165 4936 1373 4992 subministrat.
1403 4957 1414 4986 i
1438 4936 1602 4991 Substantia
1630 4938 1709 4991 enim
1738 4941 1858 4991 aterna

1010 5009 1075 5064 vitre
1087 5014 1203 5063 nonest
1218 5008 1280 5080 ipsa
1297 5022 1394 5078 perse
1413 5007 1568 5062 subsistens
1587 5007 1695 5077 anima,
1711 5007 1761 5062 sed
1770 5006 1859 5062 beati·

1010 5080 1080 5134 tudo
1098 5079 1169 5151 ipsa,
1196 5095 1247 5134 sen
1272 5077 1517 5134 incommutabilis
1543 5079 1609 5134 vite
1633 5082 1695 5133 tota
1716 5076 1805 5133 simul
1830 5081 1859 5134 st

1009 5150 1134 5223 perfecta
1146 5149 1297 5221 possessio.

1044 5256 1215 5314 1111111111.
1239 5256 1266 5319 i.
1288 5253 1488 5310 Eucharistium
1511 5270 1571 5310 cum
1595 5254 1727 5324 baptismo
1739 5257 1857 5322 11111111.

1009 5328 1088 5382 Num.
1111 5328 1154 5391 ir,
1172 5330 1204 5383 is
1219 5331 1248 5381 et
1272 5328 1315 5393 19,
1331 5341 1396 5396 pag.
1414 5328 1477 5392 292,
1494 5326 1562 5381 edit.
1578 5325 1855 5381 Amstelodamensis

1010 5403 1039 5452 et
1054 5396 1231 5464 Parisiensis,
1247 5412 1312 5468 pag.
1331 5399 1391 5463 ire,
1406 5412 1481 5451 anno
1504 5399 1583 5460 1699,
1605 5398 1636 5451 iu
1652 5397 1797 5465 baptismo,
1815 5399 1859 5452 iu·

1009 5470 1081 5538 quit,
1109 5467 1163 5522 duo
1190 5472 1255 5523 111111
1284 5469 1358 5538 quod
1377 5469 1497 5522 euterius
1522 5468 1609 5521 adluit
1627 5467 1786 5522 eumenium
1807 5484 1814 5522 ε
1832 5473 1858 5522 et

1010 5540 1082 5608 quod
1097 5539 1212 5594 interius
1235 5545 1338 5609 purgat
1357 5540 1446 5594 vuius
1464 5539 1687 5607 sanctificationis
1705 5539 1763 5593 siue
1789 5538 1858 5607 tides

1009 5609 1150 5679 illiusque·
1168 5609 1300 5665 1111111111.
1317 5611 1417 5679 ltaque
1425 5611 1456 5665 111
1469 5611 1555 5679 specie
1573 5611 1668 5663 11111111
1686 5610 1859 5678 promisisti

1008 5681 1080 5736 1111111
1097 5685 1137 5735 est
1148 5686 1249 5751 prator
1261 5695 1384 5752 aquom:
1400 5680 1431 5734 111
1453 5682 1586 5751 mysterio
1609 5681 1666 5735 sius
1687 5681 1717 5734 111
1736 5679 1859 5736 1111111111

1010 5750 1190 5821 intelligentia
1203 5753 1291 5807 uirtus
1306 5751 1447 5806 sunabitis.
