3930 6098
609 292 715 348 clean
734 289 1054 347 SACRAMENTORUD.

1654 295 1707 348 8:34

85 425 229 497 luodecim
247 424 369 478 totidem
385 394 716 493 Apostolornmnomina
731 438 799 492 prae
818 423 1004 491 Accptorum
1025 427 1140 474 tuorum
1167 422 1275 475 lumine
1298 423 1469 491 gradientes,
1495 429 1522 478 te
1546 424 1647 479 dacem
1663 442 1705 479 se·

93 517 122 567 et
134 514 184 583 qui
196 528 247 583 per
257 528 398 578 organum
411 512 612 583 propheticum
625 511 782 582 promisisti
794 528 800 564 :

85 602 263 665 Hierusalem,
292 603 442 664 Dominum,
471 603 536 668 quta
565 602 730 666 confortavit
762 615 803 654 sc·

85 704 157 743 urum
172 694 291 755 laurum,
308 693 333 742 et
346 688 484 741 benedicit
502 689 572 756 filios
591 693 648 742 tues
669 692 697 742 in
715 692 759 763 te:
777 693 804 742 te

85 793 133 846 us,
146 783 177 831 ιιι
192 792 281 847 ponas
296 792 395 830 omnes
411 776 484 830 lines
513 776 616 830 domus
632 777 712 830 istius
743 792 805 830 sen-

85 866 119 921 ioe
135 870 164 920 et
186 865 277 919 sancti
301 865 377 919 Petri
405 881 517 934 pacem,
543 871 574 919 ut
589 866 724 919 velociter
738 880 803 919 cur·

86 953 277 1009 teriussermo
293 960 359 1006 tuns
374 952 458 1022 adipe
483 952 621 1006 frumenti
642 951 726 1005 satiet
739 967 802 1018 eos;

96 1047 210 1096 mactus
229 1040 363 1095 defendat
375 1039 451 1105 illos,
481 1043 512 1093 ut
528 1055 677 1110 nunqnam
699 1040 740 1094 eis
755 1055 805 1093 no·
827 1059 830 1064 ·

85 1130 187 1186 evaleat
204 1129 348 1196 inimicus,
362 1129 409 1182 sed
426 1143 525 1182 omnes
541 1128 702 1182 habitantes
727 1128 805 1181 inte-

86 1235 112 1286 e,
130 1219 225 1282 corde,
246 1223 274 1271 et
299 1233 385 1287 opere
400 1216 563 1282 decantent,
579 1217 727 1272 dicentes:
752 1217 805 1270 Μι-

85 1308 190 1363 rminus
207 1311 301 1360 noster
319 1307 400 1360 lesus
425 1306 564 1374 Christus,
579 1311 607 1360 et
624 1322 730 1376 magna
745 1307 801 1360 rir-

85 1401 127 1463 ,et
142 1395 290 1465 sapientias
301 1395 363 1463 ejus
379 1410 436 1447 non
452 1398 495 1447 est
511 1409 658 1448 numerus.
671 1395 725 1460 Qui
738 1410 804 1449 cum

93 1483 200 1554 Spiritu
218 1489 315 1537 sancto
331 1481 400 1535 vivis
414 1487 443 1536 et
459 1497 561 1552 regnas
577 1484 660 1549 Dens,
676 1499 729 1554 per
744 1499 805 1537 om·

85 1571 126 1627 sle
140 1573 320 1625 seculorum.

325 1659 432 1714 CXLIV.

858 525 982 581 quamur
997 515 1025 562 el
1042 509 1212 579 principem.
1231 512 1292 562 ror.

895 600 979 666 Deus,
997 597 1046 668 qni
1067 598 1199 650 tenebras
1223 598 1393 665 ignorantiae
1414 599 1492 653 serbi
1521 600 1562 655 lni
1578 603 1640 656 luce
1654 603 1706 657 de-

858 687 951 759 pellis,
969 703 1043 757 auge
1060 687 1088 739 in
1105 686 1238 740 cordibus
1266 688 1369 740 nostris
1383 688 1520 741 virtutem
1536 688 1603 743 lidei
1619 705 1704 760 quam

859 775 974 841 dedisti,
990 760 1114 845 nt'ignis
1127 791 1213 845 quem
1225 775 1317 844 gralia
1333 780 1381 829 tua
1394 776 1460 830 iecit
1474 777 1602 844 accendi,
1619 778 1706 831 nullis

858 863 1067 918 tentationibas
1083 863 1173 934 possit
1185 863 1342 933 exstingui.
1358 866 1418 918 Per.

892 950 1017 1005 Auribus
1032 951 1157 1020 percipe,
1174 952 1347 1021 quaesumus',
1368 951 1498 1016 Domine,
1513 953 1597 1007 verbu
1611 953 1704 1008 cordis

859 1024 961 1107 nostri,
983 1041 1195 1111 clamoremque
1222 1040 1396 1094 matutinum
1426 1041 1491 1109 pius
1516 1046 1657 1096 scrutator
1675 1043 1705 1096 iu

858 1128 954 1199 tellige
968 1148 975 1195 ;
991 1134 1023 1183 ut
1038 1129 1138 1183 orandi
1150 1129 1186 1183 ad
1197 1134 1223 1181 te
1239 1129 1321 1182 nobis
1336 1129 1372 1181 sit
1385 1129 1442 1182 lida
1453 1129 1577 1195 devotio,
1595 1136 1701 1202 tueque

860 1218 985 1272 donetur
1006 1217 1087 1272 nobis
1103 1217 1228 1271 diluculo
1241 1216 1454 1286 contemplatio,
1479 1222 1506 1270 et
1522 1223 1704 1286 peccatoram

860 1305 990 1360 omnium
1008 1311 1104 1376 optata
1121 1305 1259 1360 remissio.
1278 1306 1330 1359 l’er
1346 1305 1525 1377 Dominum]

1181 1394 1389 1462 Vcspcrtinoles.

894 1484 1007 1540 Orialur
1031 1483 1212 1536 nascentibus
1238 1481 1361 1535 tenebris
1384 1497 1488 1535 aurora
1512 1483 1643 1551 justitiae,
1671 1489 1704 1539 ut

859 1578 973 1643 peracto
995 1571 1041 1625 die
1063 1570 1116 1624 tibi
1139 1569 1303 1641 suppliciter
1336 1569 1443 1641 gratius
1474 1576 1592 1640 agentes
1618 1572 1705 1626 eliam

859 1675 943 1714 mane
958 1658 1111 1730 dignanter
1125 1659 1244 1728 recipias
1259 1663 1324 1711 vota
1338 1659 1489 1711 solventes.
1501 1659 1563 1712 Per.

85 1762 175 1804 lonas
195 1762 418 1804 susurrantes
438 1763 473 1801 er
492 1762 766 1802 vasreurmscas.
822 1717 843 1772 B
896 1750 972 1802 Tuus
987 1748 1055 1811 dies,
1076 1747 1203 1812 iteratur,
1220 1752 1247 1799 et.
1262 1753 1310 1799 tua
1324 1752 1366 1799 est
1382 1762 1452 1814 rior,
1468 1747 1589 1800 concede
1616 1749 1705 1801 solem

292 1836 476 1891 Mulnliuales.

84 1925 129 1979 ina
154 1924 314 1995 supplicum
342 1928 417 1990 vota,
442 1923 572 1986 Domine,
594 1922 735 1993 propitius
760 1923 804 1977 ia·

84 2020 93 2067 t
118 2014 228 2068 occulta
247 2013 340 2067 cordis
355 2012 445 2066 nostri
460 2013 588 2065 remedio
605 2019 662 2065 tuae
682 2011 805 2066 clarifica

96 2109 126 2157 et
140 2101 281 2157 desideria
296 2101 447 2155 tenebrosa
462 2116 521 2153 nen
536 2105 655 2154 teneant
671 2116 743 2171 quos
758 2101 806 2155 lux

94 2189 352 2261 gratiaereparavil.
369 2190 432 2242 Per.

85 2284 195 2349 potens,
211 2277 385 2347 sempiterne
402 2278 485 2341 Deus,
502 2276 577 2346 apud
592 2292 677 2347 quem
694 2292 807 2346 semper

86 2379 202 2422 scarum
217 2371 268 2433 est,
293 2366 366 2419 nihil
391 2366 587 2430 tenebrosum,
602 2364 709 2428 emitte,
726 2381 805 2435 quae·

86 2456 219 2521 Domine,
236 2456 332 2509 lucem
345 2459 424 2508 tuam
439 2454 469 2507 in
499 2452 632 2507 cordibus
647 2453 761 2521 nostris,
775 2459 807 2508 ut

85 2560 162 2598 rrum
176 2548 292 2597 tuorum
314 2543 376 2612 lege
388 2546 531 2612 percepta,
557 2541 588 2595 in
612 2541 659 2595 via
673 2547 721 2595 tua
744 2558 806 2595 am-

85 2650 98 2698 ι,
114 2632 184 2686 nihil
200 2632 346 2702 patiamnr
360 2631 475 2685 erroris.
494 2633 556 2684 Per.

95 2721 145 2793 qni
160 2720 311 2790 vigilantes
327 2720 355 2772 in
374 2719 505 2773 laudibus
526 2717 582 2772 tuis
598 2718 706 2772 coelesti
727 2735 804 2772 mer-

85 2824 213 2875 nuneras,
227 2808 359 2861 tenebras
372 2809 406 2860 de
421 2805 556 2860 cordibus
568 2806 673 2859 nostris
694 2806 805 2859 arrierre

87 2938 96 2965 ,
122 2903 153 2952 ut
175 2896 325 2967 splendore
350 2895 468 2950 luminis
482 2894 525 2948 tui
549 2910 663 2965 semper
677 2894 804 2964 gaudea-

85 3001 105 3040 ει
120 2985 273 3041 Dominum
289 2988 430 3037 nostrum.

85 3091 102 3129 a
123 3073 175 3128 tibi
204 3073 327 3143 agimus,
346 3070 465 3125 Domine
479 3074 584 3138 sancte,
610 3071 694 3124 Pater
708 3071 804 3124 omni-

100 3170 207 3218 aeterne
234 3163 318 3227 Dens,
342 3160 392 3230 qni
417 3175 468 3212 nos
493 3160 528 3213 de
557 3164 699 3212 transacto
716 3158 805 3212 noctis

85 3253 116 3307 ed
146 3251 303 3305 matutinas
325 3249 410 3303 horas
441 3248 597 3318 perducere
613 3246 748 3316 diguatus
764 3262 803 3314 es,

85 3355 126 3395 rus
140 3344 173 3392 ut
196 3338 285 3393 dones
304 3336 388 3390 nohis
411 3336 487 3390 diem
507 3336 584 3389 lrunc
605 3335 666 3388 sine
691 3339 805 3404 peccato

85 3470 92 3495 ,
110 3432 252 3500 quatenus
268 3428 302 3480 ed
320 3439 470 3495 vesperum
487 3429 514 3477 et
538 3438 652 3493 semper
675 3422 727 3478 tibi
749 3424 806 3477 Deo

85 3516 247 3572 referamus.
264 3516 317 3568 Per
331 3512 483 3567 Dominum
500 3516 640 3565 nostrum.

85 3610 185 3676 gentes
217 3604 252 3658 de
280 3602 424 3657 cubilibus
447 3599 513 3665 tuis,
543 3598 682 3652 auxilium
707 3597 805 3666 gratioe

85 3693 191 3753 culinis,
207 3690 337 3757 Domine,
353 3688 737 3761 precibusimploramns,ut,
751 3686 806 3740 dis·

85 3781 205 3836 enebris
233 3779 381 3844 vitiorum,
409 3777 556 3832 ambulare
584 3791 748 3830 mereamur
775 3775 805 3829 in

85 3874 185 3926 lutum.
201 3870 263 3922 Per.

85 3973 140 4013 rem
166 3972 263 4010 reram
280 3959 307 4008 et
328 3953 399 4008 lucis
418 3958 577 4021 auctorem,
608 3952 739 4015 Domine,
755 3951 804 4005 de-

85 4062 123 4112 ιι,
150 4052 180 4099 ιιι
203 4044 331 4113 digneris
355 4042 476 4097 anobis
504 4041 636 4095 tenebras
661 4040 804 4110 depellere

85 4151 108 4203 ι,
123 4140 152 4190 et
166 4133 321 4189 clarificare
338 4148 389 4186 nos
406 4133 468 4185 lnce
484 4130 630 4183 virtutum.
644 4131 706 4183 Per.

85 4240 105 4277 rs
120 4227 180 4290 tua,
197 4237 372 4293 quaesumus,
400 4219 529 4286 Domine,
554 4219 646 4272 luceat
661 4219 690 4271 in
711 4217 803 4272 cordi·

858 1836 977 1908 justitiae
990 1851 1160 1905 permanere
1171 1835 1199 1887 in
1207 1834 1340 1888 cordibus
1349 1834 1464 1901 nostris,
1479 1833 1514 1888 ad
1523 1835 1702 1904 repellendas

861 1925 993 1979 tenebras
1008 1923 1211 1994 cogitationum
1229 1923 1404 1993 iniquarum.
1425 1925 1486 1977 Per.

896 2013 1007 2068 Gratias
1019 2012 1084 2074 tibi,
1103 2011 1234 2076 Domine,
1251 2012 1373 2080 agimus,
1390 2010 1522 2065 custoditi
1542 2028 1592 2082 per
1612 2011 1703 2077 diem;

860 2102 966 2175 gratias
981 2100 1033 2154 tibi
1048 2100 1227 2166 exsolvimus,
1245 2099 1424 2153 cristodiendi
1436 2116 1486 2168 per
1501 2106 1614 2154 noctem
1632 2117 1638 2154 :
1656 2116 1704 2154 re-

860 2194 1001 2264 praesenta
1015 2206 1075 2255 nos,
1093 2205 1269 2258 clrrmsnmus,
1286 2187 1416 2251 Domine,
1449 2187 1598 2245 rnatutinis
1627 2188 1705 2243 lieris

860 2281 1027 2343 incolumes,
1046 2285 1077 2330 ut
1092 2294 1141 2330 nos
1163 2277 1241 2330 amisi
1266 2284 1395 2347 tempore
1410 2277 1515 2330 habeas
1533 2277 1704 2331 laridalores.

861 2371 924 2423 Per.

896 2456 1093 2528 Omnipotens,
1112 2454 1284 2524 sempiterne
1301 2455 1384 2520 Dens,
1398 2470 1515 2525 vespere
1528 2461 1555 2508 et
1579 2469 1663 2508 mane
1679 2460 1708 2508 et

860 2547 980 2602 meridie
997 2545 1174 2616 majestatem
1190 2551 1268 2597 tuam
1284 2543 1450 2612 suppliciter
1462 2544 1651 2615 deprecamur
1665 2550 1705 2606 ut,

861 2637 985 2708 expulsis
1012 2635 1047 2689 de
1076 2633 1208 2687 cordibus
1237 2632 1339 2685 nostris
1368 2637 1547 2702 peccatorum
1568 2633 1705 2700 tenebris,

860 2727 894 2779 ad
910 2740 1007 2778 veram
1018 2725 1122 2787 lucem,
1139 2737 1203 2792 qam
1218 2720 1346 2774 Christus
1362 2726 1412 2784 cst,
1431 2736 1482 2773 nos
1502 2719 1589 2773 iacies
1604 2736 1706 2790 perve-

860 2816 931 2870 nire.
949 2814 1001 2867 Per
1015 2811 1148 2864 errrndem
1167 2809 1316 2862 Domimrm
1335 2815 1474 2862 nestrum.

897 2904 981 2965 Deus,
999 2901 1049 2972 quii
1073 2898 1220 2951 illuminas
1236 2904 1360 2965 noctem,
1376 2904 1404 2950 el
1420 2900 1510 2950 lucem
1537 2901 1602 2968 post
1626 2901 1705 2951 tene-

823 2989 1009 3055 cbraslacis‚
1021 2987 1144 3041 concede¹
1162 2984 1243 3039 nobis
1260 2991 1290 3039 ut
1305 2986 1378 3038 lianc
1399 2991 1512 3038 noctem
1528 2985 1588 3038 sine
1608 2985 1702 3055 impe-

859 3082 988 3136 dimento
1012 3076 1124 3131 Setanm
1138 3079 1327 3138 transeamus,
1342 3078 1427 3143 atque
1455 3072 1604 3126 matutinis
1628 3072 1706 3126 horis

859 3169 999 3224 adultere
1015 3169 1097 3218 tuum
1121 3168 1310 3227 recurrentes,
1327 3161 1378 3215 tibi
1403 3163 1460 3216 Deo
1477 3162 1583 3232 gratias
1600 3161 1705 3215 relere-

859 3274 932 3312 mus.
949 3258 1001 3310 Per
1017 3252 1181 3308 Dominum.

893 3342 1067 3416 Vesperlinm
1081 3340 1173 3395 landis
1188 3338 1281 3393 cilicie
1302 3337 1506 3409 persolventes,
1523 3336 1705 3391 clementiam

858 3437 949 3496 tuam,
967 3431 1100 3495 Domine,
1115 3425 1218 3480 lisrmili
1231 3441 1315 3496 prece
1327 3424 1516 3495 deposcimus,
1530 3426 1559 3477 ut
1574 3423 1706 3477 nocturni

857 3518 1033 3575 insidiatoris
1056 3516 1183 3582 lraados,
1205 3520 1232 3568 tc
1248 3519 1427 3585 protegente,
1454 3513 1610 3567 vincamus.
1653 3513 1706 3566 Per

860 3608 1025 3664 Dominum.

893 3695 1014 3760 Exaudi,
1031 3693 1163 3755 Domine,
1184 3691 1308 3745 famulos
1324 3698 1396 3757 tuns,
1418 3691 1579 3761 vespertina
1594 3689 1705 3743 nomini

857 3790 908 3839 tuo
925 3789 989 3839 vota
1005 3783 1166 3848 reddentes,
1182 3785 1292 3850 etquos
1303 3779 1472 3850 persingulas
1488 3778 1545 3833 diei
1560 3784 1706 3832 momenta

858 3873 985 3937 servasti,
1002 3887 1054 3942 per
1075 3870 1165 3923 noctis
1184 3869 1311 3939 quictem
1333 3867 1476 3921 custodire
1491 3867 1620 3937 dignare.
1639 3868 1703 3921 Per.

894 3962 1075 4034 [Propitiare‚
1097 3959 1227 4023 Domine,
1253 3957 1421 4027 vespertinis
1448 3955 1705 4026 supplicationibus

859 4050 971 4118 nostris,
989 4054 1017 4103 et
1031 4049 1074 4101 iac
1097 4063 1148 4101 nos
1162 4046 1223 4099 sine
1240 4050 1317 4098 reatu
1336 4044 1483 4098 matutinis
1499 4043 1550 4097 tibi
1570 4041 1705 4097 laudibus

857 4137 1036 4211 praesentari.
1053 4138 1117 4190 Per.

893 4228 1073 4293 Quaesnmus,
1099 4221 1220 4277 Domine
1248 4223 1321 4276 Deus
1348 4223 1454 4284 noster,
1480 4219 1537 4274 diei
1559 4217 1705 4273 molestias

85 4306 767 4378 ³1⁵20²0ffl¹15³falsilasdesirllaiiflifflissi·Pel·
824 4299 949 4371 Dnoctis
962 4315 1059 4385 quiete
1088 4318 1227 4378 sustenta,
1245 4309 1450 4364 utnecessaria
1475 4314 1639 4378 temporum
1660 4308 1704 4361 vi·

85 4415 128 4455 ms
143 4399 257 4463 nostris,
275 4411 452 4467 quaesumus,
467 4395 596 4460 Domine,
628 4394 725 4447 lumen
741 4410 804 4448 san·

86 4487 192 4557 nigrius
206 4486 335 4546 intende,
353 4491 386 4538 ut
400 4482 451 4537 tibi
462 4498 575 4552 semper
591 4481 681 4536 simus
698 4481 805 4550 devoti,

84 4574 192 4646 pientia
206 4572 294 4627 creati
310 4587 408 4624 snmus
424 4576 452 4624 et
468 4568 648 4640 providentia
664 4568 805 4638 guberna·

85 4680 103 4717 r
118 4662 271 4717 Dominum
290 4666 430 4713 nostrum.

85 4767 131 4817 os,
147 4749 266 4804 Domine
287 4748 392 4801 veritas
415 4761 530 4815 semper
545 4745 700 4813 illuminet,
720 4750 748 4799 et
770 4744 805 4799 ab

85 4838 197 4895 evitate
217 4836 351 4892 defendat
365 4840 451 4906 atque
467 4832 619 4887 custodiat.
634 4834 697 4887 Per.

85 4956 86 4975 ι
113 4928 145 4982 in
167 4925 259 4992 nobis,
283 4924 411 4986 Domine,
427 4922 514 4976 tidem
530 4926 620 4988 taam,
634 4927 662 4975 et
682 4921 806 4991 Spiritus

85 5031 164 5071 ncem
183 5030 295 5084 semper
311 5013 341 5066 in
359 5011 444 5065 nobis
465 5010 597 5064 accende.
615 5010 676 5063 Per.
693 5010 726 5062 ln
741 5008 805 5063 ani-

85 5104 174 5158 edem.

85 5209 106 5246 is
122 5191 234 5261 agimus
249 5188 404 5243 enarrabili
421 5187 521 5259 pietati
540 5191 607 5252 tum,
624 5184 806 5255 omnipotens

85 5280 112 5334 ni
128 5294 191 5343 nos,
209 5279 328 5348 depulsa
343 5277 433 5331 noctis
444 5275 577 5346 caligine,
595 5275 630 5329 ad
646 5273 704 5327 diei
719 5273 807 5342 liujus

85 5383 138 5423 ,um
148 5367 316 5439 perduxisti,
328 5372 358 5421 et
367 5366 477 5435 abjecta
489 5363 660 5434 ignorantiae
670 5361 805 5426 caecitate,

858 4403 1024 4459 cissitudine
1036 4399 1215 4465 succedente,
1245 4404 1340 4453 nostra
1370 4397 1516 4451 reliciatur
1536 4395 1700 4451 infirmitas.

859 4492 913 4546 Per
927 4486 1107 4559 Dominum]
1236 4556 1322 4610 cxlv

860 4666 994 4705 rurosrrro
1032 4662 1145 4702 nenena
1187 4660 1272 4699 suren
1304 4659 1507 4698 anenommnun
1535 4659 1706 4699 carecauue·

1244 4748 1322 4789 aaa.

896 4827 1093 4896 Omnipotens,
1110 4822 1285 4891 sempiterne
1302 4823 1387 4885 Deus,
1414 4838 1429 4874 a
1456 4812 1622 4890 cujus‘iacie
1641 4820 1705 4875 cosli

859 4916 1007 4980 distillant,
1027 4916 1137 4966 erentes
1152 4915 1225 4964 sicut
1239 4927 1303 4964 cera
1317 4912 1492 4981 liquescunt,
1509 4915 1582 4962 terra
1599 4909 1706 4974 tremit,

860 5005 907 5060 cni
918 5008 1016 5074 patent
1031 5000 1135 5070 abyssi,
1152 5015 1237 5070 quem
1252 4997 1526 5068 internuspavescit,
1544 5013 1631 5066 quem
1643 5014 1708 5052 om·

860 5094 906 5148 nis
934 5093 1043 5146 irarum
1060 5101 1154 5143 motus
1169 5088 1310 5158 aspiciens
1326 5087 1496 5141 humiliatur
1511 5101 1519 5139 ι
1535 5091 1562 5139 te
1585 5087 1708 5157 supplex

860 5184 1011 5250 deprecor,
1036 5178 1167 5244 Domine,
1184 5180 1215 5231 ιιι
1245 5175 1423 5230 invocatione
1440 5173 1566 5228 nominis
1592 5175 1643 5239 tui,
1672 5175 1708 5228 ab

861 5270 947 5340 hujus
961 5267 1062 5322 famuli
1078 5267 1119 5321 tui
1133 5266 1285 5319 vexatione
1300 5264 1433 5318 contusus
1450 5263 1582 5316 inimicus
1604 5262 1706 5317 absce-

861 5360 918 5425 dat,
935 5366 963 5410 et
977 5357 1013 5411 ab
1028 5356 1112 5425 hujus
1129 5354 1309 5426 possessione
1330 5352 1427 5405 anima
1442 5352 1569 5417 liberata,
1597 5350 1632 5404 ad
1656 5367 1710 5406 ιιι-

85 5472 126 5510 ιιιι
142 5455 185 5509 tui
200 5455 325 5509 nominis
339 5460 424 5525 alque
439 5452 587 5506 scientiam
613 5451 758 5516 revocasti,
774 5450 807 5504 il·
862 5452 973 5502 ctorem
992 5462 1050 5499 suae
1065 5444 1163 5498 salutis
1180 5447 1318 5507 recurrat,
1338 5442 1580 5511 liberatoremque
1607 5457 1703 5505 siurim,

85 5544 204 5600 ¹cassibus
219 5547 322 5599 nostris
334 5543 517 5612 omnipotens
533 5541 625 5606 Pater,
643 5539 720 5594 utin
736 5555 808 5609 pra-
850 5535 1006 5592 ¹diabolico
1021 5535 1111 5589 fetore
1126 5533 1256 5603 depulso,
1279 5537 1308 5586 et
1322 5529 1411 5585 odore
1437 5529 1605 5584 suavissimo
1622 5530 1710 5602 Spiri-
