3930 6098
53 286 106 338 137
607 284 652 340 DE
673 284 836 340 CORPORE
863 285 907 340 ET
926 285 1100 342 SANGUiNE
1123 286 1253 343 DOllllll.
1523 294 1526 305 '
1759 298 1807 351 tte

52 416 233 469 sanctiticare
266 412 411 484 quiverit?
443 414 499 467 Nec
532 417 628 468 lamen
665 414 833 485 Apostolum
872 415 939 472 ina
959 416 1151 488 ipsamqnam
1170 417 1253 472 hodie
1277 421 1399 490 populus
1422 422 1600 478 credentium
1626 423 1658 479 in
1683 426 1808 482 Ecclesia

53 504 170 560 Christo
184 503 311 557 locutum
325 502 464 556 eudemus
483 501 577 555 dicere
595 503 671 572 qnod
698 519 754 556 non
779 518 843 557 rere
860 504 905 558 di·
960 506 1115 560 manducat
1129 513 1156 560 et
1171 506 1242 560 bibit
1255 508 1336 578 (Vide
1345 525 1418 562 rium.
1432 512 1488 573 iil.
1511 512 1571 565 Non
1587 513 1665 568 enim
1688 513 1753 570 licet
1768 517 1808 571 di-

54 592 244 664 xeritpatres
267 590 425 644 nostrosin
448 591 525 644 aulae
555 590 671 644 otmari
700 589 784 644 luisse
813 591 904 662 bapti·
961 611 1072 650 versam
1089 595 1220 666 intelligi,
1248 596 1384 666 qnoniam
1412 614 1485 651 unus
1512 600 1646 672 idemque
1677 603 1808 660 Christus

54 686 144 736 zatus.
961 688 1011 745 est,
1030 685 1079 754 qui
1096 691 1122 738 et
1138 686 1278 754 populum
1296 684 1326 738 in
1339 685 1461 745 deserte,
1484 687 1513 740 in
1535 691 1612 744 nube
1637 695 1667 746 et
1689 692 1718 746 in
1734 686 1807 749 mari

88 769 342 841 ,intermarana
359 768 518 839 baptismus
542 766 591 821 ille
612 767 734 822 formam
750 768 905 838 baptisma-
961 771 1149 842 baptizatum,
1165 789 1216 827 sua
1230 790 1313 828 carne
1336 774 1423 845 parii,
1442 791 1494 829 sno
1518 779 1657 848 sanguine
1673 785 1741 836 tnnc
1761 800 1808 854 po

53 859 91 913 tis
103 858 221 923 Christi,
237 859 314 929 qnod
332 857 416 911 hodie
432 858 542 927 geritur
560 857 589 909 in
604 857 739 923 Ecclesia,
756 874 814 911 non
829 873 905 927 prar-
962 861 1040 927 tavit,
1061 867 1089 914 et
1110 862 1138 915 in
1163 863 1284 916 Ecclesia
1299 878 1375 916 nrrnc
1404 864 1582 919 credentium
1597 870 1746 939 [populum
1763 873 1807 925 sui

54 947 165 1010 tulerit,
187 947 361 1017 baptismum
387 952 483 999 lamen
498 946 646 1010 exsiliisse,
670 951 698 998 et
713 946 742 998 in
757 962 790 999 eo
813 953 906 1018 patres
961 949 1089 1019 corporis
1100 966 1183 1020 pane,
1200 950 1243 1005 sui
1258 951 1406 1022 sanguinis
1420 952 1496 1007 unda
1508 953 1598 1023 prescii
1614 960 1700 1026 atque
1715 964 1805 1028 potat.

53 1044 170 1091 nostros
186 1036 344 1106 baptizatos
358 1034 455 1101 inisse,
470 1035 564 1087 nullos
585 1049 690 1104 negare
705 1050 791 1088 seniis
815 1035 905 1088 aude-
995 1038 1083 1093 Xlilll.
1101 1039 1181 1102 Quod
1209 1040 1307 1093 rolens
1331 1041 1484 1111 Apostolus
1508 1040 1653 1109 intimare,
1683 1048 1806 1102 canidi-

53 1124 108 1191 bit,
125 1125 182 1179 nisi
206 1124 299 1179 verbis
322 1125 450 1195 Apostoli
472 1122 667 1177 contradicere
692 1139 813 1177 resenas
837 1139 908 1194 pre.-
960 1126 1045 1180 xisset
1082 1131 1176 1197 patres
1204 1134 1318 1182 nostros
1347 1129 1478 1183 canalem
1507 1147 1600 1185 escam
1630 1133 1807 1203 spiritualem

55 1213 222 1285 sumpserit.
239 1214 330 1283 lgitor
347 1219 375 1266 et
401 1228 478 1265 mare
503 1216 531 1264 et
558 1211 722 1265 nubesnou
748 1213 905 1267 secundom
962 1215 1156 1283 manducasse,
1195 1217 1385 1288 eumdemque
1418 1223 1519 1287 potum
1552 1219 1732 1289 spiritualem
1765 1223 1809 1278 bi·

55 1300 513 1373 hocquodcerpnsexsliieranl,
530 1300 762 1353 sanctificationis
789 1302 906 1354 mnndi-
961 1302 1406 1375 hisse,consequenteradjecit2
1435 1307 1570 1362 Bibebnut
1596 1316 1687 1365 annm
1707 1311 1740 1365 de
1754 1316 1809 1381 spi-

56 1390 127 1445 tiam
148 1390 312 1460 praebuere,
337 1405 437 1443 rerum
462 1389 708 1459 seeundqmqnod
726 1371 908 1443 invisibiliter
961 1392 1059 1445 rituali
1072 1396 1242 1462 consequenti
1256 1408 1298 1448 ees
1319 1398 1408 1462 petro.
1436 1397 1515 1449 Petra
1536 1402 1626 1451 aretem
1654 1402 1714 1453 erat
1730 1401 1808 1457 Cleri·

55 1480 147 1533 sancti
177 1479 301 1549 Spiritus
329 1477 581 1531 sanctificationem
612 1477 807 1530 continebant.
843 1478 909 1530 Erat
961 1484 1019 1533 stus
1052 1479 1073 1548 (i
1103 1480 1163 1535 Cer.
1191 1497 1218 1548 x,
1247 1482 1282 1551 ll.
1309 1483 1342 1536 Ut
1369 1481 1610 1555 intelligeremus,
1639 1487 1667 1541 in
1697 1488 1808 1543 deserte

55 1567 232 1638 namqueiu
257 1567 299 1621 eis
323 1565 443 1620 risibilis
461 1566 564 1632 torma,
593 1566 823 1637 quoe'corporeis
843 1581 906 1618 seu·
962 1569 1106 1624 Christum
1123 1570 1150 1622 in
1174 1571 1316 1640 spirituali
1343 1576 1423 1640 petra
1439 1574 1609 1640 constitisse,
1639 1577 1724 1631 etsui
1741 1594 1808 1632 sen-

55 1655 135 1709 sibus
155 1661 318 1727 appareret,
339 1670 395 1708 non
421 1654 451 1708 in
466 1653 603 1723 imagine,
620 1654 667 1708 sed
683 1654 713 1708 in
729 1655 862 1719 reritale;
880 1656 907 1707 et
962 1657 1058 1727 guinis
1070 1657 1175 1712 undant
1186 1659 1469 1730 populopraebuisse,
1483 1663 1531 1732 qui
1545 1669 1643 1732 postea
1654 1681 1758 1736 corpus
1773 1667 1808 1721 de

53 1745 179 1798 interius
194 1743 350 1816 spiritualis
364 1742 490 1813 potentia
504 1741 675 1812 refulgebat,
692 1759 757 1813 quoe
770 1759 828 1796 non
847 1758 907 1796 car·
923 1717 943 1771 B
962 1746 1077 1816 Virgine
1088 1751 1245 1818 sumptum,
1261 1752 1290 1800 et
1304 1763 1355 1817 pro
1369 1750 1459 1802 salute
1475 1750 1653 1806 credentium
1670 1754 1699 1807 in
1725 1771 1807 1810 cruce

54 1835 99 1887 nis
115 1832 220 1897 oculis,
234 1831 282 1886 sed
297 1832 400 1886 mentis
419 1831 577 1886 luminibus
591 1836 751 1902 appareret.
962 1849 1142 1905 suspensum,
1161 1837 1264 1889 nostris
1292 1836 1402 1889 saeculis
1431 1837 1569 1903 extabuit,
1597 1844 1672 1894 etex
1691 1858 1807 1896 eoseu-

88 1921 175 1977 xxti.
195 1920 334 1976 Similiter
348 1935 451 1974 manna
476 1920 584 1991 populo
600 1920 634 1974 de
658 1919 728 1973 coelo
754 1919 863 1984 datrim,
881 1921 909 1971 et
961 1923 1057 1992 guinis
1071 1924 1177 1977 undam
1192 1924 1292 1979 alludit
1311 1935 1323 1959 ⁸
1336 1940 1394 1995 quo
1406 1941 1463 1979 non
1479 1927 1572 1981 solum
1587 1928 1805 1997 redimeremur,

56 2009 300 2082 aquaprnssuens
328 2008 363 2061 de
388 2014 477 2079 petra,
505 2010 669 2079 corporales
698 2007 909 2062 exstiterantet
961 2011 1164 2065 verumetiam
1183 2018 1359 2082 poteremur.

56 2099 249 2169 corporaliter
263 2096 402 2168 populum
426 2097 469 2151 rel
493 2096 648 2168 pascebant
676 2096 720 2150 rel
745 2096 907 2166 potabant:
997 2099 1071 2154 lillV.
1088 2101 1188 2154 tlirnm
1213 2104 1300 2167 certe,
1317 2101 1455 2171 qnoniam
1472 2101 1765 2172 incomprehensibile
1781 2108 1808 2158 et

56 2194 184 2243 attamen
202 2187 353 2257 Apostolus
372 2186 414 2240 rel
428 2184 497 2240 illud
515 2186 682 2251 manna,vel
700 2186 777 2239 illam
792 2201 908 2255 aquam,
960 2187 1175 2243 inestimabile!
1193 2189 1326 2242 Nondum
1348 2190 1495 2246 hominem
1513 2197 1716 2260 assumpserat,
1733 2208 1807 2247 non·

56 2276 240 2347 spiritualem
254 2290 346 2329 escam
370 2274 609 2344 spiritualemque
638 2279 739 2343 potum
769 2273 905 2344 appellat.
961 2277 1029 2331 dum
1045 2292 1098 2345 pro
1115 2276 1205 2330 salute
1227 2277 1327 2330 mundi
1356 2284 1479 2332 mortem
1501 2280 1713 2350 degustaverat,
1740 2297 1808 2335 non·

58 2362 467 2428 Curhocioironiaminerat
489 2360 633 2434 corporeis
658 2361 715 2415 illis
743 2361 909 2415 substantiis
962 2362 1314 2432 dumsunguinesuouos
1333 2364 1503 2433 redemerat,
1520 2368 1618 2438 etjam
1645 2369 1734 2424 nostri
1760 2387 1809 2440 pa·

58 2454 219 2525 spiritualis
236 2453 318 2508 Verbi
333 2457 469 2522 potestas,
485 2468 550 2523 qum
565 2457 675 2506 mentes
700 2451 795 2520 potius
821 2465 908 2521 qnam
961 2457 1018 2506 tres
1032 2451 1062 2505 iu
1075 2451 1187 2505 deserto
1207 2468 1257 2522 per
1270 2466 1363 2505 escam
1385 2453 1565 2522 spiritualem
1592 2458 1808 2528 polumquein-

59 2559 177 2614 corpora
208 2541 388 2595 credentium
415 2546 544 2611 pasceret
571 2545 658 2611 alque
689 2544 802 2610 potaret
824 2538 909 2609 (Vide
960 2539 1526 2609 visibilemejuscorpusmanducabnnt
1552 2547 1662 2613 atejus
1686 2547 1806 2614 sangui-

59 2632 200 2701 nnru.l5).
219 2630 252 2684 Et
277 2645 342 2684 cum
368 2629 503 2684 cibusvel
534 2634 617 2699 potus
648 2629 696 2683 ille
725 2628 813 2682 loturi
847 2644 907 2680 ror·
961 2627 1494 2684 nembihebant:reluttestiserstat
1517 2634 1809 2701 Apostolusclemens

61 2718 136 2788 poris
151 2716 259 2772 Christi
274 2717 480 2788 sanguinisque
496 2718 675 2788 mysterium,
691 2717 767 2788 qood
784 2716 909 2770 celebrat
961 2718 1090 2771 camdem
1118 2733 1209 2771 escam
1238 2716 1420 2787 spiritualem
1445 2719 1642 2786 manducasse,
1672 2723 1806 2777 eumdem

63 2807 194 2873 Ecclesia,
227 2810 472 2876 praemonstraret,
511 2806 642 2860 eamdem
684 2812 780 2860 tamen
815 2821 908 2859 escam
961 2812 1063 2875 potum
1079 2805 1256 2876 spiritualem
1268 2805 1373 2860 bibisse
1388 2810 1484 2876 patres
1499 2815 1620 2862 nostros.
1640 2811 1701 2864 h'on
1722 2810 1807 2865 isthic

63 2895 238 2964 spiritualem
256 2894 451 2960 manducasse,
468 2894 600 2948 eumdem
616 2898 714 2965 potum
729 2894 908 2965 spiritualem
962 2895 1034 2949 ratio
1050 2910 1106 2965 qua
1122 2894 1184 2949 lieri
1200 2897 1335 2964 potnerit,
1352 2894 1553 2966 disqiti1·enda;
1570 2899 1619 2953 sed
1645 2899 1716 2954 tides
1732 2901 1808 2972 qnod

63 2983 162 3036 bibisse
181 2983 816 3052 patresnostrossanclosl‘anlusassererat.
923 2983 1066 3068 Cinctum
1088 2984 1133 3048 sit,
1160 2983 1440 3053 adhibendablpse
1469 3001 1591 3055 namque
1607 2987 1657 3057 qni
1686 2988 1808 3042 nuncin

93 3072 185 3128 lell.
201 3071 313 3135 Quaeris
334 3070 454 3124 tortasse
477 3085 563 3140 quarn
589 3070 743 3125 camdeni?
766 3069 907 3125 Nimirum
961 3071 1086 3125 Ecclesia
1103 3070 1295 3140 omnipotenti
1310 3071 1416 3125 virtute
1431 3088 1536 3142 panem
1554 3079 1583 3128 et
1601 3074 1700 3129 vinnm
1719 3078 1748 3130 in
1765 3079 1808 3130 sui

91 3229 173 3294 ⁸an
186 3243 242 3282 uon
264 3229 350 3281 solum
369 3226 574 3292 redimeremur,
606 3241 698 3280 enam
723 3229 805 3281 etiam
826 3231 905 3296 pota·
961 3226 1081 3291 coulert,
1091 3224 1221 3292 qrramris
1235 3224 1330 3295 prima
1340 3229 1368 3280 et
1378 3225 1526 3297 antiquior
1536 3227 1810 3299 essetsigurarecen-

66 3313 155 3354 eonor.
169 3299 242 3353 Cum
257 3298 333 3352 idem
354 3298 401 3362 sit,
419 3297 499 3351 omni
525 3301 621 3350 amoto
640 3297 814 3363 discrimine,
841 3313 906 3350 san·
960 3296 1041 3350 tioris
1055 3301 1083 3350 et
1097 3295 1192 3366 inrogo
1207 3312 1255 3348 seu
1272 3296 1325 3350 sub
1339 3302 1484 3366 aspectum
1495 3298 1634 3367 subjectio
1650 3304 1678 3353 et
1702 3300 1811 3370 elligies

66 3369 120 3438 guis
135 3369 312 3439 Christique
328 3375 463 3439 potamur
489 3373 516 3422 et
541 3367 719 3434 redimimur,
748 3368 807 3421 hec
824 3384 905 3421 assu·
961 3383 1102 3437 expressa.
1120 3365 1615 3435 Cumigituraitllatramnusnum.
1633 3372 1809 3426 23eamdern

67 3454 136 3493 nere
158 3455 276 3494 neccsse
301 3446 344 3494 est
359 3439 396 3494 ad
420 3437 648 3493 concludendum
673 3439 750 3508 quod
773 3455 837 3492 curn
854 3438 907 3492 lla·
961 3454 1021 3491 esse
1036 3452 1151 3491 carnem
1167 3453 1254 3507 quam
1271 3437 1396 3508 populus
1411 3439 1588 3493 credentium
1601 3441 1659 3494 edit
1673 3440 1702 3494 in
1713 3441 1811 3497 Eccle-

66 3516 187 3564 tramnns
202 3509 331 3564 docuerit
348 3515 375 3563 et
388 3509 542 3563 crediderit
552 3508 722 3579 sanguinem
737 3524 789 3579 pre
810 3509 905 3562 horni-
961 3509 1010 3572 sia,
1027 3514 1055 3562 et
1070 3515 1168 3578 potum
1185 3524 1271 3577 quem
1288 3507 1367 3574 bibit,
1386 3525 1442 3563 uon
1458 3511 1593 3579 intelligit
1607 3526 1659 3565 nec
1677 3512 1717 3565 ait
1732 3529 1809 3567 eam-

67 3580 142 3634 nibus
170 3580 295 3635 effusum
323 3596 382 3634 non
411 3596 471 3634 esse
499 3580 637 3633 duntaxat
666 3577 831 3648 figuratum,
857 3579 905 3633 sed
960 3579 1026 3633 dem
1041 3594 1101 3632 esse
1118 3592 1232 3631 carnem
1247 3584 1277 3632 et
1291 3585 1391 3649 potum
1405 3580 1587 3634 individuum
1603 3586 1633 3634 et
1645 3582 1810 3651 specificam

68 3666 159 3705 aarum
174 3658 205 3705 et
219 3651 334 3721 proprie
349 3651 456 3705 dictum
472 3651 640 3720 sanguinem
654 3648 757 3703 Christi
774 3650 906 3704 eductum
960 3648 1040 3703 omni
1055 3648 1168 3702 delectu
1184 3655 1231 3701 aut
1245 3648 1411 3703 discrimine
1425 3656 1548 3717 remoto,
1564 3651 1614 3705 sed
1626 3654 1811 3708 solummodo

68 3725 153 3776 esino
170 3722 262 3776 beatae
277 3720 401 3791 Virginis
414 3726 441 3774 et
456 3719 620 3774 effluentem
636 3735 668 3773 ex
684 3718 763 3773 renis
777 3720 905 3791 corporis
960 3719 1090 3773 eamdem
1101 3733 1215 3771 carnem
1231 3734 1329 3787 reapse
1340 3720 1505 3774 manducari
1520 3727 1549 3774 et
1562 3722 1694 3776 eumdem
1710 3731 1811 3793 potum

69 3793 135 3846 eruci
151 3792 240 3853 aillxi.
257 3808 373 3846 necesse
387 3796 431 3845 est
447 3790 669 3845 Euclrarislicum
690 3807 747 3860 quo
771 3795 906 3861 potamur
961 3789 1109 3875 propinari
1125 3789 1220 3853 hodie,
1237 3804 1361 3859 qnorum
1377 3789 1473 3858 imago
1488 3790 1582 3843 sileret
1593 3793 1662 3845 olim
1678 3809 1812 3863 expressa

68 3861 253 3917 inisseesinu
271 3863 363 3917 beatoe
384 3861 509 3932 Virginis
533 3860 665 3915 eductum
685 3868 744 3915 ete
771 3861 905 3915 crucitiro
960 3867 989 3914 et
1007 3861 1140 3931 ligurata,
1158 3864 1186 3912 et
1209 3860 1453 3929 quemadmodum
1472 3859 1533 3912 haec
1562 3863 1765 3930 liguratacaro
1781 3870 1810 3918 et

70 3932 329 4004 torporeeffusum,
356 3934 438 4002 cujus
459 3948 525 3986 curn
551 3931 731 4002 plenitudine
757 3932 791 3986 ad
821 3932 906 3986 coelos
960 3929 1814 4002 sauguisligoratns,lrabebantvirtuteminterioreminlu·

71 4007 211 4074 postquam
228 4005 330 4056 revixit
353 4002 490 4068 escendit,
520 4007 548 4056 et
576 4002 610 4056 ad
643 4003 789 4056 dexteram
814 4002 906 4057 Patris
960 4002 1223 4071 sionisgratiaeseu
1240 4000 1420 4054 conterenda
1445 3998 1612 4055 hominibus
1640 4004 1810 4070 sanctitatis,

71 4075 142 4135 sedit,
156 4080 187 4128 nt
200 4074 278 4128 idern
294 4073 389 4145 inquit
402 4074 576 4137 llatramuus
588 4088 667 4126 num.
685 4075 728 4127 30.
960 4073 1061 4127 eadem
1076 4087 1141 4125 caro
1156 4086 1222 4124 vere
1238 4071 1411 4141 sanguisque
1427 4086 1512 4125 verus
1542 4072 1599 4126 rim
1624 4079 1653 4126 et
1675 4074 1810 4128 virtutem

97 4145 186 4213 llere,
202 4160 332 4212 namque,
347 4149 400 4198 etc.
419 4143 496 4198 Adeo
513 4143 542 4197 in
555 4149 650 4196 mente
664 4142 800 4197 tuendam
814 4142 905 4197 habe·
960 4143 1048 4196 habet
1061 4141 1240 4195 conterenda
1255 4141 1318 4195 vitae
1342 4148 1371 4195 et
1386 4141 1620 4197 immortalitatis.
1638 4144 1717 4199 llunc
1751 4161 1813 4200 esse

71 4211 111 4267 bat
124 4214 468 4269 transsubstantiationem
487 4214 669 4276 eutramnus,
696 4229 782 4285 qnam
809 4213 905 4268 Eccle-
960 4228 1059 4267 verum
1074 4227 1188 4264 sensum
1205 4213 1416 4265 concinnatoris
1439 4213 1587 4266 ltatramni
1613 4230 1647 4267 ex
1663 4231 1773 4286 concep
1793 4218 1815 4270 ti

72 4285 257 4339 siacatbolica
273 4284 409 4353 defendit,
425 4291 457 4338 ut
479 4284 587 4364 liquido
610 4283 750 4352 subjicere
775 4284 943 4364 rideatur„
964 4283 1057 4338 verbis
1073 4297 1154 4336 num.
1174 4283 1209 4335 22
1233 4282 1442 4347 intelligimus:
1464 4285 1573 4338 Etcum
1595 4285 1680 4351 citus,
1704 4287 1746 4340 ael
1759 4303 1813 4355 po-

72 4352 162 4410 iactam
177 4355 266 4410 fuisse
280 4362 409 4426 tempore
432 4356 532 4425 lloysrs
548 4353 577 4408 in
600 4369 706 4408 menna
732 4360 761 4409 et
781 4353 811 4408 in
832 4370 903 4425 aque
964 4359 1006 4409 tus
1020 4354 1067 4406 illc
1080 4352 1172 4418 saturi
1190 4355 1310 4420 corperis
1325 4354 1430 4408 Christi
1443 4357 1639 4422 sarrpuinisqne
1651 4361 1814 4424 mysterium

72 4440 125 4495 qne
142 4426 179 4481 de
225 4432 287 4481 etre
316 4428 396 4495 virga
422 4441 555 4495 percussa
583 4423 747 4488 elssurerat;
778 4425 907 4494 adeoque
961 4423 1164 4494 qaodcelcbrot
1184 4424 1303 4476 Ecclesia
1323 4429 1555 4491 praemonstraret,
1572 4425 1690 4480 condem
1721 4432 1812 4481 tamen

72 4500 172 4551 lantum
187 4512 205 4549 e
258 4501 314 4550 tut
332 4512 365 4550 ex
386 4496 440 4550 lrac
464 4496 677 4565 comparatione
701 4495 905 4549 assumendum
961 4510 1049 4549 ercam
1064 4493 1237 4563 spiritantem
1258 4492 1460 4562 titissepntrcs
1477 4501 1582 4550 nostres
1604 4502 1713 4551 sanctus
1735 4499 1813 4552 Paa-

72 4567 101 4619 eil
112 4572 318 4637 argumentum
334 4565 560 4636 adprobandum
574 4566 763 4620 Retramnum
775 4565 907 4618 abnuisse
962 4566 1003 4619 lus
1018 4568 1163 4619 asseverat.
1178 4566 1213 4617 nt
1227 4578 1292 4615 vero
1303 4578 1368 4616 curu
1382 4565 1581 4634 ratiopropter
1594 4583 1680 4637 quam
1697 4575 1812 4623 sanctus

72 4635 199 4691 doctrine
212 4637 361 4692 catholicae
376 4637 504 4690 Ecclesiae
519 4637 555 4690 de
568 4635 811 4689 transmutatione
826 4634 908 4705 ponis
963 4635 1068 4688 Paulus
1096 4634 1196 4687 asserit
1220 4638 1314 4702 patres
1347 4641 1461 4687 nostros
1489 4636 1646 4690 comedisse
1681 4639 1812 4694 eamdem

71 4704 211 4779 incorpus
225 4707 432 4776 Christi:ipsa
448 4705 623 4777 comparatio
649 4706 753 4776 probat
775 4711 909 4759 econtra
962 4709 1123 4759 cernemet
1140 4703 1243 4758 bibisse
1270 4703 1404 4758 eumdem
1428 4709 1529 4773 potum
1558 4722 1592 4759 ex
1618 4723 1651 4759 ιιο
1680 4716 1813 4781 erumpat

71 4776 130 4832 adeo
149 4785 280 4832 mentem
305 4783 471 4848 occupatam
494 4777 628 4830 hahuisse
656 4776 789 4830 suasione
824 4777 908 4845 liujus
963 4776 1039 4846 quod
1055 4774 1223 4844 mysterium
1239 4772 1366 4845 corporis
1381 4780 1409 4827 et
1432 4775 1582 4844 sanguinis
1605 4774 1706 4831 Christi
1723 4780 1813 4835 iutriri

71 4848 401 4915 transsubstantiationis,
443 4852 475 4901 ut
502 4847 585 4900 alteri
613 4845 738 4901 libenter
771 4850 911 4899 corrueret
963 4845 994 4899 in
1008 4846 1134 4914 imagine
1149 4859 1264 4898 mannae
1281 4859 1446 4923 expressum
1463 4844 1566 4912 iuerat,
1583 4850 1611 4899 ct
1626 4863 1707 4917 aquae
1722 4857 1812 4919 petrae

70 4917 152 4986 ipsius
167 4934 285 4974 mannae
300 4918 330 4972 in
347 4919 503 4989 ipsummet
528 4932 632 4986 corpus
649 4915 752 4971 Christi
782 4917 909 4970 nondum
964 4917 1080 4980 deserti,
1097 4915 1284 4985 consequitur
1297 4914 1422 4968 dilucide
1437 4915 1513 4969 hunc
1524 4923 1670 4970 auctorem
1686 4935 1736 4973 sen
1748 4936 1814 4975 con·

70 4989 129 5043 nati.
146 4989 201 5044 Sed
215 5004 283 5043 cum
296 4989 438 5058 ejrrsmodi
453 4989 605 5041 sententiae
624 5002 716 5055 genus
741 5002 802 5040 esse
828 4986 910 5040 valde
965 4987 1143 5040 cinnatorem
1159 4984 1213 5038 sibi
1228 4985 1346 5039 suadere
1366 5001 1423 5039 uon
1442 4986 1567 5057 potuisse
1589 4987 1641 5040 hoc
1665 5003 1771 5042 menna
1787 4998 1816 5045 et

71 5058 207 5130 singulare
222 5064 251 5112 et
261 5059 397 5121 insolens,
412 5057 543 5128 quamvis
553 5056 814 5111 hicdllucidissime
828 5073 911 5126 expo·
964 5071 1070 5127 aquam
1100 5055 1186 5109 irrisae
1212 5054 1395 5110 individuum
1421 5061 1449 5110 et
1472 5057 1635 5124 specilicum
1650 5073 1764 5128 corpus,
1784 5068 1813 5114 et

71 5131 157 5197 sitnm,
175 5135 306 5182 nostrum
322 5133 466 5182 auctorem
482 5128 513 5181 in
527 5128 599 5181 banc
624 5127 793 5180 senteutiam
825 5127 910 5181 inisse
965 5127 1135 5196 sanguinem
1157 5140 1242 5194 quern
1267 5126 1297 5179 in
1325 5142 1399 5180 noro
1427 5127 1532 5182 ioedere
1560 5128 1734 5196 percipimus
1763 5147 1816 5186 uec

71 5202 232 5270 neritiquam
251 5198 529 5253 rideturcredibile:
562 5198 846 5267 uippecumccrtum
865 5199 910 5262 sil,
965 5198 1176 5251 eumdemesse
1202 5195 1361 5266 simplicem
1386 5198 1508 5267 liguram
1530 5203 1558 5251 et
1586 5199 1741 5268 imaginem
1764 5219 1815 5256 er-

73 5269 536 5336 omnidubioremoto,nemiuem
572 5266 911 5338 ominumsibiunquaru
966 5283 1092 5337 pressam
1110 5280 1277 5319 racuamea
1299 5282 1330 5320 re
1357 5284 1442 5338 qnam
1472 5267 1579 5321 inducit
1608 5274 1636 5322 et
1669 5271 1812 5342 exprimit.

73 5341 238 5406 persuasisse
259 5356 292 5393 ac
319 5339 481 5394 delendisse
510 5338 840 5392 transsubstantiationem
863 5355 911 5390 seu
966 5337 1142 5393 Secusenim
1163 5352 1269 5389 manna
1296 5336 1397 5391 luisset
1424 5340 1517 5402 ligura
1545 5337 1646 5407 lignrae
1667 5347 1695 5395 et
1718 5343 1816 5416 imago

74 5411 429 5465 reramconrrnutetionem
445 5425 556 5463 manuae
573 5409 607 5463 de
624 5407 913 5478 coslolnsaeetaquae
968 5407 1112 5478 imaginis,
1126 5408 1201 5477 quod
1218 5412 1292 5461 recte
1309 5408 1414 5461 rationi
1435 5409 1613 5463 intolerabile
1642 5427 1756 5485 semper
1769 5417 1815 5470 ri-

77 5478 105 5533 de
117 5487 197 5551 petra
212 5481 329 5534 lluenlis
344 5481 374 5534 iu
389 5479 617 5551 corpusChristi.
634 5479 687 5534 Sed
704 5484 801 5533 noster
815 5484 914 5531 auctor
967 5494 1030 5531 sum
1058 5482 1111 5537 est.
1141 5482 1170 5532 et
1194 5493 1210 5531 a
1233 5493 1318 5532 sensu
1345 5478 1502 5545 Retramni,
1528 5480 1670 5536 simentis
1697 5500 1816 5554 compos

77 5551 217 5606 mirificant
233 5551 422 5606 mutationem
433 5552 462 5604 in
473 5550 592 5607 alteram
604 5549 786 5604 mirabilitate
798 5549 914 5618 plenem
967 5547 1064 5625 luerit,
1084 5563 1198 5619 semper
1211 5547 1338 5601 alienum
1354 5549 1478 5618 :quippe
1492 5549 1517 5603 ei
1533 5550 1628 5606 dicere
1643 5554 1710 5607 setis
1729 5555 1816 5610 inisse

230 5647 377 5709 Parnon.
400 5645 513 5708 CXXI.
1639 5652 1658 5707 5
