3930 6098
169 265 220 329 528
852 266 979 325 hLVAEi
998 266 1240 326 uouuusseusfs
1869 266 1919 320 bii

171 407 275 481 gladiis
291 412 468 462 truncavere.
486 401 521 458 Et
539 400 564 457 si
583 418 598 457 a
618 401 690 458 veris
713 402 835 457 strenuis
859 404 1019 458 severitatis
1038 403 1264 469 Adefendimus,
1281 407 1309 456 et
1323 417 1383 456 non
1397 400 1581 465 damnabilia,
1609 401 1657 456 sed
1682 401 1790 474 optima
1815 400 1918 472 praedi-

170 512 227 551 non
248 494 390 566 recipiunt
403 509 456 564 pro
473 491 529 548 fide
543 492 675 563 praelium
686 491 1017 547 intentandumzsaltim
1073 493 1238 547 camusiEt
1260 491 1437 546 Christianos
1452 495 1549 545 contra
1570 491 1636 545 fidei
1658 507 1716 544 suae
1745 491 1839 545 socios
1868 506 1920 561 pro

171 601 186 639 a
209 583 323 638 feminis
348 583 458 636 discant
479 581 589 634 virilem
614 581 649 634 de
664 580 795 634 hostibus
819 579 991 634 adorearum
1005 588 1018 614 ⁸
1073 581 1148 652 regis
1164 580 1265 651 gratia,
1279 587 1307 633 et
1332 596 1384 650 pro
1404 578 1598 634 vendibilibus
1621 579 1800 646 muneribus,
1818 583 1848 633 et
1869 578 1919 633 de·

169 672 320 727 sublimari
335 670 496 741 trophaeum
530 670 565 723 Et
588 684 669 722 sexus
694 668 796 722 fortior
815 669 921 738 pudeat
949 685 1016 722 seru
1072 670 1202 724 fensioue
1217 669 1370 740 gentilium
1386 669 1560 738 praeliantes,
1574 684 1631 721 non
1647 669 1857 734 maledicimus,
1871 685 1921 722 nec

168 760 297 830 superari
317 759 455 814 femineo.
477 759 635 824 Postremo,
655 757 731 828 quod
754 757 889 811 omnihus
904 757 1017 810 sacrile·
1072 759 1257 823 detestamus,
1267 758 1314 812 sed
1327 758 1475 826 religiosos
1486 773 1538 827 pro
1554 756 1610 810 ileo
1622 773 1687 810 vero
1700 762 1841 811 certantes
1856 773 1921 810 ana·

168 863 237 919 gum
266 865 327 902 esse
351 846 504 911 videbitur,
521 845 543 898 si
570 851 645 899 certo
672 848 784 898 tanturn
813 845 949 899 adversor
976 847 1018 898 est

105 998 110 1008 ‚
168 936 298 991 Ecclesiae
314 942 417 990 sanctae
434 936 594 1001 maledicat,
607 949 671 1005 qum
685 933 885 988 maledicentes
900 949 929 987 se
946 948 1018 1004 quo·

167 1025 238 1080 tidie
264 1024 418 1079 maledicit.
448 1025 480 1078 Et
493 1023 593 1093 utiquc
623 1021 788 1076 maledictor
812 1021 941 1077 Ecclesia
965 1026 1017 1089 est,

168 1113 218 1185 qui
233 1113 340 1167 viscera
363 1113 493 1167 Ecclesirn
516 1111 671 1178 maledicit,
696 1110 755 1165 imo
778 1112 827 1182 qui
852 1111 942 1181 ipsius
969 1112 1016 1165 Ec·

168 1201 272 1266 clesiae,
289 1217 353 1272 quae
371 1217 428 1254 non
444 1200 536 1271 magis
555 1200 584 1253 iu
600 1199 663 1253 aliis
678 1214 764 1270 quarn
780 1199 810 1253 in
825 1198 894 1269 ipsis
908 1203 1018 1269 marty-

168 1292 248 1346 ribus
265 1295 456 1361 computatur,
474 1289 627 1343 infamator
649 1287 785 1358 profanus
805 1294 856 1342 est.
882 1287 1018 1358 Nunquid

1072 849 1197 902 themate
1213 846 1399 918 percutimus,
1420 851 1449 900 et
1462 844 1655 898 infamamus?
1670 846 1769 899 etliaec
1781 850 1840 898 tota
1865 861 1921 897 nie

1072 939 1102 990 lu
1113 937 1219 991 terreni
1240 935 1315 1005 ragis
1331 940 1450 1005 urgente
1463 933 1637 1004 peragimus,
1655 933 1840 1004 qucmreloci
1864 933 1920 988 tine

1072 1040 1168 1080 carere
1208 1023 1265 1078 fide
1302 1021 1483 1076 indubitabili
1512 1021 1693 1076 retinemus:
1726 1026 1756 1076 et
1780 1026 1919 1075 terrorem

1072 1113 1172 1167 aeterni
1189 1111 1283 1183 Regis,
1295 1111 1330 1165 ad
1342 1127 1428 1183 quern
1444 1110 1609 1165 citiustrahi
1628 1126 1681 1165 nos
1696 1125 1761 1165 vere
1776 1110 1920 1164 credimus

1073 1207 1101 1256 ct
1117 1207 1258 1266 tenemus,
1274 1205 1338 1272 post
1354 1206 1466 1270 tergum
1489 1199 1634 1270 rejicimus
1654 1203 1681 1252 et
1697 1199 1918 1254 conculcamus:

1072 1296 1157 1362 atque
1174 1290 1224 1362 qui
1242 1305 1342 1344 eorum
1365 1289 1511 1342 erroribus
1533 1287 1742 1356 contradicunt,
1767 1287 1920 1343 haereticos

168 1395 226 1434 non
255 1379 355 1433 doctor
382 1383 491 1444 noster,
519 1377 706 1432 Ecclesiarum
732 1376 836 1431 Christi
882 1376 1019 1447 magister
1071 1384 1100 1435 et
1121 1378 1225 1433 inscios
1243 1377 1425 1449 judicamus‘t
1450 1377 1551 1431 Nostra
1584 1381 1683 1430 contra
1703 1392 1757 1430 nos
1783 1376 1921 1431 dimicant

167 1468 281 1535 Paulus,
299 1466 429 1537 gentium
441 1466 599 1536 apostolus,
613 1481 661 1518 vas
677 1464 781 1519 Christi
797 1465 915 1531 electus,
941 1465 1018 1519 hunc
1072 1484 1174 1523 arma:
1197 1474 1225 1522 et
1247 1467 1277 1520 in
1300 1466 1404 1520 vertice
1424 1471 1522 1519 nostro
1547 1464 1692 1520 descendit
1711 1465 1851 1536 iniqnitas
1871 1482 1919 1520 no·

169 1558 304 1626 angelum
318 1555 409 1626 digito
423 1553 502 1626 quali
518 1554 668 1619 denotans,
684 1569 814 1624 presago
830 1553 932 1623 spiritu
956 1569 1017 1608 ma·
1072 1563 1130 1610 stra
1145 1555 1230 1623 (Psal.
1247 1569 1294 1618 vn,
1317 1557 1369 1621 17).
1387 1554 1499 1624 Egregii
1515 1553 1727 1624 predicatores,
1744 1557 1773 1606 et
1797 1553 1920 1608 admira-

169 1645 411 1710 ledixit‚dicens:
441 1643 555 1711 Siquis
579 1643 654 1697 uobis
680 1642 758 1695 aliud
790 1640 1019 1710 evangelizaverit
1071 1645 1144 1700 biles
1156 1659 1277 1715 gregum
1292 1642 1386 1711 electi,
1402 1643 1470 1696 boni
1487 1647 1516 1696 et
1530 1643 1795 1713 nonnispaslores,
1817 1643 1920 1696 siccine

167 1739 267 1804 praelcr
292 1734 322 1787 id
357 1732 430 1801 quod
463 1733 615 1800 accepistis,
651 1730 797 1784 anathema
832 1733 878 1784 sit.
920 1731 1016 1784 Amen.
1038 1702 1126 1788 Bnm
1140 1734 1234 1787 docuit
1247 1731 1449 1787 Christus‘fSic
1463 1746 1564 1785 omnes
1582 1730 1705 1802 apostoli
1721 1736 1750 1785 et
1767 1731 1921 1786 doctores?

168 1823 286 1876 Etiamsi
301 1819 460 1888 capetusde
487 1819 549 1873 carlo
572 1819 798 1887 evangelizaverit
826 1819 901 1872 vohis
929 1817 1017 1885 aliud,
1074 1823 1113 1877 sic
1128 1821 1223 1877 cuncti
1239 1820 1300 1892 qui,
1316 1820 1425 1874 animas
1440 1837 1493 1890 pro
1509 1820 1627 1874 ueritate
1643 1825 1793 1890 ponentes,
1810 1836 1862 1892 per
1878 1820 1919 1874 di·

168 1910 313 1962 anctbenm
338 1910 384 1961 sit.
415 1909 504 1961 Amen
529 1907 600 1974 (Gal.
638 1922 656 1972 r,
681 1908 715 1972 8).
742 1907 809 1960 Ecce
830 1907 948 1978 augelus
971 1907 1018 1960 ille
1073 1927 1170 1967 versos
1186 1910 1361 1964 sudaverunt
1377 1911 1508 1980 agones?

171 1995 340 2049 maledictus
363 1994 531 2059 ostenditur,
554 1993 699 2065 quiPau'i
721 1993 830 2048 monita
850 1992 1018 2048 arictoritate
1111 2003 1152 2055 tit.
1183 2000 1262 2070 Rogo
1288 2001 1364 2054 unde
1392 2014 1465 2052 nova
1488 1997 1549 2052 haec
1576 1998 1605 2051 in
1633 1996 1763 2052 Ecclesiis
1790 2003 1833 2052 est
1859 2002 1920 2052 orla

172 2083 227 2136 alia
247 2083 292 2137 vie
313 2083 458 2137 destrucre
483 2089 612 2148 conatur,
630 2082 687 2136 nisi
711 2082 784 2139 forte
808 2087 858 2136 aut
884 2083 1017 2153 angelum
1074 2091 1236 2155 clementia,
1253 2105 1317 2159 quae
1332 2087 1484 2141 infernalia
1498 2087 1558 2141 lirae
1572 2088 1680 2140 vomuit
1693 2086 1849 2158 dogmata?
1865 2092 1920 2142 Aut

171 2170 403 2226 bonumatanto
418 2172 546 2241 apostolo
563 2170 747 2224 maledictum
763 2186 824 2225 esse
845 2170 955 2235 dicatis,
969 2177 1019 2226 aul
1073 2178 1097 2233 si
1124 2177 1292 2232 temeritatis
1326 2175 1400 2229 hanc
1429 2191 1526 2229 vocem
1560 2174 1676 2247 putatis,
1705 2175 1831 2244 proferte
1857 2176 1919 2247 quis

171 2258 247 2312 hunc
263 2258 503 2327 impurissimum,
518 2258 567 2329 qni
588 2273 617 2309 sc
634 2256 758 2328 prrebuit
773 2258 806 2311 ad
829 2257 1016 2313 habitandum
1072 2267 1134 2321 haec
1147 2267 1212 2337 pius
1226 2265 1313 2336 jussit
1335 2264 1505 2334 Apostolus?
1520 2263 1547 2318 Si
1573 2279 1653 2318 error
1675 2279 1732 2317 non
1755 2269 1799 2318 est
1822 2265 1919 2332 patule

171 2347 367 2418 impurissimo
387 2348 523 2415 bangelo,
547 2346 642 2416 ipsum
660 2345 827 2416 praedicasse
842 2346 917 2416 quod
944 2346 1018 2400 Pau·
1073 2355 1290 2426 axpugnandus,
1307 2353 1408 2424 utquid
1425 2352 1571 2407 descendit
1584 2351 1809 2406 Dominuslesus
1825 2352 1919 2408 Chris·

171 2435 227 2504 lus,
253 2436 365 2506 procaci
381 2435 528 2490 dicacitate
540 2434 700 2488 reclamasti
721 2445 732 2471 ⁶
756 2434 862 2489 mundo
874 2433 1016 2505 profertis.
1072 2443 1138 2497 tus?
1151 2441 1254 2512 [liquid
1266 2456 1324 2495 non
1340 2439 1596 2512 interrogantibus,
1613 2440 1710 2494 necde
1724 2455 1776 2493 sira
1801 2456 1931 2495 conver*

171 2524 205 2578 Et
218 2540 315 2578 verum
332 2523 464 2594 estquod
481 2539 497 2578 s
519 2527 649 2593 ternpore
661 2524 721 2593 jum
746 2523 812 2577 dicti
828 2523 933 2578 summi
954 2539 1017 2578 ma-

171 2613 254 2683 gistri
269 2612 365 2666 nullus
377 2614 449 2666 alius
464 2612 516 2665 sub
531 2612 647 2665 nomine
662 2612 758 2681 angeli
774 2613 856 2666 devia
869 2612 930 2683 ejus
945 2628 1019 2683 prae-

171 2700 325 2764 dicatione,
342 2704 371 2753 et
384 2701 556 2769 evangelicae
572 2700 690 2754 adversa
706 2699 848 2754 adducere
864 2715 950 2753 ausus
976 2705 1019 2754 est

172 2794 265 2850 secte,
293 2787 349 2842 nisi
375 2787 438 2848 iste,
456 2788 506 2859 qui
525 2787 577 2842 sub
603 2787 870 2843 nomineGabric-lis
899 2788 1018 2842 alteram

172 2876 222 2931 Dei
247 2893 276 2931 se
301 2876 467 2930 bominibus
490 2876 625 2930 detulisse
652 2876 788 2930 mentitus
803 2881 845 2930 est
868 2877 969 2947 legem.
988 2878 1019 2931 Et

1072 2531 1153 2586 sione
1168 2530 1372 2602 quaerentibus,
1387 2530 1550 2584 ultroneum
1565 2530 1662 2583 lumen
1675 2530 1756 2583 caecis
1767 2529 1959 2584 adhibuit?-

1074 2620 1179 2692 thuid
1199 2620 1366 2691 prophete?
1383 2618 1485 2690 utquid
1499 2619 1621 2689 apastoli
1642 2618 1727 2672 misi?
1746 2618 1851 2691 utquid
1873 2620 1959 2674 do-

1073 2707 1187 2763 ctores?
1202 2707 1302 2779 utquid
1318 2712 1444 2777 pastores
1455 2707 1579 2777 praevisi,
1594 2706 1649 2760 nisi
1661 2706 1860 2761 uldebelletur
1870 2707 1959 2761 im—

1073 2797 1186 2869 peritia,
1213 2801 1240 2850 et
1264 2797 1401 2850 ultionem
1425 2795 1547 2865 recipiat
1565 2795 1659 2849 omnis
1677 2795 1821 2866 perfidia?
1841 2795 1959 2860 Ouo—

1074 2886 1159 2939 mudo
1176 2883 1343 2954 implebitur
1357 2883 1435 2954 quod
1458 2882 1595 2937 Dominus
1608 2882 1735 2938 futurum
1753 2899 1816 2938 esse
1846 2900 1959 2956 pra-

171 2963 238 3017 licet
265 2963 349 3018 mutu
368 2964 561 3018 hereseorum
583 2973 715 3018 auctores
739 2966 908 3035 angelorum
937 2969 1017 3018 tene·
1037 2973 1153 3057 Currit,
1171 2974 1251 3027 nulia
1275 2972 1304 3026 in
1328 2971 1462 3042 genubus
1481 2971 1682 3043 predicatione
1698 2976 1815 3027 tonante
1833 2989 1840 3026 :
1856 2974 1959 3030 can-

170 3051 288 3106 brarum
303 3053 449 3108 invasione
473 3052 595 3106 fuissent
610 3052 712 3119 delusi,
739 3055 835 3106 marcu
857 3053 953 3106 nullus
969 3068 1017 3106 eo·
1070 3061 1250 3132 praedscamm
1263 3062 1349 3127 suerii
1373 3062 1421 3115 poc
1442 3061 1619 3128 Evanpezmm
1640 3062 1670 3113 fn
1692 3063 1822 3115 pneuma
1845 3077 1959 3116 crea...

171 3156 235 3195 rum
252 3146 453 3196 testamentum
469 3141 529 3195 vice
542 3141 792 3212 Deipriesumptns
812 3146 854 3194 est
870 3157 1018 3212 usurpare.

170 3229 274 3282 Verum
291 3228 315 3282 si
339 3230 458 3300 angelus
479 3230 514 3284 de
529 3230 600 3283 creto
616 3229 696 3283 devia
709 3234 811 3283 nostrae
833 3229 899 3284 fidei
924 3229 990 3300 prof
1007 3258 1018 3268 -

171 3332 237 3371 rens
254 3333 302 3371 ore
326 3316 528 3371 anathematur
549 3317 686 3388 Apostoli,
703 3318 771 3388 quid
796 3317 958 3388 putandum
977 3323 1020 3371 est

172 3421 240 3459 vaso
264 3405 302 3459 ilii
320 3405 496 3476 nequissimo
520 3405 534 3447 d
555 3405 717 3472 convenire,
737 3405 761 3459 si
784 3405 929 3460 habitator
957 3405 1020 3475 ejus

170 3497 229 3546 tarn
245 3492 345 3546 acerbo
360 3493 569 3548 maledictionis
586 3494 704 3548 vulncre
717 3494 944 3549 condemnaturi
965 3494 1018 3549 Sed

176 3581 237 3635 hac
252 3586 277 3633 et
295 3579 364 3635 alias
377 3591 398 3634 ·.

207 3670 233 3722 9.
250 3667 329 3723 Nunc
357 3669 393 3724 ad
413 3673 540 3741 teporem
565 3676 729 3726 nostrornm
749 3670 929 3725 reflectamus
957 3685 1021 3725 nar·

172 3756 291 3811 rationis
306 3758 467 3826 articulum,
486 3760 614 3814 citatius
628 3765 730 3814 nostrae
745 3759 900 3832 tepiditatis
915 3764 1019 3814 statum

170 3845 265 3917 parvis
279 3847 460 3901 sermonibus
475 3853 594 3918 propter
606 3849 715 3920 iustum
738 3848 866 3903 divinum
888 3864 1019 3918 compro·

170 3932 299 3989 bandum
320 3949 497 4003 exponamus
517 3935 670 4004 judiciuin.
698 3937 833 4008 Nunquid
857 3936 912 4006 ipsi
931 3935 1020 3989 nostri

171 4021 222 4093 qui
236 4021 363 4092 palatino
378 4022 471 4077 officio
485 4023 599 4079 illorum
620 4026 709 4095 J'ussis
728 4025 896 4092 inserviunt,
918 4040 1018 4078 eorum

170 4125 228 4164 non
250 4115 316 4165 sirnt
335 4105 585 4182 implicati'palarn
608 4112 762 4180 erroribus,
784 4111 948 4166 cumcuim
970 4129 1020 4183 pa-

170 4199 228 4253 lam
248 4214 345 4254 coram
372 4201 493 4255 ethnicis
524 4203 681 4255 orationem
706 4217 765 4255 non
791 4200 909 4265 faciunt,
938 4201 1019 4271 siguo

1074 3153 1297 3216 immiscuerit
1317 3148 1381 3218 fiais
1405 3149 1514 3220 (Multi.
1540 3164 1612 3213 xxvi,
1641 3151 1693 3210 13).
1717 3150 1868 3203 Attendite
1894 3152 1959 3204 e-

1073 3239 1145 3293 lenti
1168 3238 1278 3309 opificis
1300 3253 1459 3291 sermonem
1482 3237 1612 3291 discutite
1629 3252 1636 3290 t
1653 3236 1718 3291 dum
1739 3236 1959 3306 predicatur-

1072 3329 1158 3395 suerit
1185 3327 1233 3381 lloc
1254 3327 1432 3393 Euangelium
1451 3328 1481 3379 iu
1499 3327 1625 3380 uniuersa
1648 3330 1784 3379 aratura.
1806 3325 1841 3379 Et
1865 3325 1959 3378 nti-

1075 3431 1130 3487 que
1141 3415 1304 3485 pradicatio
1320 3414 1529 3486 ignorantibus,
1550 3419 1578 3467 el
1593 3430 1650 3467 non
1676 3412 1862 3468 credentibus
1877 3415 1958 3468 iu*

1074 3504 1197 3571 ducitur,
1214 3521 1269 3559 non
1282 3504 1343 3574 jam
1353 3520 1385 3558 ea
1400 3520 1465 3574 quie
1480 3503 1622 3557 credenda
1634 3511 1701 3557 suut
1715 3505 1958 3560 venerantibus

1075 3588 1958 3662 accolentibnsnotasaeptusintentatur:fiuctibusenimnoae

1074 3686 1102 3735 ta
1113 3682 1245 3752 ingerere
1264 3680 1437 3735 conlatiovel
1449 3678 1958 3750 confertionomiuatur3preedicaae

1075 3770 1115 3824 tio
1131 3778 1228 3824 tamen
1244 3785 1287 3837 ca,
1306 3769 1360 3822 nisi
1382 3768 1477 3835 fallor,
1494 3767 1618 3822 veridice
1633 3766 1747 3832 dicitur,
1763 3783 1829 3839 quae
1850 3768 1958 3823 velut

1075 3874 1105 3912 er
1122 3874 1218 3929 opere,
1230 3863 1263 3912 ut
1273 3857 1502 3929 apostoliomnes
1511 3856 1683 3923 fecere,cum
1696 3856 1828 3927 periculo
1839 3859 1947 3913 etiarn

1075 3947 1176 4016 capitis
1186 3951 1356 4016 opportune,
1372 3945 1549 4015 importune,
1563 3945 1720 4015 ingeritur;
1734 3948 1774 4010 et,
1786 3944 1950 3998 utlumem

1075 4034 1141 4090 fidei
1162 4034 1303 4105 recipiant
1318 4050 1373 4088 non
1398 4034 1554 4101 credentes,
1578 4034 1745 4104 frequenter
1769 4049 1836 4087 curu
1861 4044 1942 4087 casu

1075 4122 1162 4176 etiarn
1175 4122 1198 4175 si
1212 4122 1368 4177 occurrerit
1388 4121 1518 4192 periculi,
1534 4122 1696 4193 indagatur.
1713 4121 1747 4175 Et
1767 4127 1848 4176 certe
1867 4135 1944 4176 non

1074 4217 1182 4280 aperte,
1198 4215 1231 4264 nt
1248 4210 1341 4265 ornnis
1362 4215 1491 4264 creatura
1509 4209 1654 4280 Evangelii
1675 4209 1939 4280 pradicationem,

170 4287 262 4341 crucis
290 4289 441 4342 oscitantes
470 4287 480 4323 ¹
505 4288 628 4343 frontem
666 4305 724 4342 nou
754 4288 899 4356 muniunt,
927 4290 1017 4344 Deum
1037 4299 1153 4364 Ddirit,
1166 4299 1293 4369 recipiat,
1305 4299 1352 4353 sed
1369 4304 1399 4352 ut
1410 4298 1575 4369 pradicatio
1587 4297 1945 4352 Ecclesiaeomnimundo

170 4375 313 4430 Christum
329 4392 388 4431 non
409 4380 508 4447 aperte
521 4392 618 4431 coram
638 4393 696 4444 eos,
716 4377 764 4431 sed
780 4377 885 4448 fugatis
910 4393 1018 4432 sermo·

169 4463 442 4534 nibusprefernnt:
469 4464 594 4519 Verbum
620 4465 680 4533 Dei,
710 4470 738 4519 et
761 4465 899 4536 Spiritum
923 4471 956 4520 ut
977 4464 1019 4518 illi

170 4558 303 4605 asserunt
333 4553 510 4624 profitentes,
549 4569 673 4625 suasque
701 4553 895 4609 confessiones
921 4552 1017 4620 corde,

171 4640 251 4710 quasi
277 4640 334 4694 fleo
363 4641 458 4695 omnia
474 4640 669 4712 inspicientes,
700 4647 854 4696 servantes.
879 4641 952 4705 Quid
969 4640 1019 4711 ,his

170 4727 314 4795 omnibus,
331 4728 385 4782 nisi
402 4729 567 4785 varietatem
592 4729 674 4801 pardi
698 4730 758 4784 zelo
787 4729 837 4783 llei
861 4728 1020 4783 zelantibus

170 4815 225 4869 sibi
242 4815 333 4870 inesse
349 4817 514 4887 ostendunt,
535 4818 604 4873 dum
627 4834 686 4872 non
701 4819 823 4888 integre,
840 4817 889 4871 sed
914 4817 1017 4885 medie,

171 4902 421 4959 Christianismum
436 4906 617 4961 defendunt?
634 4907 698 4961 flac
714 4911 811 4962 tamea
824 4905 920 4959 omnia
942 4906 1017 4960 boue

205 5099 218 5125 ⁸
235 5091 295 5158 his,
311 5092 359 5146 Ad
372 5108 417 5147 ore
431 5093 538 5149 barum.

205 5164 218 5205 b
238 5165 286 5218 ils.
316 5166 345 5217 in
358 5167 515 5233 purissimo.

205 5240 216 5265 ⁰
235 5232 316 5287 Forte
329 5238 502 5291 reclamante.

204 5300 218 5337 d
238 5304 266 5357 ld
281 5309 324 5357 est
338 5304 507 5359 llahometo.

204 5381 216 5406 ·
235 5374 297 5440 lis,
313 5375 394 5429 Elias
411 5392 417 5429 z
435 5375 695 5446 tegendumautem
711 5376 773 5430 Hac
788 5381 813 5431 ct
829 5376 915 5444 aliam
930 5375 1018 5448 phra-

171 5442 209 5497 sis
228 5445 330 5498 Alvaro
345 5445 504 5500 familiaris.

206 5510 217 5550 ·'
230 5515 299 5570 Ecce
314 5532 401 5587 quarn
416 5520 547 5573 vetustus
562 5531 623 5571 mos
639 5516 687 5572 ille
706 5516 842 5589 signandi
862 5533 892 5573 se
907 5516 937 5573 in
954 5521 1019 5587 actu

1073 4387 1247 4458 generaliter
1259 4387 1378 4441 clareat:
1388 4403 1438 4457 per
1449 4388 1525 4458 quod
1541 4387 1732 4441 ministerium
1748 4392 1778 4440 ct
1787 4387 1953 4457 praedicar

1073 4476 1337 4530 toribusinfcratur
1352 4476 1479 4530 debitum
1504 4475 1669 4546 praemium,
1697 4480 1726 4529 et
1746 4480 1953 4546 contempto*

1074 4564 1151 4619 ribus
1160 4565 1352 4636 justissimum
1368 4571 1508 4618 aeternum
1520 4565 1580 4619 sine
1591 4564 1649 4619 fine
1664 4565 1854 4634 supplicium.
1867 4565 1957 4620 uec

1073 4659 1185 4708 tanturn
1214 4653 1263 4708 illa
1288 4654 1444 4724 apostolica
1468 4658 1600 4724 tempora
1627 4653 1828 4724 predicationi
1857 4642 1957 4708 ndei

1074 4748 1140 4797 suut
1157 4742 1359 4809 contradenda,
1376 4742 1434 4798 imo
1450 4758 1600 4813 quousque
1615 4743 1709 4796 omnis
1732 4757 1805 4812 gens
1819 4747 1851 4796 et
1864 4741 1957 4796 lin*

1073 4848 1130 4903 gua
1145 4831 1249 4885 Christi
1274 4831 1426 4901 Evangelio
1453 4834 1581 4900 credant,
1607 4830 1774 4902 praedicatio
1791 4830 1957 4886 Ecclesia

1073 4924 1115 4974 est
1128 4934 1181 4990 per
1194 4935 1280 4974 omne
1296 4921 1432 4974 seculum
1446 4919 1622 4975 seminanda.
1641 4920 1712 4974 Puto
1726 4920 1804 4991 quod
1824 4920 1856 4974 in
1870 4920 1957 4975 had

1072 5089 1261 5174 oscitationisl
1279 5092 1367 5147 Hodie
1381 5096 1527 5162 tamcnos,
1544 5108 1603 5149 nou
1616 5091 1743 5146 frontem
1759 5091 1847 5163 signo
1863 5096 1957 5146 mi!

1072 5179 1253 5290 nrrpqpms
1270 5249 1324 5287 rox
1346 5239 1388 5288 est
1414 5250 1471 5303 qua
1498 5235 1621 5304 majores
1644 5233 1814 5288 reverentie
1838 5240 1956 5288 caus5

1073 5306 1260 5375 appellamus.
1278 5303 1347 5358 Vide
1367 5305 1456 5359 Gloss.
1483 5306 1676 5376 Gangeanum.
1700 5305 1732 5359 Et
1752 5308 1842 5359 etiam
1867 5304 1940 5359 lin*

1072 5390 1136 5445 gnre
1153 5376 1265 5446 Tagalae
1294 5375 1393 5429 corin
1417 5375 1589 5448 Philippicis
1617 5376 1719 5429 insulis
1739 5376 1794 5430 sub
1821 5376 1956 5430 cadet

1072 5446 1341 5572 rfftudirqpmlncutcat
1353 5462 1417 5501 earn
1433 5456 1533 5502 auctor
1546 5447 1621 5501 infra
1636 5461 1716 5500 num.
1741 5447 1788 5513 34,
1803 5447 1956 5503 namra?
