3930 6098
504 201 548 257 DE
569 200 732 258 CORPORE
750 200 794 258 ET
814 202 986 258 stubbius
1009 204 1139 259 DOMINI.
1636 204 1691 268 ⁴lbi

85 333 219 401 ponentes
231 329 400 400 loquantur,
416 337 428 364 ⁸
443 346 501 385 non
517 330 547 385 in
563 330 664 402 ligura,
681 331 730 387 sed
757 331 787 386 in
802 332 825 386 A
844 348 922 398 nem,
938 348 1003 387 cum
1017 332 1065 387 ille
1076 338 1143 388 ante
1158 336 1215 388 tam
1230 335 1335 391 multos
1348 352 1437 393 annos
1451 353 1550 410 passus
1577 340 1624 408 sit,
1636 358 1689 397 nec

85 421 130 472 ¹sta
144 416 216 472 lieri.
232 416 313 481 Orrod
329 418 465 484 dicentes,
488 424 653 474 sanctorum
676 420 790 492 scriptis
843 420 961 475 omnino
977 421 1032 475 nisi
1048 423 1136 476 semet
1158 422 1208 476 illa
1233 425 1325 494 passio
1344 426 1416 481 facta
1431 427 1480 482 sit·
1498 429 1606 500 Nempe
1626 430 1687 503 ipso

85 506 219 560 matraire
233 506 470 577 comprobantur.
843 509 888 563 die
905 508 1053 564 [lominica
1069 509 1191 564 dicimus
1207 526 1214 565 τ
1231 512 1320 567 Hodie
1336 514 1471 570 Dominus
1491 520 1686 588 resurrexerit,

85 592 227 649 .Sanctus
241 595 429 664 Augustinus,
451 596 551 650 doctor
570 595 698 651 Ecclesia
714 613 789 667 prae·
842 612 907 651 eum
921 612 954 651 cx
969 613 1027 668 quo
1044 598 1199 653 resurrexit
1211 604 1254 654 tot
1266 601 1332 654 anni
1343 603 1517 658 transierint.
1531 605 1587 660 Cor
1602 623 1686 663 nemo

86 682 197 737 nlibro
216 682 250 736 de
271 682 406 737 Doctrina
432 681 591 737 Christiana
617 684 787 754 tertio(anp.
843 685 1098 758 tamineptusest,
1130 693 1162 742 nt
1182 704 1234 743 nos
1256 689 1296 743 ita
1318 689 1469 761 loquentes
1498 701 1600 764 arguat
1625 713 1687 751 esse

85 785 124 825 'cr
150 770 250 826 scribit
282 787 288 825 :
316 791 330 819 a
350 773 412 827 Nisi
427 771 667 838 manducaveritis,
696 772 790 842 inquit
842 773 987 843 mentitos,
1004 774 1060 829 nisi
1075 774 1143 847 quia
1158 776 1228 831 istos
1242 776 1303 831 dies
1314 778 1471 834 secundum
1496 780 1687 856 iiiorumqui·

93 874 202 914 aarnem
213 860 408 928 tiliihominis,
438 864 462 913 et
479 859 602 914 biberitis
630 863 789 929 sanguinem
842 861 896 915 bus
911 861 972 916 haec
987 865 1067 932 gesta
1089 868 1156 918 sunt
1171 863 1391 919 similitudinem
1416 882 1627 938 nuncupamus,
1656 876 1689 927 ut

97 947 333 1003 babebitisoitarn
359 947 578 1016 inoobistlaan.
597 964 634 1012 rr,
651 949 707 1018 st).
736 949 787 1003 Fa·
843 947 1113 1020 dicatnripsedies,
1131 950 1182 1022 qui
1200 967 1259 1006 non
1287 957 1332 1007 est
1358 952 1431 1024 ipse,
1448 955 1688 1014 sedrerolutione

100 1037 244 1109 flagitium
259 1037 372 1092 videtur
396 1037 513 1093 babere.
543 1037 647 1108 figure
663 1053 731 1108 ergo
747 1041 789 1091 est
842 1037 981 1108 temporis
996 1037 1097 1092 similis
1112 1039 1185 1109 ejus,
1199 1044 1229 1094 et
1243 1040 1353 1096 dicatur
1373 1041 1478 1096 illodie
1493 1042 1556 1099 fiori
1570 1051 1689 1117 propter

85 1142 116 1183 ns
130 1125 449 1198 passionibominiesse
463 1125 744 1193 communicandum,
761 1130 790 1180 et
842 1125 1014 1180 sacramenti
1033 1125 1268 1189 celebrationem,
1294 1128 1372 1200 quod
1394 1146 1454 1185 non
1468 1131 1524 1200 die,
1555 1133 1605 1188 sed
1629 1134 1689 1204 jam

85 1215 290 1271 recondendum
299 1215 392 1286 [Apud
405 1220 528 1270 sanctam
538 1215 733 1282 Augustinum,
747 1218 789 1268 at·
842 1213 1074 1284 olimfactnmsit.
1087 1215 1148 1270 Non
1160 1216 1420 1273 semelimmolatus
1431 1224 1505 1274 esset
1519 1219 1648 1275 Christus
1659 1221 1690 1276 in

85 1303 236 1375 iteratque
252 1305 360 1358 utiliter
370 1302 593 1373 recondendum]
605 1303 635 1356 iu
649 1303 790 1357 memoria
843 1301 963 1373 seipso?
978 1307 1115 1358 ettamen
1131 1303 1160 1359 in
1175 1310 1352 1360 sacramento
1374 1322 1432 1361 nort
1445 1308 1537 1362 solum
1553 1324 1604 1379 per
1631 1325 1690 1364 om-

85 1391 788 1463 »nobiseprscarocrueitiraetvulnsratasit.a
845 1391 1025 1446 nesPaschce
1051 1394 1247 1448 solemnitates
1275 1395 1480 1451 sedemuidie
1509 1398 1625 1470 populis
1644 1400 1689 1460 iu·

85 1476 352 1549 ,Cernimusquod
384 1477 482 1531 doctor
497 1476 550 1530 iste
565 1475 701 1546 mysteria
731 1491 790 1530 cor·
845 1478 1061 1535 molaturznsc
1077 1481 1176 1550 utique
1194 1481 1333 1536 mentitur
1348 1484 1398 1554 qui
1414 1484 1608 1556 interrogatus
1624 1503 1688 1541 cum

85 1566 238 1637 sanguinis,
255 1565 416 1636 subligura
444 1565 512 1620 dicit
537 1565 789 1620 alidelibuseele·
843 1569 1032 1637 responderet
1051 1568 1205 1624 immolari.
1229 1571 1258 1626 Si
1276 1571 1353 1625 enim
1381 1578 1559 1628 sacramenta
1590 1591 1692 1647 quem·

86 1671 285 1711 namcarncm
305 1654 383 1710 illius
407 1654 636 1726 sanguinemque
659 1653 721 1724 ejus
741 1669 788 1711 su·
806 1646 826 1700 Β
846 1655 911 1710 dam
940 1656 1159 1712 similitudinem
1187 1673 1284 1713 rerum
1320 1676 1418 1714 earum
1450 1677 1573 1733 quarum
1600 1679 1691 1718 sacra·

85 1744 190 1800 naliter
205 1761 262 1799 non
279 1744 427 1816 religionis
442 1744 510 1798 dicit
525 1759 598 1812 esse,
614 1743 662 1797 sed
681 1742 788 1797 facino·
844 1748 940 1798 menta
959 1750 1028 1799 sunt
1043 1761 1100 1799 non
1121 1745 1269 1814 haberent,
1287 1749 1405 1803 omnino
1430 1755 1610 1806 sacramenta
1632 1768 1691 1806 non

85 1833 188 1905 quibus
216 1834 329 1888 fuerant
358 1833 401 1888 itti
425 1833 520 1904 quiin
547 1830 790 1901 Evangeliodicta
844 1833 1068 1888 essentlixhac
1087 1833 1152 1905 ipsa
1171 1841 1269 1890 autern
1299 1836 1488 1892 similitudine
1516 1838 1690 1909 plerumque

85 1938 130 1977 ron
144 1922 343 1992 spiritualiter,
360 1921 570 1976 sedcernaliter
584 1920 790 1991 intelligentes,
841 1920 902 1992 jam
922 1921 1047 1992 ipsarum
1063 1938 1160 1978 rernm
1189 1924 1308 1979 nomina
1335 1925 1488 1997 accipiunt.
1514 1926 1592 1982 Sicut
1620 1943 1689 1999 ergo

85 2016 122 2067 uit
134 2012 170 2066 ab
196 2027 242 2080 eo,
269 2016 297 2065 et
313 2012 374 2083 jam
390 2027 455 2066 cum
467 2011 517 2065 illo
532 2027 591 2065 non
606 2009 687 2065 ibant
699 2009 788 2081 (locri.
845 2009 1004 2065 seeundum
1022 2012 1178 2082 quemdam
1194 2013 1310 2068 modum
1335 2019 1546 2070 sacramentum
1561 2017 1691 2088 corporis

844 2097 949 2154 Christi
965 2114 1068 2169 corpus
1089 2100 1195 2154 Christi
1216 2106 1267 2166 est,
1308 2106 1519 2158 sacramentum
1543 2104 1691 2175 sangoinis

94 2187 402 2259 ldeminepistalaad
420 2186 599 2241 bonifacium
624 2186 790 2258 episcopum
844 2186 947 2241 Christi
963 2188 1079 2259 sanguis
1111 2188 1216 2244 Christi
1245 2193 1295 2255 est,
1317 2188 1358 2244 ita
1380 2195 1593 2247 sacramentum
1622 2191 1690 2247 fidei

100 2278 187 2349 (epist.
216 2279 260 2342 23,
292 2280 348 2331 siue
367 2278 406 2348 8),
432 2276 507 2330 inter
534 2275 632 2347 aliqua
657 2275 696 2329 sic
727 2276 789 2331 ait:
844 2275 1015 2330 fidcsest.»

96 2380 172 2435 srepe
185 2365 224 2418 ita
239 2365 397 2436 loquimur,
408 2368 437 2419 ut
448 2365 554 2418 Pascha
567 2364 789 2435 propinquante,
880 2363 989 2421 liltllVl.
1006 2372 1016 2398 ⁰
1031 2363 1182 2420 Cernimus
1205 2365 1280 2436 quod
1296 2369 1410 2421 sauctus
1424 2368 1603 2439 Augustinus
1624 2370 1692 2426 dicit

88 2453 241 2508 crastinam
256 2454 302 2507 sel
331 2454 519 2524 perendinam
547 2453 662 2507 bamini
686 2453 792 2524 passio·
844 2452 923 2508 aliod
946 2457 1133 2520 sacramenta,
1166 2458 1193 2508 et
1218 2452 1356 2510 aliodres
1380 2463 1585 2528 quarumsunt
1605 2476 1691 2516 secra·

85 2614 217 2682 infigura
235 2611 327 2667 sedin
344 2614 458 2666 ueritate
482 2611 619 2678 istafieri.
654 2609 791 2680 Proposi-
845 2609 1155 2682 bussnbjecto,qnem
1175 2609 1430 2683 Capharnaitarnm
1463 2615 1607 2685 appellare
1634 2633 1693 2673 non

85 2683 313 2753 reirontehujus
328 2680 458 2753 opusculi
484 2682 671 2753 qtraestionetn
689 2697 722 2734 eo
738 2680 792 2735 loci
846 2681 1065 2753 pertimescam
1092 2682 1224 2752 quamtis
1249 2684 1333 2753 huJus
1358 2685 1510 2740 sententiae
1534 2691 1690 2743 sectatores

85 2761 169 2810 srmat
191 2753 277 2808 rebus
302 2752 433 2807 Ecclesiae
451 2753 597 2806 catholicae
614 2758 699 2823 atque
726 2767 791 2805 sen·
846 2768 904 2807 non
917 2752 1083 2807 dubitarent
1098 2768 1201 2833 corpus
1215 2752 1318 2807 Christi
1331 2753 1477 2825 integrum
1493 2757 1522 2810 in
1537 2759 1609 2812 coelo
1621 2775 1690 2829 per·

85 2842 158 2880 rrum
178 2825 406 2889 conducibilem;
437 2826 621 2894 quippccum
639 2823 792 2893 ipsasem·
847 2838 973 2889 manere,
1004 2822 1117 2877 etiamsi
1146 2840 1176 2877 rn
1213 2824 1351 2879 altaribus
1380 2827 1485 2881 nostris
1514 2827 1635 2884 fractum
1660 2846 1693 2884 ac

85 2897 152 2952 terit
167 2902 195 2949 et
206 2895 411 2950 existimaverit
421 2895 598 2965 aliquantam
616 2893 737 2964 liguram
759 2893 788 2946 in
846 2892 1010 2964 disruptum
1020 2894 1165 2947 videretur
1181 2909 1187 2947 :
1206 2896 1247 2948 uti
1264 2895 1447 2965 probavimus
1461 2901 1544 2953 antea
1560 2901 1589 2953 in
1604 2901 1691 2955 adno-

85 2968 127 3023 rie
139 2966 275 3037 mysterio
287 2965 418 3036 reperiri,
443 2972 629 3035 etnunquam
651 2964 785 3018 defuisse.
804 2947 824 3002 C
842 2964 1001 3019 talionibus
1014 2963 1048 3018 sd
1073 2980 1152 3019 num.
1181 2966 1236 3019 lt:
1266 2966 1384 3036 insuper
1403 2973 1514 3022 constat
1540 2970 1648 3042 optime
1665 2975 1693 3025 ct

85 3038 208 3093 silerum
224 3039 373 3091 obseruare
397 3037 478 3106 jurat
498 3037 606 3089 huncce
631 3035 737 3089 librum
753 3034 788 3088 de
843 3051 962 3089 nervose
973 3050 1003 3088 se
1018 3034 1192 3100 defendisse,
1208 3042 1237 3089 et
1248 3035 1410 3092 fatuitatem
1437 3039 1590 3095 obscenam
1617 3041 1692 3098 Ster-

96 3113 126 3164 et
147 3109 292 3179 Sanguine
316 3107 430 3161 Domini
457 3106 591 3161 adversus
606 3105 788 3159 Paschasium
843 3105 1201 3174 coranistarumcjurasse.

86 3186 277 3235 seraratnm.
306 3179 449 3244 Quilibro
479 3194 529 3231 suo
554 3176 589 3231 de
606 3177 732 3246 Corpore
761 3181 790 3228 et
878 3177 981 3231 titum
1003 3174 1186 3230 carnemillie
1209 3177 1421 3245 sanguinemque
1443 3177 1692 3246 praesumerecor·

85 3250 228 3316 affamini,
243 3249 366 3303 libenter
393 3248 497 3302 annuit
516 3248 666 3302 sententie
689 3245 790 3300 admit·
843 3248 953 3313 naliter,
969 3261 1022 3301 uon
1032 3247 1172 3313 religionis
1200 3246 1268 3299 dicit
1282 3261 1347 3314 esse,
1369 3247 1418 3303 sed
1443 3251 1586 3315 facinoris
1617 3252 1692 3306 Alibi

85 3337 154 3377 tram
166 3321 291 3400 aliquam
316 3320 345 3373 in
361 3318 415 3373 boc
436 3318 613 3373 sanctissimo
641 3316 788 3388 mysterio,
843 3317 985 3388 glossema
996 3309 1100 3386 legitur
1115 3316 1192 3388 quod
1205 3316 1251 3370 hic
1265 3317 1423 3388 adjungere
1443 3319 1515 3373 nibil
1535 3320 1667 3392 prohibet
1683 3338 1690 3375 :

85 3391 252 3447 retatfaltm
268 3391 402 3460 capital,
420 3390 523 3444 lith:
542 3389 616 3444 Unde
643 3391 709 3457 quia
729 3403 789 3455 mp-
843 3389 1001 3447 carnaliter,
1023 3386 1055 3440 id
1080 3392 1119 3441 cst
1143 3387 1303 3441 emeandi
1331 3387 1469 3456 dentibus,
1485 3394 1692 3458 autsrrrstattm

85 3467 131 3524 er.
155 3467 353 3517 sacromentum
384 3476 433 3515 nec
459 3464 577 3529 figurem
595 3460 666 3514 illud
691 3473 790 3528 negare
844 3458 1019 3527 discerpendo
1033 3458 1156 3529 :quippe
1172 3474 1238 3512 cum
1253 3458 1300 3513 hic
1316 3460 1446 3516 verussit
1466 3461 1570 3515 horum
1591 3463 1693 3517 verbo·

91 3549 100 3602 3
123 3537 152 3586 et
180 3533 254 3586 infra
278 3532 330 3586 titt.
347 3532 391 3586 C:
419 3532 471 3586 Sed
486 3532 510 3584 si
525 3531 666 3584 veraciter
680 3531 790 3599 inspici·
844 3528 999 3598 rumprula
1023 3545 1062 3582 sae
1077 3529 1237 3583 Latinitatis
1251 3545 1351 3583 sensus
1378 3532 1573 3586 carnaliteret
1600 3549 1693 3604 corpo·

85 3621 89 3655 r
105 3604 189 3659 simut
200 3606 302 3657 neritus
323 3608 347 3657 et
360 3601 452 3672 figura
466 3601 568 3656 dicitur
585 3617 592 3654 :
608 3603 714 3655 Veritas
728 3615 790 3654 cero
843 3601 951 3665 naliter,
961 3545 1038 3654 nulla
1060 3601 1110 3654 sub
1124 3604 1224 3668 figura,
1244 3601 1321 3654 nulla
1335 3602 1385 3655 sub
1400 3602 1574 3671 obvelatione,
1601 3605 1649 3658 sed
1665 3607 1694 3660 iu

92 3673 128 3729 de
140 3677 326 3744 hocmysterio
345 3676 459 3727 interius
473 3678 543 3727 reate
562 3672 728 3739 intelligitur
742 3675 791 3724 out
844 3673 932 3739 ipsius
947 3671 1070 3724 oeritmis
1093 3670 1169 3724 nudo
1182 3673 1417 3738 manifestatione3
1439 3674 1480 3727 uti
1509 3675 1694 3744 probavimus

93 3745 204 3810 ortibus
228 3746 320 3799 verbis
344 3743 590 3798 eossalummodo
617 3744 745 3797 confutat
763 3745 791 3794 et
845 3740 1037 3795 anterioribus
1056 3741 1159 3793 nostris
1187 3740 1432 3795 adnotationibus.
1456 3742 1577 3815 Insuper
1607 3747 1694 3801 etiam

85 3816 227 3888 ptitotum
239 3832 299 3870 esse
315 3816 471 3886 figuratum
493 3816 522 3867 in
540 3813 715 3869 Eucharistia
730 3810 790 3865 cla·
844 3810 1010 3882 plenissime
1025 3815 1135 3864 constat
1150 3810 1222 3864 nihil
1237 3810 1313 3865 aliud
1331 3812 1518 3868 Retramuum
1534 3832 1568 3870 eo
1580 3815 1634 3871 loci
1649 3817 1693 3871 in·

93 3892 125 3941 nt
149 3902 237 3957 supra
257 3888 314 3956 jam
342 3885 564 3940 observavimus.
596 3884 668 3938 Hinc
704 3885 790 3936 etiam
844 3879 1128 3953 digitareroluisse:
1159 3880 1267 3951 quippe
1290 3897 1355 3935 corn
1382 3882 1444 3953 ipse
1473 3891 1600 3939 mentem
1627 3903 1695 3957 pro·

85 3957 203 4028 seiurat
224 3973 275 4080 qier
286 3960 403 4026 figuram
423 3957 610 4011 Retramnum
631 3959 658 4008 et
673 3953 791 4007 Pascha·
845 3953 938 4025 priam
954 3950 1096 4022 applicata
1111 3951 1258 4005 volrtntate
1279 3951 1423 4022 explicans
1450 3953 1506 4009 boc
1524 3956 1694 4011 vocabulum

85 4043 149 4099 iper
164 4029 223 4081 inte
237 4029 337 4081 texisse
351 4033 474 4096 tegetem
489 4027 622 4081 etvetum
637 4023 714 4095 quod
726 4039 789 4094 spe·
845 4024 1004 4086 carnaliter,
1034 4022 1167 4076 observat
1193 4021 1222 4077 id
1250 4038 1312 4076 esse
1335 4038 1436 4093 reapse
1452 4024 1541 4095 quod,
1558 4041 1592 4080 er
1620 4029 1692 4080 rela-

85 4099 134 4153 nis
147 4104 175 4153 et
190 4098 249 4151 vini
270 4099 421 4151 conuenire
435 4113 520 4150 nemo
549 4111 625 4150 unns
640 4096 726 4148 bomo
740 4110 789 4147 ne·
845 4095 923 4148 tione
937 4093 1092 4164 Evangelii,
1111 4092 1209 4146 animo
1230 4092 1378 4163 lingebant
1399 4093 1451 4165 qui
1474 4112 1590 4151 sensum
1606 4097 1693 4168 spiri·

85 4184 142 4241 iper
172 4168 401 4222 etiamoblirisci
422 4169 539 4221 vetitum
567 4172 610 4220 est
626 4181 678 4246 per
692 4166 792 4218 uerita
846 4164 1032 4219 tualemlesu
1056 4163 1162 4219 Christi
1181 4168 1389 4233 conpotersut
1417 4166 1541 4238 assequi,
1571 4167 1695 4238 ideoque

85 4254 171 4312 mque
186 4240 420 4293 concinnatorem
448 4236 826 4316 praedictumsntetligereu
847 4235 910 4304 ejus
938 4233 1103 4289 societatem
1128 4234 1313 4305 reliquerant.
1331 4237 1366 4289 At
1389 4238 1489 4306 negari
1518 4253 1576 4292 non
1604 4244 1696 4310 potest

86 4311 152 4382 pius
167 4311 256 4363 resin
283 4309 566 4364 Eucharistiseltieri
582 4306 735 4376 enagendr
751 4321 793 4358 ra·
848 4305 991 4376 eJusmodi
1006 4305 1138 4360 homines
1153 4321 1188 4359 ex
1215 4320 1349 4360 sermone
1362 4306 1467 4361 Christi
1491 4306 1696 4363 intellexisses

85 4381 166 4437 nodo
182 4396 239 4451 quo
255 4381 282 4434 vi
297 4381 452 4435 uerborum
470 4385 537 4433 sunt
555 4393 704 4449 expressae,
720 4376 794 4430 sciti·
852 4393 882 4431 se
911 4376 1010 4430 datum
1037 4375 1073 4430 iri
1087 4376 1145 4430 illis
1168 4391 1285 4430 carnem
1305 4379 1332 4430 et
1350 4377 1523 4447 sanguinem
1537 4379 1625 4434 veluti
1644 4378 1696 4434 ali·

85 4452 278 4521 bussubjecto
294 4458 323 4504 et
351 4452 538 4519 corporaliter,
570 4449 613 4503 uti
642 4447 796 4503 detondere
851 4448 1123 4501 meutaaommunia
1139 4447 1274 4502 dentibus
1294 4448 1470 4503 conurenda
1498 4455 1527 4505 et
1552 4450 1697 4505 frustatim

85 4524 240 4578 tenderunt
254 4522 342 4575 abbas
355 4522 522 4588 Abbaudus,
538 4525 567 4574 et
582 4534 703 4644 maqnus
718 4518 798 4588 prior
853 4516 1050 4586 discerpenda.

85 4609 121 4660 rs,
163 4592 283 4646 abbatiae
340 4592 432 4646 structi
473 4590 591 4645 Victoris
654 4588 798 4643 aristensis
886 4588 1051 4643 ⁶Cernimus
1078 4586 1151 4657 quod
1168 4593 1277 4642 sanetus
1305 4587 1476 4655 Augustinus
1499 4590 1589 4644 dicit:
1614 4591 1699 4647 Aliud

85 4664 211 4734 rengarii
228 4679 234 4716 :
251 4678 322 4732 qnos
344 4668 428 4716 testes
454 4661 632 4732 prodidimus
659 4665 753 4726 antea,
768 4659 798 4712 in
851 4662 1031 4725 sacramenta,
1061 4663 1086 4712 et
1109 4658 1187 4711 aliud
1218 4673 1261 4713 res
1285 4673 1402 4728 quarum
1426 4665 1490 4714 sunt
1511 4668 1694 4717 sacramente.

85 4750 137 4789 one
153 4738 250 4786 nostra
267 4733 303 4787 ad
324 4748 436 4786 numer.
454 4735 495 4786 ll.
852 4728 919 4784 llaec
931 4728 1028 4783 omnia
1039 4727 1188 4781 verissima
1208 4732 1276 4782 sunt
1289 4731 1380 4784 sancti
1399 4732 1551 4800 Augustini
1563 4738 1700 4802 concepta

87 4803 162 4861 nulli
182 4803 386 4858 concertationi
412 4808 460 4856 aut
487 4799 688 4872 disceptationi
710 4799 797 4855 obno-
852 4799 948 4855 rerba.
983 4798 1176 4864 Quamobrem
1203 4812 1269 4852 cum
1299 4798 1361 4869 ipsa
1398 4799 1575 4855 Eucharistie
1607 4819 1699 4857 sacra·

100 4879 304 4945 argumentum
318 4887 353 4927 ex
369 4889 425 4944 qno
443 4873 616 4943 intelligitur
627 4872 799 4925 llatramuus
854 4876 984 4925 ruentum
1008 4868 1138 4940 corporis
1153 4867 1269 4936 Christi,
1285 4871 1362 4949 qnod
1377 4870 1431 4925 fuit
1445 4871 1562 4926 affixum
1578 4873 1700 4927 cruciet

85 4948 174 4999 citetis
198 4944 360 5015 significare
377 4944 519 5013 applicata
534 4943 680 4996 voluntate
703 4941 797 4994 inten·
853 4946 1010 4996 mactatam
1029 4939 1172 5022 profluvio
1196 4939 1354 5019 sanguinis,
1378 4948 1488 4997 certum
1508 4946 1550 4996 est
1573 4943 1699 5013 aliquam

85 5017 164 5071 idum
179 5014 310 5069 sensibus
326 5015 486 5084 subjectum
503 5011 670 5067 comedendi
698 5027 799 5081 corpo·
854 5012 889 5066 ab
905 5027 939 5065 eo
968 5015 1107 5064 sustinere
1122 5009 1313 5065 differentiam
1340 5015 1369 5063 et
1397 5013 1494 5085 aliqua
1515 5013 1701 5068 rationeesse

85 5086 227 5158 glutiendi
242 5085 391 5154 sanguinis
401 5085 518 5139 Christi.
533 5083 683 5138 Enimuero
696 5082 724 5136 id
739 5081 799 5152 pla·
856 5081 1031 5136 dreiversum
1046 5097 1052 5136 :
1067 5081 1175 5135 scilicet
1199 5080 1229 5135 in
1244 5087 1386 5151 quantum
1415 5089 1571 5139 mactatum
1592 5083 1657 5150 fuit,
1674 5090 1702 5137 et

85 5163 166 5229 patet
182 5154 355 5210 testimoniis
370 5160 398 5208 et
418 5154 596 5225 argumentis
614 5169 679 5223 quse
692 5151 802 5225 profert
855 5151 933 5206 cruci
949 5151 1076 5220 afllxum,
1088 5155 1116 5204 et
1131 5151 1247 5220 sanguis
1262 5167 1315 5222 pro
1332 5151 1414 5205 nobis
1429 5155 1569 5210 mundum
1579 5170 1632 5227 per
1643 5170 1702 5208 om-

85 5225 371 5298 reosquituendum
387 5227 556 5295 receperant
587 5238 689 5294 corpus
719 5222 801 5279 Chri·
855 5221 1053 5277 nemellluxit.
1072 5221 1247 5276 Eucharistiae
1263 5226 1445 5293 nuncupatur
1473 5241 1576 5296 corpus
1599 5226 1703 5281 Christi

85 5293 801 5369 aetpostpositaomniiignracomestumfuisse:
856 5291 971 5348 mactati
991 5296 1020 5345 et
1033 5292 1112 5346 cruri
1140 5292 1229 5358 affixi,
1258 5292 1407 5347 morientis
1432 5298 1461 5348 et
1486 5295 1704 5368 patientisqnia

85 5369 173 5423 tribus
188 5366 316 5437 antiquis
344 5366 478 5420 adversos
502 5365 658 5420 clarissime
683 5364 802 5419 demon·
857 5366 1034 5419 sacramenta
1049 5361 1210 5417 sortiuntur
1224 5362 1344 5418 nomina
1359 5379 1456 5418 rerum
1470 5381 1594 5436 quarum
1608 5384 1703 5422 sacra·

85 5439 165 5495 enirn
179 5453 361 5510 quascunque
383 5437 547 5490 testimonia
574 5451 609 5489 ex
622 5435 657 5488 irs
672 5437 801 5500 assumit,
857 5439 955 5490 menta
970 5437 1046 5488 sunt.
1060 5434 1091 5488 Et
1106 5447 1204 5487 revera
1222 5434 1336 5488 tametsi
1360 5434 1391 5488 in
1416 5434 1594 5491 Eucharistia
1607 5439 1704 5493 cousi-

86 5510 232 5582 esignant,
249 5523 365 5563 carnem
381 5507 485 5563 Christi
501 5504 686 5561 orilideliom
703 5505 803 5560 admo·
858 5511 923 5572 stat,
949 5520 1001 5559 nec
1028 5502 1213 5574 crucifigitur,
1242 5520 1294 5560 nec
1318 5509 1469 5572 mactatur,
1497 5520 1550 5560 neo
1574 5510 1705 5563 sensibus

87 5585 293 5652 eporrectam,
309 5578 478 5649 neutiquam
505 5575 592 5632 fuisse
607 5577 693 5631 modo
714 5576 803 5630 seusi-
859 5575 973 5633 dolores
999 5575 1103 5631 mortis
1132 5574 1275 5629 sustinens
1300 5574 1477 5647 subiicitur:
1507 5576 1585 5647 quod
1613 5580 1704 5634 semet
