<?xml version="1.0" encoding="UTF-8"?>
<!DOCTYPE html PUBLIC "-//W3C//DTD XHTML 1.0 Transitional//EN"
    "http://www.w3.org/TR/xhtml1/DTD/xhtml1-transitional.dtd">
<html xmlns="http://www.w3.org/1999/xhtml" xml:lang="en" lang="en">
 <head>
  <title>
</title>
<meta http-equiv="Content-Type" content="text/html;charset=utf-8" />
  <meta name='ocr-system' content='tesseract 3.04.00' />
  <meta name='ocr-capabilities' content='ocr_page ocr_carea ocr_par ocr_line ocrx_word'/>
</head>
<body>
  <div class='ocr_page' id='page_1' title='image "./patrologiaecurs04unkngoog_0469.png"; bbox 0 0 3930 6098; ppageno 0'>
   <div class='ocr_carea' id='block_1_1' title="bbox 353 237 1142 309">
    <p class='ocr_par' dir='ltr' id='par_1_1' title="bbox 353 237 1142 309">
     <span class='ocr_line' id='line_1_1' title="bbox 353 237 1142 309; baseline 0.001 -14"><span class='ocrx_word' id='word_1_1' title='bbox 353 237 461 297; x_wconf 82' lang='lat' dir='ltr'>LIBER</span> <span class='ocrx_word' id='word_1_2' title='bbox 479 240 1008 302; x_wconf 68' lang='lat' dir='ltr'><strong>ascalonicensium-runem.</strong></span> <span class='ocrx_word' id='word_1_3' title='bbox 1027 243 1142 309; x_wconf 73' lang='lat' dir='ltr'><strong>nullo.</strong></span> 
     </span>
    </p>
   </div>
   <div class='ocr_carea' id='block_1_2' title="bbox 1573 248 1626 303">
    <p class='ocr_par' dir='ltr' id='par_1_2' title="bbox 1573 248 1626 303">
     <span class='ocr_line' id='line_1_2' title="bbox 1573 248 1626 303; baseline 0 0"><span class='ocrx_word' id='word_1_4' title='bbox 1573 248 1626 303; x_wconf 77' lang='grc'><strong>894</strong></span> 
     </span>
    </p>
   </div>
   <div class='ocr_carea' id='block_1_3' title="bbox 84 365 1625 440">
    <p class='ocr_par' dir='ltr' id='par_1_3' title="bbox 84 365 1625 440">
     <span class='ocr_line' id='line_1_3' title="bbox 84 365 1625 440; baseline 0.008 -21"><span class='ocrx_word' id='word_1_5' title='bbox 84 365 101 420; x_wconf 90' lang='lat' dir='ltr'><strong>d</strong></span> <span class='ocrx_word' id='word_1_6' title='bbox 122 367 292 438; x_wconf 88' lang='lat' dir='ltr'><strong>complenda</strong></span> <span class='ocrx_word' id='word_1_7' title='bbox 311 367 482 425; x_wconf 81' lang='lat' dir='ltr'><strong>indefessam</strong></span> <span class='ocrx_word' id='word_1_8' title='bbox 498 370 607 426; x_wconf 80' lang='lat' dir='ltr'><strong>tribuas</strong></span> <span class='ocrx_word' id='word_1_9' title='bbox 622 373 721 428; x_wconf 84' lang='lat' dir='ltr'><strong>effice·</strong></span> <span class='ocrx_word' id='word_1_10' title='bbox 740 376 845 429; x_wconf 68' lang='lat' dir='ltr'><strong>haute</strong></span> <span class='ocrx_word' id='word_1_11' title='bbox 868 375 1015 429; x_wconf 81' lang='lat' dir='ltr'><strong>missorum</strong></span> <span class='ocrx_word' id='word_1_12' title='bbox 1042 375 1181 440; x_wconf 81' lang='lat' dir='ltr'><strong>solemnio,</strong></span> <span class='ocrx_word' id='word_1_13' title='bbox 1204 375 1280 431; x_wconf 81' lang='lat' dir='ltr'><strong>iuter</strong></span> <span class='ocrx_word' id='word_1_14' title='bbox 1305 373 1502 432; x_wconf 75' lang='lat' dir='ltr'><strong><em>benedictiones</em></strong></span> <span class='ocrx_word' id='word_1_15' title='bbox 1530 393 1625 432; x_wconf 84' lang='lat' dir='ltr'><strong>ramo-</strong></span> 
     </span>
    </p>
   </div>
   <div class='ocr_carea' id='block_1_4' title="bbox 85 452 718 613">
    <p class='ocr_par' dir='ltr' id='par_1_4' title="bbox 85 452 718 613">
     <span class='ocr_line' id='line_1_4' title="bbox 85 452 718 532; baseline 0.016 -25"><span class='ocrx_word' id='word_1_16' title='bbox 85 452 211 509; x_wconf 86' lang='lat' dir='ltr'><strong>sdienter</strong></span> <span class='ocrx_word' id='word_1_17' title='bbox 234 461 282 511; x_wconf 90' lang='lat' dir='ltr'><strong>tua</strong></span> <span class='ocrx_word' id='word_1_18' title='bbox 302 463 489 529; x_wconf 79' lang='lat' dir='ltr'>exsequentes</span> <span class='ocrx_word' id='word_1_19' title='bbox 508 467 658 532; x_wconf 78' lang='lat' dir='ltr'><strong>praecepta,</strong></span> <span class='ocrx_word' id='word_1_20' title='bbox 679 462 718 517; x_wconf 86' lang='lat' dir='ltr'><strong>ie-</strong></span> 
     </span>
     <span class='ocr_line' id='line_1_5' title="bbox 85 541 602 613; baseline 0.015 -17"><span class='ocrx_word' id='word_1_21' title='bbox 85 541 191 612; x_wconf 74' lang='lat' dir='ltr'><strong>oiamus</strong></span> <span class='ocrx_word' id='word_1_22' title='bbox 206 544 359 613; x_wconf 88' lang='lat' dir='ltr'><strong>promissa.</strong></span> <span class='ocrx_word' id='word_1_23' title='bbox 378 548 431 601; x_wconf 87' lang='lat' dir='ltr'><strong>Par</strong></span> <span class='ocrx_word' id='word_1_24' title='bbox 447 547 602 604; x_wconf 79' lang='lat' dir='ltr'><strong>Christum.</strong></span> 
     </span>
    </p>
   </div>
   <div class='ocr_carea' id='block_1_5' title="bbox 89 663 613 710">
    <p class='ocr_par' dir='ltr' id='par_1_5' title="bbox 89 663 613 710">
     <span class='ocr_line' id='line_1_6' title="bbox 89 663 613 710; baseline 0.01 -7"><span class='ocrx_word' id='word_1_25' title='bbox 89 663 140 704; x_wconf 77' lang='lat' dir='ltr'><strong>lca</strong></span> <span class='ocrx_word' id='word_1_26' title='bbox 159 665 178 703; x_wconf 80' lang='lat' dir='ltr'><strong>V</strong></span> <span class='ocrx_word' id='word_1_27' title='bbox 201 665 233 706; x_wconf 80' lang='lat' dir='ltr'><strong>iu</strong></span> <span class='ocrx_word' id='word_1_28' title='bbox 255 665 434 708; x_wconf 70' lang='lat' dir='ltr'><strong>Pessinunte</strong></span> <span class='ocrx_word' id='word_1_29' title='bbox 458 668 574 710; x_wconf 75' lang='grc' dir='ltr'><strong>ΠΟΙΙΝΙ</strong></span> <span class='ocrx_word' id='word_1_30' title='bbox 591 663 613 708; x_wconf 75' lang='lat'><strong>⁸.</strong></span> 
     </span>
    </p>
   </div>
   <div class='ocr_carea' id='block_1_6' title="bbox 85 756 723 1096">
    <p class='ocr_par' dir='ltr' id='par_1_6' title="bbox 85 756 723 1096">
     <span class='ocr_line' id='line_1_7' title="bbox 85 756 722 833; baseline 0.013 -24"><span class='ocrx_word' id='word_1_31' title='bbox 85 770 108 811; x_wconf 85' lang='lat' dir='ltr'><strong>ie</strong></span> <span class='ocrx_word' id='word_1_32' title='bbox 134 756 218 811; x_wconf 83' lang='lat' dir='ltr'><strong>Dens.</strong></span> <span class='ocrx_word' id='word_1_33' title='bbox 246 758 421 827; x_wconf 78' lang='lat' dir='ltr'><strong>blaJestatem</strong></span> <span class='ocrx_word' id='word_1_34' title='bbox 447 763 525 814; x_wconf 89' lang='lat' dir='ltr'><strong>tuam</strong></span> <span class='ocrx_word' id='word_1_35' title='bbox 551 761 722 833; x_wconf 77' lang='lat' dir='ltr'>propensius</span> 
     </span>
     <span class='ocr_line' id='line_1_8' title="bbox 85 847 721 918; baseline 0.009 -20"><span class='ocrx_word' id='word_1_36' title='bbox 85 848 120 911; x_wconf 87' lang='lat' dir='ltr'><strong>rt,</strong></span> <span class='ocrx_word' id='word_1_37' title='bbox 146 850 255 915; x_wconf 90' lang='lat' dir='ltr'><strong>quanto</strong></span> <span class='ocrx_word' id='word_1_38' title='bbox 279 847 371 918; x_wconf 84' lang='lat' dir='ltr'><strong>magis</strong></span> <span class='ocrx_word' id='word_1_39' title='bbox 393 847 453 901; x_wconf 88' lang='lat' dir='ltr'><strong>dies</strong></span> <span class='ocrx_word' id='word_1_40' title='bbox 471 849 625 903; x_wconf 79' lang='lat' dir='ltr'><strong>salutiferas</strong></span> <span class='ocrx_word' id='word_1_41' title='bbox 642 850 721 904; x_wconf 84' lang='lat' dir='ltr'><strong>lesti-</strong></span> 
     </span>
     <span class='ocr_line' id='line_1_9' title="bbox 85 934 723 1008; baseline 0.011 -22"><span class='ocrx_word' id='word_1_42' title='bbox 85 935 100 996; x_wconf 85' lang='lat' dir='ltr'><strong>t,</strong></span> <span class='ocrx_word' id='word_1_43' title='bbox 115 935 196 986; x_wconf 88' lang='lat' dir='ltr'><strong>tanto</strong></span> <span class='ocrx_word' id='word_1_44' title='bbox 215 934 334 988; x_wconf 74' lang='lat' dir='ltr'><strong>devotus</strong></span> <span class='ocrx_word' id='word_1_45' title='bbox 347 935 381 989; x_wconf 89' lang='lat' dir='ltr'><strong>ad</strong></span> <span class='ocrx_word' id='word_1_46' title='bbox 397 936 459 1005; x_wconf 88' lang='lat' dir='ltr'><strong>ejus</strong></span> <span class='ocrx_word' id='word_1_47' title='bbox 473 935 560 1008; x_wconf 88' lang='lat' dir='ltr'><strong>digne</strong></span> <span class='ocrx_word' id='word_1_48' title='bbox 576 938 723 993; x_wconf 88' lang='lat' dir='ltr'><strong>celebran-</strong></span> 
     </span>
     <span class='ocr_line' id='line_1_10' title="bbox 85 1022 722 1096; baseline 0.011 -22"><span class='ocrx_word' id='word_1_49' title='bbox 85 1036 156 1075; x_wconf 82' lang='lat' dir='ltr'><strong>imus</strong></span> <span class='ocrx_word' id='word_1_50' title='bbox 177 1022 311 1092; x_wconf 87' lang='lat' dir='ltr'><strong>paschale</strong></span> <span class='ocrx_word' id='word_1_51' title='bbox 337 1024 517 1096; x_wconf 79' lang='lat' dir='ltr'><strong>mysterium.</strong></span> <span class='ocrx_word' id='word_1_52' title='bbox 548 1027 602 1081; x_wconf 87' lang='lat' dir='ltr'><strong>Per</strong></span> <span class='ocrx_word' id='word_1_53' title='bbox 627 1026 722 1083; x_wconf 87' lang='lat' dir='ltr'><strong>Chris-</strong></span> 
     </span>
    </p>
   </div>
   <div class='ocr_carea' id='block_1_7' title="bbox 224 1215 380 1256">
    <p class='ocr_par' dir='ltr' id='par_1_7' title="bbox 224 1215 380 1256">
     <span class='ocr_line' id='line_1_11' title="bbox 224 1215 380 1256; baseline 0 -2"><span class='ocrx_word' id='word_1_54' title='bbox 224 1215 319 1255; x_wconf 71' lang='lat' dir='ltr'><strong>teuta</strong></span> <span class='ocrx_word' id='word_1_55' title='bbox 343 1216 380 1256; x_wconf 88' lang='lat' dir='ltr'><strong>ll.</strong></span> 
     </span>
    </p>
   </div>
   <div class='ocr_carea' id='block_1_8' title="bbox 85 1305 724 1558">
    <p class='ocr_par' dir='ltr' id='par_1_8' title="bbox 85 1305 724 1558">
     <span class='ocr_line' id='line_1_12' title="bbox 85 1305 724 1379; baseline 0.008 -21"><span class='ocrx_word' id='word_1_56' title='bbox 85 1319 111 1358; x_wconf 88' lang='lat' dir='ltr'><strong>re</strong></span> <span class='ocrx_word' id='word_1_57' title='bbox 134 1305 216 1360; x_wconf 85' lang='lat' dir='ltr'><strong>Deus.</strong></span> <span class='ocrx_word' id='word_1_58' title='bbox 248 1307 287 1361; x_wconf 83' lang='lat' dir='ltr'><strong>Ta</strong></span> <span class='ocrx_word' id='word_1_59' title='bbox 312 1307 481 1379; x_wconf 78' lang='lat' dir='ltr'><strong>suppliciter</strong></span> <span class='ocrx_word' id='word_1_60' title='bbox 506 1314 666 1374; x_wconf 82' lang='lat' dir='ltr'><strong>exorantes,</strong></span> <span class='ocrx_word' id='word_1_61' title='bbox 692 1313 724 1363; x_wconf 90' lang='lat' dir='ltr'><strong>ut</strong></span> 
     </span>
     <span class='ocr_line' id='line_1_13' title="bbox 85 1392 722 1467; baseline 0.011 -20"><span class='ocrx_word' id='word_1_62' title='bbox 85 1392 260 1448; x_wconf 88' lang='lat' dir='ltr'><strong>nctilicentnr</strong></span> <span class='ocrx_word' id='word_1_63' title='bbox 275 1395 398 1465; x_wconf 79' lang='lat' dir='ltr'><strong>jejunia,</strong></span> <span class='ocrx_word' id='word_1_64' title='bbox 416 1414 472 1467; x_wconf 86' lang='lat' dir='ltr'><strong>quo</strong></span> <span class='ocrx_word' id='word_1_65' title='bbox 488 1402 656 1453; x_wconf 91' lang='lat' dir='ltr'><strong>cunctorum</strong></span> <span class='ocrx_word' id='word_1_66' title='bbox 671 1416 722 1454; x_wconf 90' lang='lat' dir='ltr'><strong>no·</strong></span> 
     </span>
     <span class='ocr_line' id='line_1_14' title="bbox 86 1484 721 1558; baseline 0.009 -22"><span class='ocrx_word' id='word_1_67' title='bbox 86 1497 135 1536; x_wconf 89' lang='lat' dir='ltr'><strong>um</strong></span> <span class='ocrx_word' id='word_1_68' title='bbox 165 1484 314 1552; x_wconf 81' lang='lat' dir='ltr'><strong>proveniat</strong></span> <span class='ocrx_word' id='word_1_69' title='bbox 341 1485 536 1556; x_wconf 88' lang='lat' dir='ltr'><strong>indulgentia;</strong></span> <span class='ocrx_word' id='word_1_70' title='bbox 570 1492 721 1558; x_wconf 88' lang='lat' dir='ltr'><strong>quatenus,</strong></span> 
     </span>
    </p>
   </div>
   <div class='ocr_carea' id='block_1_9' title="bbox 1162 460 1233 500">
    <p class='ocr_par' dir='ltr' id='par_1_9' title="bbox 1162 460 1233 500">
     <span class='ocr_line' id='line_1_15' title="bbox 1162 460 1233 500; baseline 0.014 -1"><span class='ocrx_word' id='word_1_71' title='bbox 1162 460 1233 500; x_wconf 69' lang='lat' dir='ltr'><strong>Tum.</strong></span> 
     </span>
    </p>
   </div>
   <div class='ocr_carea' id='block_1_10' title="bbox 775 516 1629 1594">
    <p class='ocr_par' dir='ltr' id='par_1_10' title="bbox 1490 516 1495 537">
     <span class='ocr_line' id='line_1_16' title="bbox 1490 516 1495 537; baseline 0 0"><span class='ocrx_word' id='word_1_72' title='bbox 1490 516 1495 537; x_wconf 89' lang='lat' dir='ltr'><strong>l</strong></span> 
     </span>
    </p>

    <p class='ocr_par' dir='ltr' id='par_1_11' title="bbox 775 549 1629 1594">
     <span class='ocr_line' id='line_1_17' title="bbox 809 549 1624 621; baseline 0.005 -16"><span class='ocrx_word' id='word_1_73' title='bbox 809 551 961 621; x_wconf 80' lang='lat' dir='ltr'><strong>bAEquum</strong></span> <span class='ocrx_word' id='word_1_74' title='bbox 987 551 1016 605; x_wconf 86' lang='lat' dir='ltr'><strong>et</strong></span> <span class='ocrx_word' id='word_1_75' title='bbox 1039 549 1173 605; x_wconf 85' lang='lat' dir='ltr'><strong>salutare.</strong></span> <span class='ocrx_word' id='word_1_76' title='bbox 1198 551 1245 616; x_wconf 87' lang='lat' dir='ltr'><strong>Te,</strong></span> <span class='ocrx_word' id='word_1_77' title='bbox 1268 551 1399 619; x_wconf 86' lang='lat' dir='ltr'><strong>Domine,</strong></span> <span class='ocrx_word' id='word_1_78' title='bbox 1421 551 1497 607; x_wconf 85' lang='lat' dir='ltr'><strong>inter</strong></span> <span class='ocrx_word' id='word_1_79' title='bbox 1521 557 1624 609; x_wconf 79' lang='lat' dir='ltr'><strong>caetcra</strong></span> 
     </span>
     <span class='ocr_line' id='line_1_18' title="bbox 775 637 1623 711; baseline 0.005 -19"><span class='ocrx_word' id='word_1_80' title='bbox 775 637 951 692; x_wconf 89' lang='lat' dir='ltr'><strong>mirabilium</strong></span> <span class='ocrx_word' id='word_1_81' title='bbox 967 641 1081 691; x_wconf 91' lang='lat' dir='ltr'><strong>tuorum</strong></span> <span class='ocrx_word' id='word_1_82' title='bbox 1098 644 1240 708; x_wconf 82' lang='lat' dir='ltr'><strong>praecepta</strong></span> <span class='ocrx_word' id='word_1_83' title='bbox 1258 639 1375 693; x_wconf 90' lang='lat' dir='ltr'><strong>laudare</strong></span> <span class='ocrx_word' id='word_1_84' title='bbox 1398 643 1427 693; x_wconf 88' lang='lat' dir='ltr'><strong>et</strong></span> <span class='ocrx_word' id='word_1_85' title='bbox 1442 639 1623 711; x_wconf 87' lang='lat' dir='ltr'><strong>benedicere,</strong></span> 
     </span>
     <span class='ocr_line' id='line_1_19' title="bbox 776 725 1619 797; baseline 0.004 -16"><span class='ocrx_word' id='word_1_86' title='bbox 776 725 825 797; x_wconf 87' lang='lat' dir='ltr'><strong>qui</strong></span> <span class='ocrx_word' id='word_1_87' title='bbox 847 726 978 791; x_wconf 86' lang='lat' dir='ltr'><strong>Lamech,</strong></span> <span class='ocrx_word' id='word_1_88' title='bbox 998 731 1097 780; x_wconf 82' lang='lat' dir='ltr'><strong>semen</strong></span> <span class='ocrx_word' id='word_1_89' title='bbox 1117 725 1239 796; x_wconf 89' lang='lat' dir='ltr'><strong>justum,</strong></span> <span class='ocrx_word' id='word_1_90' title='bbox 1264 725 1366 782; x_wconf 83' lang='lat' dir='ltr'><strong>dedisti</strong></span> <span class='ocrx_word' id='word_1_91' title='bbox 1385 728 1456 797; x_wconf 87' lang='lat' dir='ltr'><strong>Noe,</strong></span> <span class='ocrx_word' id='word_1_92' title='bbox 1482 728 1527 782; x_wconf 93' lang='lat' dir='ltr'><strong>cui</strong></span> <span class='ocrx_word' id='word_1_93' title='bbox 1542 746 1619 784; x_wconf 87' lang='lat' dir='ltr'><strong>reve·</strong></span> 
     </span>
     <span class='ocr_line' id='line_1_20' title="bbox 776 814 1621 887; baseline 0.002 -19"><span class='ocrx_word' id='word_1_94' title='bbox 776 814 839 868; x_wconf 91' lang='lat' dir='ltr'><strong>lasti</strong></span> <span class='ocrx_word' id='word_1_95' title='bbox 862 814 1064 885; x_wconf 88' lang='lat' dir='ltr'><strong>perspiritum</strong></span> <span class='ocrx_word' id='word_1_96' title='bbox 1086 830 1174 885; x_wconf 88' lang='lat' dir='ltr'><strong>aquas</strong></span> <span class='ocrx_word' id='word_1_97' title='bbox 1197 815 1296 869; x_wconf 83' lang='lat' dir='ltr'><strong>diluvii</strong></span> <span class='ocrx_word' id='word_1_98' title='bbox 1311 816 1421 870; x_wconf 73' lang='lat' dir='ltr'><strong>luituras</strong></span> <span class='ocrx_word' id='word_1_99' title='bbox 1440 833 1621 887; x_wconf 86' lang='lat' dir='ltr'><strong>cognoscere.</strong></span> 
     </span>
     <span class='ocr_line' id='line_1_21' title="bbox 777 902 1626 974; baseline 0.004 -16"><span class='ocrx_word' id='word_1_100' title='bbox 777 903 864 974; x_wconf 88' lang='lat' dir='ltr'><strong>Cujus</strong></span> <span class='ocrx_word' id='word_1_101' title='bbox 880 919 976 957; x_wconf 90' lang='lat' dir='ltr'><strong>arcam</strong></span> <span class='ocrx_word' id='word_1_102' title='bbox 998 902 1032 957; x_wconf 90' lang='lat' dir='ltr'><strong>ad</strong></span> <span class='ocrx_word' id='word_1_103' title='bbox 1052 908 1182 956; x_wconf 90' lang='lat' dir='ltr'><strong>nostram</strong></span> <span class='ocrx_word' id='word_1_104' title='bbox 1200 903 1322 957; x_wconf 88' lang='lat' dir='ltr'><strong>salntem</strong></span> <span class='ocrx_word' id='word_1_105' title='bbox 1349 909 1470 958; x_wconf 89' lang='lat' dir='ltr'><strong>testatur</strong></span> <span class='ocrx_word' id='word_1_106' title='bbox 1491 906 1626 973; x_wconf 77' lang='lat' dir='ltr'><strong>Ecclesia,</strong></span> 
     </span>
     <span class='ocr_line' id='line_1_22' title="bbox 777 990 1627 1062; baseline 0.005 -16"><span class='ocrx_word' id='word_1_107' title='bbox 777 992 812 1046; x_wconf 89' lang='lat' dir='ltr'><strong>de</strong></span> <span class='ocrx_word' id='word_1_108' title='bbox 843 1007 900 1062; x_wconf 87' lang='lat' dir='ltr'><strong>qua</strong></span> <span class='ocrx_word' id='word_1_109' title='bbox 928 990 1033 1045; x_wconf 83' lang='lat' dir='ltr'><strong>emissa</strong></span> <span class='ocrx_word' id='word_1_110' title='bbox 1059 991 1193 1045; x_wconf 86' lang='lat' dir='ltr'><strong>columbe</strong></span> <span class='ocrx_word' id='word_1_111' title='bbox 1220 992 1328 1056; x_wconf 86' lang='lat' dir='ltr'><strong>volans,</strong></span> <span class='ocrx_word' id='word_1_112' title='bbox 1359 991 1500 1062; x_wconf 88' lang='lat' dir='ltr'><strong>spiritales</strong></span> <span class='ocrx_word' id='word_1_113' title='bbox 1543 995 1627 1049; x_wconf 82' lang='lat' dir='ltr'><strong>olivae</strong></span> 
     </span>
     <span class='ocr_line' id='line_1_23' title="bbox 776 1079 1625 1150; baseline 0.001 -16"><span class='ocrx_word' id='word_1_114' title='bbox 776 1079 956 1134; x_wconf 85' lang='lat' dir='ltr'><strong>fructuosum</strong></span> <span class='ocrx_word' id='word_1_115' title='bbox 982 1079 1175 1133; x_wconf 84' lang='lat' dir='ltr'><strong>ramusculum</strong></span> <span class='ocrx_word' id='word_1_116' title='bbox 1192 1080 1300 1147; x_wconf 88' lang='lat' dir='ltr'><strong>retulit,</strong></span> <span class='ocrx_word' id='word_1_117' title='bbox 1317 1097 1404 1150; x_wconf 85' lang='lat' dir='ltr'><strong>quam</strong></span> <span class='ocrx_word' id='word_1_118' title='bbox 1428 1081 1464 1135; x_wconf 87' lang='lat' dir='ltr'><strong>ad</strong></span> <span class='ocrx_word' id='word_1_119' title='bbox 1484 1098 1513 1135; x_wconf 88' lang='lat' dir='ltr'><strong>sa</strong></span> <span class='ocrx_word' id='word_1_120' title='bbox 1533 1099 1625 1138; x_wconf 83' lang='lat' dir='ltr'><strong>rever-</strong></span> 
     </span>
     <span class='ocr_line' id='line_1_24' title="bbox 777 1168 1625 1240; baseline 0.004 -18"><span class='ocrx_word' id='word_1_121' title='bbox 777 1175 885 1223; x_wconf 88' lang='lat' dir='ltr'><strong>tentem</strong></span> <span class='ocrx_word' id='word_1_122' title='bbox 911 1169 970 1222; x_wconf 88' lang='lat' dir='ltr'><strong>Noe</strong></span> <span class='ocrx_word' id='word_1_123' title='bbox 993 1168 1123 1239; x_wconf 86' lang='lat' dir='ltr'><strong>gaudeus</strong></span> <span class='ocrx_word' id='word_1_124' title='bbox 1147 1169 1280 1240; x_wconf 81' lang='lat' dir='ltr'><strong>suscepit.</strong></span> <span class='ocrx_word' id='word_1_125' title='bbox 1308 1170 1348 1222; x_wconf 85' lang='lat' dir='ltr'><strong>lle</strong></span> <span class='ocrx_word' id='word_1_126' title='bbox 1368 1168 1450 1228; x_wconf 81' lang='lat' dir='ltr'><strong>nuliis</strong></span> <span class='ocrx_word' id='word_1_127' title='bbox 1474 1170 1547 1224; x_wconf 91' lang='lat' dir='ltr'><strong>rami</strong></span> <span class='ocrx_word' id='word_1_128' title='bbox 1573 1188 1625 1225; x_wconf 92' lang='lat' dir='ltr'><strong>un-</strong></span> 
     </span>
     <span class='ocr_line' id='line_1_25' title="bbox 777 1256 1626 1324; baseline 0.006 -14"><span class='ocrx_word' id='word_1_129' title='bbox 777 1257 870 1312; x_wconf 89' lang='lat' dir='ltr'><strong>ctione</strong></span> <span class='ocrx_word' id='word_1_130' title='bbox 889 1256 976 1311; x_wconf 83' lang='lat' dir='ltr'><strong>Jacob</strong></span> <span class='ocrx_word' id='word_1_131' title='bbox 996 1256 1248 1324; x_wconf 68' lang='lat' dir='ltr'><strong>siracusinorum</strong></span> <span class='ocrx_word' id='word_1_132' title='bbox 1268 1257 1367 1321; x_wconf 77' lang='lat' dir='ltr'><strong>erexit,</strong></span> <span class='ocrx_word' id='word_1_133' title='bbox 1390 1259 1511 1312; x_wconf 86' lang='lat' dir='ltr'><strong>Domino</strong></span> <span class='ocrx_word' id='word_1_134' title='bbox 1528 1265 1626 1315; x_wconf 82' lang='lat' dir='ltr'><strong>votum</strong></span> 
     </span>
     <span class='ocr_line' id='line_1_26' title="bbox 776 1343 1626 1418; baseline 0.005 -21"><span class='ocrx_word' id='word_1_135' title='bbox 776 1346 864 1412; x_wconf 83' lang='lat' dir='ltr'><strong>vovit,</strong></span> <span class='ocrx_word' id='word_1_136' title='bbox 879 1351 907 1400; x_wconf 90' lang='lat' dir='ltr'><strong>et</strong></span> <span class='ocrx_word' id='word_1_137' title='bbox 921 1345 1018 1400; x_wconf 91' lang='lat' dir='ltr'><strong>oleum</strong></span> <span class='ocrx_word' id='word_1_138' title='bbox 1034 1345 1157 1415; x_wconf 75' lang='lat' dir='ltr'><strong>desuper</strong></span> <span class='ocrx_word' id='word_1_139' title='bbox 1169 1345 1245 1400; x_wconf 83' lang='lat' dir='ltr'><strong>ludit</strong></span> <span class='ocrx_word' id='word_1_140' title='bbox 1261 1343 1338 1418; x_wconf 73' lang='lat' dir='ltr'><strong>[llaec</strong></span> <span class='ocrx_word' id='word_1_141' title='bbox 1361 1352 1404 1399; x_wconf 88' lang='lat' dir='ltr'><strong>est</strong></span> <span class='ocrx_word' id='word_1_142' title='bbox 1429 1346 1537 1401; x_wconf 90' lang='lat' dir='ltr'><strong>indicio</strong></span> <span class='ocrx_word' id='word_1_143' title='bbox 1553 1347 1626 1402; x_wconf 86' lang='lat' dir='ltr'><strong>rami</strong></span> 
     </span>
     <span class='ocr_line' id='line_1_27' title="bbox 777 1432 1629 1506; baseline 0.001 -18"><span class='ocrx_word' id='word_1_144' title='bbox 777 1434 856 1489; x_wconf 89' lang='lat' dir='ltr'><strong>illins</strong></span> <span class='ocrx_word' id='word_1_145' title='bbox 880 1432 1035 1506; x_wconf 88' lang='lat' dir='ltr'><strong>manantis]</strong></span> <span class='ocrx_word' id='word_1_146' title='bbox 1064 1433 1206 1487; x_wconf 89' lang='lat' dir='ltr'><strong>manantis</strong></span> <span class='ocrx_word' id='word_1_147' title='bbox 1225 1434 1259 1488; x_wconf 91' lang='lat' dir='ltr'><strong>de</strong></span> <span class='ocrx_word' id='word_1_148' title='bbox 1283 1433 1362 1488; x_wconf 88' lang='lat' dir='ltr'><strong>coelis</strong></span> <span class='ocrx_word' id='word_1_149' title='bbox 1387 1434 1498 1503; x_wconf 82' lang='lat' dir='ltr'><strong>gratiae,</strong></span> <span class='ocrx_word' id='word_1_150' title='bbox 1523 1451 1575 1489; x_wconf 88' lang='lat' dir='ltr'><strong>sna</strong></span> <span class='ocrx_word' id='word_1_151' title='bbox 1599 1440 1629 1490; x_wconf 90' lang='lat' dir='ltr'><strong>et</strong></span> 
     </span>
     <span class='ocr_line' id='line_1_28' title="bbox 777 1522 1626 1594; baseline 0.002 -18"><span class='ocrx_word' id='word_1_152' title='bbox 777 1523 876 1594; x_wconf 90' lang='lat' dir='ltr'><strong>populi</strong></span> <span class='ocrx_word' id='word_1_153' title='bbox 891 1538 956 1576; x_wconf 84' lang='lat' dir='ltr'><strong>vasa</strong></span> <span class='ocrx_word' id='word_1_154' title='bbox 968 1522 1115 1592; x_wconf 82' lang='lat' dir='ltr'><strong>replentis.</strong></span> <span class='ocrx_word' id='word_1_155' title='bbox 1132 1523 1197 1578; x_wconf 83' lang='lat' dir='ltr'><strong>llaec</strong></span> <span class='ocrx_word' id='word_1_156' title='bbox 1212 1527 1255 1577; x_wconf 90' lang='lat' dir='ltr'><strong>est</strong></span> <span class='ocrx_word' id='word_1_157' title='bbox 1266 1522 1370 1591; x_wconf 87' lang='lat' dir='ltr'><strong>gratia,</strong></span> <span class='ocrx_word' id='word_1_158' title='bbox 1388 1538 1453 1593; x_wconf 76' lang='lat' dir='ltr'><strong>qum</strong></span> <span class='ocrx_word' id='word_1_159' title='bbox 1468 1529 1495 1576; x_wconf 90' lang='lat' dir='ltr'><strong>et</strong></span> <span class='ocrx_word' id='word_1_160' title='bbox 1509 1524 1626 1579; x_wconf 84' lang='lat' dir='ltr'><strong>viduam</strong></span> 
     </span>
    </p>
   </div>
   <div class='ocr_carea' id='block_1_11' title="bbox 85 1571 1626 1684">
    <p class='ocr_par' dir='ltr' id='par_1_12' title="bbox 85 1571 1626 1684">
     <span class='ocr_line' id='line_1_29' title="bbox 85 1571 1626 1684; baseline 0.005 -24"><span class='ocrx_word' id='word_1_161' title='bbox 85 1575 130 1624; x_wconf 65' lang='lat' dir='ltr'><strong>me</strong></span> <span class='ocrx_word' id='word_1_162' title='bbox 155 1571 296 1642; x_wconf 57' lang='lat' dir='ltr'><strong>unigeniti</strong></span> <span class='ocrx_word' id='word_1_163' title='bbox 321 1573 385 1628; x_wconf 56' lang='lat' dir='ltr'><strong>Filii</strong></span> <span class='ocrx_word' id='word_1_164' title='bbox 408 1575 451 1629; x_wconf 62' lang='lat' dir='ltr'><strong>mi</strong></span> <span class='ocrx_word' id='word_1_165' title='bbox 474 1575 617 1645; x_wconf 64' lang='lat' dir='ltr'><strong>p³³⁵i⁰net</strong></span> <span class='ocrx_word' id='word_1_166' title='bbox 634 1577 722 1631; x_wconf 74' lang='lat' dir='ltr'><strong>b⁰⁰⁰&#39;</strong></span> <span class='ocrx_word' id='word_1_167' title='bbox 777 1604 924 1665; x_wconf 79' lang='lat' dir='ltr'><strong>benedixit</strong></span> <span class='ocrx_word' id='word_1_168' title='bbox 939 1611 971 1665; x_wconf 95' lang='lat' dir='ltr'><strong>in</strong></span> <span class='ocrx_word' id='word_1_169' title='bbox 991 1611 1071 1676; x_wconf 88' lang='lat' dir='ltr'><strong>oleo;</strong></span> <span class='ocrx_word' id='word_1_170' title='bbox 1089 1611 1151 1665; x_wconf 81' lang='lat' dir='ltr'><strong>haec</strong></span> <span class='ocrx_word' id='word_1_171' title='bbox 1168 1616 1212 1665; x_wconf 90' lang='lat' dir='ltr'><strong>est</strong></span> <span class='ocrx_word' id='word_1_172' title='bbox 1232 1610 1339 1665; x_wconf 86' lang='lat' dir='ltr'><strong>indicio</strong></span> <span class='ocrx_word' id='word_1_173' title='bbox 1362 1612 1436 1665; x_wconf 90' lang='lat' dir='ltr'><strong>rami</strong></span> <span class='ocrx_word' id='word_1_174' title='bbox 1450 1611 1528 1667; x_wconf 83' lang='lat' dir='ltr'><strong>iliius</strong></span> <span class='ocrx_word' id='word_1_175' title='bbox 1543 1613 1626 1684; x_wconf 90' lang='lat' dir='ltr'><strong>plan-</strong></span> 
     </span>
    </p>
   </div>
   <div class='ocr_carea' id='block_1_12' title="bbox 103 1659 1254 1769">
    <p class='ocr_par' dir='ltr' id='par_1_13' title="bbox 103 1659 1254 1769">
     <span class='ocr_line' id='line_1_30' title="bbox 103 1659 1254 1769; baseline 0.03 -55"><span class='ocrx_word' id='word_1_176' title='bbox 103 1659 156 1715; x_wconf 90' lang='lat' dir='ltr'><strong>tibi</strong></span> <span class='ocrx_word' id='word_1_177' title='bbox 174 1661 339 1732; x_wconf 88' lang='lat' dir='ltr'><strong>placeamus</strong></span> <span class='ocrx_word' id='word_1_178' title='bbox 362 1663 549 1719; x_wconf 79' lang='lat' dir='ltr'><strong>exhibitione.</strong></span> <span class='ocrx_word' id='word_1_179' title='bbox 570 1665 625 1721; x_wconf 87' lang='lat' dir='ltr'><strong>Per</strong></span> <span class='ocrx_word' id='word_1_180' title='bbox 646 1681 724 1721; x_wconf 91' lang='lat' dir='ltr'><strong>eum·</strong></span> <span class='ocrx_word' id='word_1_181' title='bbox 743 1674 764 1728; x_wconf 90' lang='lat' dir='ltr'>B</span> <span class='ocrx_word' id='word_1_182' title='bbox 780 1697 832 1753; x_wconf 60' lang='lat' dir='ltr'><strong>mi</strong></span> <span class='ocrx_word' id='word_1_183' title='bbox 847 1714 928 1753; x_wconf 61' lang='lat' dir='ltr'><strong>secu,</strong></span> <span class='ocrx_word' id='word_1_184' title='bbox 947 1699 1083 1753; x_wconf 54' lang='lat' dir='ltr'><strong>decursus</strong></span> <span class='ocrx_word' id='word_1_185' title='bbox 1102 1713 1254 1769; x_wconf 74' lang='lat' dir='ltr'><strong>aquarum,</strong></span> 
     </span>
    </p>
   </div>
   <div class='ocr_carea' id='block_1_13' title="bbox 85 1763 387 1894">
    <p class='ocr_par' dir='ltr' id='par_1_14' title="bbox 85 1763 387 1894">
     <span class='ocr_line' id='line_1_31' title="bbox 85 1763 114 1803; baseline -0.034 0"><span class='ocrx_word' id='word_1_186' title='bbox 85 1763 114 1803; x_wconf 82' lang='lat' dir='ltr'><strong>n.</strong></span> 
     </span>
     <span class='ocr_line' id='line_1_32' title="bbox 217 1852 387 1894; baseline 0.006 -3"><span class='ocrx_word' id='word_1_187' title='bbox 217 1852 312 1894; x_wconf 69' lang='lat' dir='ltr'><strong>enula</strong></span> <span class='ocrx_word' id='word_1_188' title='bbox 335 1853 387 1893; x_wconf 90' lang='lat' dir='ltr'><strong>lll.</strong></span> 
     </span>
    </p>
   </div>
   <div class='ocr_carea' id='block_1_14' title="bbox 780 1698 1628 1947">
    <p class='ocr_par' dir='ltr' id='par_1_15' title="bbox 780 1698 1628 1947">
     <span class='ocr_line' id='line_1_33' title="bbox 1277 1698 1628 1769; baseline 0.011 -17"><span class='ocrx_word' id='word_1_189' title='bbox 1277 1699 1359 1769; x_wconf 88' lang='lat' dir='ltr'><strong>cujus</strong></span> <span class='ocrx_word' id='word_1_190' title='bbox 1374 1698 1476 1753; x_wconf 85' lang='lat' dir='ltr'><strong>lolium</strong></span> <span class='ocrx_word' id='word_1_191' title='bbox 1499 1714 1557 1769; x_wconf 78' lang='lat' dir='ltr'><strong>non</strong></span> <span class='ocrx_word' id='word_1_192' title='bbox 1574 1700 1628 1756; x_wconf 90' lang='lat' dir='ltr'><strong>de·</strong></span> 
     </span>
     <span class='ocr_line' id='line_1_34' title="bbox 780 1786 1628 1859; baseline 0.004 -19"><span class='ocrx_word' id='word_1_193' title='bbox 780 1787 855 1855; x_wconf 86' lang='lat' dir='ltr'><strong>lluit,</strong></span> <span class='ocrx_word' id='word_1_194' title='bbox 872 1803 924 1856; x_wconf 88' lang='lat' dir='ltr'><strong>per</strong></span> <span class='ocrx_word' id='word_1_195' title='bbox 944 1787 1021 1858; x_wconf 88' lang='lat' dir='ltr'><strong>quod</strong></span> <span class='ocrx_word' id='word_1_196' title='bbox 1045 1786 1174 1858; x_wconf 85' lang='lat' dir='ltr'><strong>quotidie</strong></span> <span class='ocrx_word' id='word_1_197' title='bbox 1199 1803 1251 1858; x_wconf 86' lang='lat' dir='ltr'><strong>per</strong></span> <span class='ocrx_word' id='word_1_198' title='bbox 1276 1788 1419 1842; x_wconf 81' lang='lat' dir='ltr'><strong>lavacrum</strong></span> <span class='ocrx_word' id='word_1_199' title='bbox 1446 1786 1628 1859; x_wconf 89' lang='lat' dir='ltr'><strong>baptismatis</strong></span> 
     </span>
     <span class='ocr_line' id='line_1_35' title="bbox 781 1875 1626 1947; baseline 0.001 -17"><span class='ocrx_word' id='word_1_200' title='bbox 781 1875 903 1930; x_wconf 79' lang='lat' dir='ltr'><strong>Ecclesia</strong></span> <span class='ocrx_word' id='word_1_201' title='bbox 936 1881 1112 1946; x_wconf 88' lang='lat' dir='ltr'><strong>procreatur,</strong></span> <span class='ocrx_word' id='word_1_202' title='bbox 1145 1881 1173 1930; x_wconf 91' lang='lat' dir='ltr'><strong>et</strong></span> <span class='ocrx_word' id='word_1_203' title='bbox 1205 1881 1304 1931; x_wconf 88' lang='lat' dir='ltr'><strong>nostra</strong></span> <span class='ocrx_word' id='word_1_204' title='bbox 1331 1877 1464 1931; x_wconf 89' lang='lat' dir='ltr'><strong>delentur</strong></span> <span class='ocrx_word' id='word_1_205' title='bbox 1500 1881 1626 1947; x_wconf 85' lang='lat' dir='ltr'><strong>peccata.</strong></span> 
     </span>
    </p>
   </div>
   <div class='ocr_carea' id='block_1_15' title="bbox 85 1943 1628 2566">
    <p class='ocr_par' dir='ltr' id='par_1_16' title="bbox 85 1943 1628 2566">
     <span class='ocr_line' id='line_1_36' title="bbox 85 1943 1628 2043; baseline 0.006 -33"><span class='ocrx_word' id='word_1_206' title='bbox 85 1957 129 1996; x_wconf 76' lang='lat'><strong>⁰⁸·</strong></span> <span class='ocrx_word' id='word_1_207' title='bbox 150 1943 183 1997; x_wconf 59' lang='lat' dir='ltr'><strong>Et</strong></span> <span class='ocrx_word' id='word_1_208' title='bbox 204 1948 232 2043; x_wconf 50' lang='lat' dir='ltr'><strong>if</strong></span> <span class='ocrx_word' id='word_1_209' title='bbox 254 1944 363 2000; x_wconf 67' lang='lat' dir='ltr'><strong>d⁰V⁰fi³</strong></span> <span class='ocrx_word' id='word_1_210' title='bbox 383 1946 529 2002; x_wconf 66' lang='lat' dir='ltr'>mflssfibus</span> <span class='ocrx_word' id='word_1_211' title='bbox 551 1949 723 2020; x_wconf 61' lang='lat' dir='ltr'><strong>sulllllicms</strong></span> <span class='ocrx_word' id='word_1_212' title='bbox 780 1966 846 2020; x_wconf 76' lang='lat' dir='ltr'><strong>limo</strong></span> <span class='ocrx_word' id='word_1_213' title='bbox 864 1970 907 2019; x_wconf 86' lang='lat' dir='ltr'><strong>est</strong></span> <span class='ocrx_word' id='word_1_214' title='bbox 919 1969 978 2031; x_wconf 87' lang='lat' dir='ltr'><strong>tua,</strong></span> <span class='ocrx_word' id='word_1_215' title='bbox 993 1965 1125 2031; x_wconf 86' lang='lat' dir='ltr'><strong>Domine,</strong></span> <span class='ocrx_word' id='word_1_216' title='bbox 1141 1965 1281 2035; x_wconf 89' lang='lat' dir='ltr'><strong>plantatio</strong></span> <span class='ocrx_word' id='word_1_217' title='bbox 1304 1964 1378 2019; x_wconf 88' lang='lat' dir='ltr'><strong>bona</strong></span> <span class='ocrx_word' id='word_1_218' title='bbox 1399 1964 1491 2032; x_wconf 87' lang='lat' dir='ltr'><strong>valde,</strong></span> <span class='ocrx_word' id='word_1_219' title='bbox 1507 1970 1536 2020; x_wconf 92' lang='lat' dir='ltr'><strong>et</strong></span> <span class='ocrx_word' id='word_1_220' title='bbox 1549 1969 1582 2020; x_wconf 91' lang='lat' dir='ltr'><strong>tu</strong></span> <span class='ocrx_word' id='word_1_221' title='bbox 1598 1982 1628 2020; x_wconf 87' lang='lat' dir='ltr'><strong>es</strong></span> 
     </span>
     <span class='ocr_line' id='line_1_37' title="bbox 85 2037 1627 2124; baseline 0.009 -29"><span class='ocrx_word' id='word_1_222' title='bbox 85 2045 121 2086; x_wconf 50' lang='lat'><strong>¹1¹³</strong></span> <span class='ocrx_word' id='word_1_223' title='bbox 136 2037 318 2104; x_wconf 85' lang='lat' dir='ltr'><strong>exteriusque</strong></span> <span class='ocrx_word' id='word_1_224' title='bbox 334 2039 487 2101; x_wconf 65' lang='lat' dir='ltr'><strong>restauret,</strong></span> <span class='ocrx_word' id='word_1_225' title='bbox 505 2041 533 2090; x_wconf 60' lang='lat'><strong>⁰2</strong></span> <span class='ocrx_word' id='word_1_226' title='bbox 547 2038 726 2107; x_wconf 87' lang='lat' dir='ltr'><strong>percimonia</strong></span> <span class='ocrx_word' id='word_1_227' title='bbox 779 2053 839 2107; x_wconf 87' lang='lat' dir='ltr'><strong>vita</strong></span> <span class='ocrx_word' id='word_1_228' title='bbox 862 2059 891 2108; x_wconf 91' lang='lat' dir='ltr'><strong>et</strong></span> <span class='ocrx_word' id='word_1_229' title='bbox 913 2053 1084 2107; x_wconf 87' lang='lat' dir='ltr'><strong>resurreetio</strong></span> <span class='ocrx_word' id='word_1_230' title='bbox 1108 2057 1297 2119; x_wconf 89' lang='lat' dir='ltr'><strong>mortuorum,</strong></span> <span class='ocrx_word' id='word_1_231' title='bbox 1327 2053 1377 2124; x_wconf 89' lang='lat' dir='ltr'><strong>qui</strong></span> <span class='ocrx_word' id='word_1_232' title='bbox 1399 2054 1627 2124; x_wconf 86' lang='lat' dir='ltr'><strong>quatriduanum</strong></span> 
     </span>
     <span class='ocr_line' id='line_1_38' title="bbox 85 2123 1628 2211; baseline 0.005 -26"><span class='ocrx_word' id='word_1_233' title='bbox 85 2125 252 2176; x_wconf 67' lang='lat' dir='ltr'><strong>rasoriorum</strong></span> <span class='ocrx_word' id='word_1_234' title='bbox 279 2123 411 2178; x_wconf 80' lang='lat' dir='ltr'><strong>sordibus</strong></span> <span class='ocrx_word' id='word_1_235' title='bbox 446 2140 561 2196; x_wconf 79' lang='lat' dir='ltr'><strong>purger.</strong></span> <span class='ocrx_word' id='word_1_236' title='bbox 588 2127 622 2180; x_wconf 81' lang='lat' dir='ltr'><strong>Et</strong></span> <span class='ocrx_word' id='word_1_237' title='bbox 653 2143 726 2198; x_wconf 79' lang='lat' dir='ltr'><strong>quos</strong></span> <span class='ocrx_word' id='word_1_238' title='bbox 781 2139 918 2194; x_wconf 77' lang='lat' dir='ltr'><strong>lazarum</strong></span> <span class='ocrx_word' id='word_1_239' title='bbox 942 2140 1116 2195; x_wconf 77' lang='lat' dir='ltr'><strong>resuscitasti</strong></span> <span class='ocrx_word' id='word_1_240' title='bbox 1131 2158 1146 2194; x_wconf 77' lang='lat' dir='ltr'><strong>a</strong></span> <span class='ocrx_word' id='word_1_241' title='bbox 1163 2143 1295 2194; x_wconf 77' lang='lat' dir='ltr'><strong>mortua.</strong></span> <span class='ocrx_word' id='word_1_242' title='bbox 1317 2141 1472 2211; x_wconf 76' lang='lat' dir='ltr'><strong>Propterea</strong></span> <span class='ocrx_word' id='word_1_243' title='bbox 1494 2144 1523 2193; x_wconf 81' lang='lat' dir='ltr'><strong>at</strong></span> <span class='ocrx_word' id='word_1_244' title='bbox 1543 2138 1628 2193; x_wconf 81' lang='lat' dir='ltr'><strong>turba</strong></span> 
     </span>
     <span class='ocr_line' id='line_1_39' title="bbox 85 2207 1625 2300; baseline 0.001 -20"><span class='ocrx_word' id='word_1_245' title='bbox 85 2207 309 2266; x_wconf 57' lang='lat' dir='ltr'><strong>¹⁰¹⁰⁰i⁸²i⁰¹1ib¹¹³</strong></span> <span class='ocrx_word' id='word_1_246' title='bbox 329 2213 446 2267; x_wconf 70' lang='lat' dir='ltr'><strong>⁰⁰11Vi⁸</strong></span> <span class='ocrx_word' id='word_1_247' title='bbox 469 2214 618 2285; x_wconf 62' lang='lat' dir='ltr'><strong>imPt&#39;dil&#39;es</strong></span> <span class='ocrx_word' id='word_1_248' title='bbox 641 2216 725 2286; x_wconf 90' lang='lat' dir='ltr'><strong>spiri·</strong></span> <span class='ocrx_word' id='word_1_249' title='bbox 780 2243 844 2282; x_wconf 90' lang='lat' dir='ltr'><strong>cum</strong></span> <span class='ocrx_word' id='word_1_250' title='bbox 866 2228 953 2282; x_wconf 88' lang='lat' dir='ltr'><strong>ramis</strong></span> <span class='ocrx_word' id='word_1_251' title='bbox 977 2229 1138 2300; x_wconf 89' lang='lat' dir='ltr'><strong>palmarum</strong></span> <span class='ocrx_word' id='word_1_252' title='bbox 1162 2228 1279 2283; x_wconf 84' lang='lat' dir='ltr'><strong>obvians</strong></span> <span class='ocrx_word' id='word_1_253' title='bbox 1303 2227 1365 2293; x_wconf 91' lang='lat' dir='ltr'><strong>tibi,</strong></span> <span class='ocrx_word' id='word_1_254' title='bbox 1386 2227 1550 2283; x_wconf 86' lang='lat' dir='ltr'><strong>clamabat:</strong></span> <span class='ocrx_word' id='word_1_255' title='bbox 1567 2229 1625 2282; x_wconf 79' lang='lat' dir='ltr'><strong>llo-</strong></span> 
     </span>
     <span class='ocr_line' id='line_1_40' title="bbox 85 2297 1627 2396; baseline 0.002 -29"><span class='ocrx_word' id='word_1_256' title='bbox 85 2301 154 2396; x_wconf 40' lang='lat' dir='ltr'><strong>&#39;ium</strong></span> <span class='ocrx_word' id='word_1_257' title='bbox 170 2297 255 2352; x_wconf 61' lang='lat' dir='ltr'><strong>f³⁰l³⁵</strong></span> <span class='ocrx_word' id='word_1_258' title='bbox 271 2299 489 2370; x_wconf 63' lang='lat' dir='ltr'><strong>liC⁰f0¹1¹¹¹¹1iri</strong></span> <span class='ocrx_word' id='word_1_259' title='bbox 506 2318 512 2356; x_wconf 79' lang='lat'>²</span> <span class='ocrx_word' id='word_1_260' title='bbox 529 2307 557 2356; x_wconf 70' lang='grc' dir='ltr'><strong>Θῑ</strong></span> <span class='ocrx_word' id='word_1_261' title='bbox 579 2302 661 2356; x_wconf 64' lang='lat' dir='ltr'><strong>⁵101ss</strong></span> <span class='ocrx_word' id='word_1_262' title='bbox 677 2319 726 2357; x_wconf 71' lang='grc' dir='ltr'><strong>Γθ·</strong></span> <span class='ocrx_word' id='word_1_263' title='bbox 780 2332 868 2372; x_wconf 81' lang='lat' dir='ltr'><strong>sacac</strong></span> <span class='ocrx_word' id='word_1_264' title='bbox 895 2317 1048 2372; x_wconf 83' lang='lat' dir='ltr'><strong>benedictus</strong></span> <span class='ocrx_word' id='word_1_265' title='bbox 1076 2321 1124 2386; x_wconf 82' lang='lat' dir='ltr'><strong>qut</strong></span> <span class='ocrx_word' id='word_1_266' title='bbox 1152 2320 1226 2372; x_wconf 84' lang='lat' dir='ltr'><strong>venit</strong></span> <span class='ocrx_word' id='word_1_267' title='bbox 1252 2319 1281 2371; x_wconf 84' lang='lat' dir='ltr'><strong>in</strong></span> <span class='ocrx_word' id='word_1_268' title='bbox 1306 2319 1413 2371; x_wconf 82' lang='lat' dir='ltr'><strong>nomine</strong></span> <span class='ocrx_word' id='word_1_269' title='bbox 1437 2316 1550 2371; x_wconf 81' lang='lat' dir='ltr'><strong>Domini</strong></span> <span class='ocrx_word' id='word_1_270' title='bbox 1577 2312 1627 2370; x_wconf 74' lang='lat' dir='ltr'><strong>ren</strong></span> 
     </span>
     <span class='ocr_line' id='line_1_41' title="bbox 85 2386 1626 2484; baseline 0.004 -32"><span class='ocrx_word' id='word_1_271' title='bbox 85 2400 123 2484; x_wconf 57' lang='lat'><strong>¹¹}</strong></span> <span class='ocrx_word' id='word_1_272' title='bbox 144 2386 247 2453; x_wconf 64' lang='lat' dir='ltr'><strong>f⁰V⁶³b</strong></span> <span class='ocrx_word' id='word_1_273' title='bbox 271 2393 302 2441; x_wconf 72' lang='lat'><strong>¹¹²</strong></span> <span class='ocrx_word' id='word_1_274' title='bbox 322 2389 470 2459; x_wconf 52' lang='lat' dir='ltr'><strong>perminis</strong></span> <span class='ocrx_word' id='word_1_275' title='bbox 491 2389 631 2445; x_wconf 63' lang='lat' dir='ltr'><strong>illhffllelss</strong></span> <span class='ocrx_word' id='word_1_276' title='bbox 654 2407 725 2445; x_wconf 75' lang='lat'><strong>⁰⁰¹1·</strong></span> <span class='ocrx_word' id='word_1_277' title='bbox 779 2405 876 2461; x_wconf 88' lang='lat' dir='ltr'><strong>Isrcet.</strong></span> <span class='ocrx_word' id='word_1_278' title='bbox 898 2405 1077 2478; x_wconf 81' lang='lat' dir='ltr'><strong>Quapropter</strong></span> <span class='ocrx_word' id='word_1_279' title='bbox 1097 2422 1273 2478; x_wconf 84' lang='lat' dir='ltr'><strong>qiiaesnmus,</strong></span> <span class='ocrx_word' id='word_1_280' title='bbox 1294 2405 1423 2471; x_wconf 86' lang='lat' dir='ltr'><strong>Domine,</strong></span> <span class='ocrx_word' id='word_1_281' title='bbox 1443 2403 1626 2459; x_wconf 88' lang='lat' dir='ltr'><strong>clementiam</strong></span> 
     </span>
     <span class='ocr_line' id='line_1_42' title="bbox 85 2478 1627 2566; baseline 0.006 -28"><span class='ocrx_word' id='word_1_282' title='bbox 85 2478 210 2529; x_wconf 61' lang='lat' dir='ltr'><strong>msium·</strong></span> <span class='ocrx_word' id='word_1_283' title='bbox 780 2499 859 2548; x_wconf 90' lang='lat' dir='ltr'><strong>tuam</strong></span> <span class='ocrx_word' id='word_1_284' title='bbox 883 2500 916 2549; x_wconf 94' lang='lat' dir='ltr'><strong>ut</strong></span> <span class='ocrx_word' id='word_1_285' title='bbox 932 2511 982 2549; x_wconf 89' lang='lat' dir='ltr'><strong>nos</strong></span> <span class='ocrx_word' id='word_1_286' title='bbox 1006 2495 1128 2549; x_wconf 84' lang='lat' dir='ltr'><strong>tumulos</strong></span> <span class='ocrx_word' id='word_1_287' title='bbox 1144 2502 1218 2563; x_wconf 87' lang='lat' dir='ltr'><strong>tuos,</strong></span> <span class='ocrx_word' id='word_1_288' title='bbox 1235 2494 1284 2566; x_wconf 89' lang='lat' dir='ltr'><strong>qui</strong></span> <span class='ocrx_word' id='word_1_289' title='bbox 1299 2493 1386 2565; x_wconf 87' lang='lat' dir='ltr'><strong>hujus</strong></span> <span class='ocrx_word' id='word_1_290' title='bbox 1400 2493 1441 2547; x_wconf 91' lang='lat' dir='ltr'><strong>rei</strong></span> <span class='ocrx_word' id='word_1_291' title='bbox 1453 2494 1574 2564; x_wconf 78' lang='lat' dir='ltr'><strong>gratiam</strong></span> <span class='ocrx_word' id='word_1_292' title='bbox 1597 2498 1627 2548; x_wconf 87' lang='lat' dir='ltr'><strong>et</strong></span> 
     </span>
    </p>
   </div>
   <div class='ocr_carea' id='block_1_16' title="bbox 219 2579 1628 2655">
    <p class='ocr_par' dir='ltr' id='par_1_17' title="bbox 219 2579 1628 2655">
     <span class='ocr_line' id='line_1_43' title="bbox 219 2579 1628 2655; baseline 0.002 -22"><span class='ocrx_word' id='word_1_293' title='bbox 219 2579 313 2620; x_wconf 65' lang='grc' dir='ltr'><strong>ΗΜΛ</strong></span> <span class='ocrx_word' id='word_1_294' title='bbox 337 2580 381 2620; x_wconf 76' lang='lat' dir='ltr'><strong>IV·</strong></span> <span class='ocrx_word' id='word_1_295' title='bbox 779 2582 868 2638; x_wconf 87' lang='lat' dir='ltr'><strong>fidem</strong></span> <span class='ocrx_word' id='word_1_296' title='bbox 883 2582 1010 2638; x_wconf 84' lang='lat' dir='ltr'><strong>veritatis</strong></span> <span class='ocrx_word' id='word_1_297' title='bbox 1028 2583 1218 2655; x_wconf 85' lang='lat' dir='ltr'><strong>percepimus,</strong></span> <span class='ocrx_word' id='word_1_298' title='bbox 1235 2600 1319 2637; x_wconf 89' lang='lat' dir='ltr'><strong>eruas</strong></span> <span class='ocrx_word' id='word_1_299' title='bbox 1336 2583 1371 2637; x_wconf 89' lang='lat' dir='ltr'><strong>de</strong></span> <span class='ocrx_word' id='word_1_300' title='bbox 1391 2597 1439 2636; x_wconf 90' lang='lat' dir='ltr'><strong>ore</strong></span> <span class='ocrx_word' id='word_1_301' title='bbox 1463 2580 1579 2651; x_wconf 80' lang='lat' dir='ltr'><strong>interni,</strong></span> <span class='ocrx_word' id='word_1_302' title='bbox 1599 2586 1628 2636; x_wconf 88' lang='lat' dir='ltr'><strong>et</strong></span> 
     </span>
    </p>
   </div>
   <div class='ocr_carea' id='block_1_17' title="bbox 85 2671 1628 2921">
    <p class='ocr_par' dir='ltr' id='par_1_18' title="bbox 85 2671 1628 2921">
     <span class='ocr_line' id='line_1_44' title="bbox 85 2671 1628 2743; baseline 0 -20"><span class='ocrx_word' id='word_1_303' title='bbox 85 2685 139 2724; x_wconf 84' lang='lat' dir='ltr'><strong>eus.</strong></span> <span class='ocrx_word' id='word_1_304' title='bbox 166 2671 200 2725; x_wconf 89' lang='lat' dir='ltr'><strong>Et</strong></span> <span class='ocrx_word' id='word_1_305' title='bbox 221 2674 248 2725; x_wconf 89' lang='lat' dir='ltr'><strong>te</strong></span> <span class='ocrx_word' id='word_1_306' title='bbox 276 2672 400 2743; x_wconf 88' lang='lat' dir='ltr'><strong>supplici</strong></span> <span class='ocrx_word' id='word_1_307' title='bbox 424 2674 574 2728; x_wconf 87' lang='lat' dir='ltr'><strong>devotione</strong></span> <span class='ocrx_word' id='word_1_308' title='bbox 597 2689 724 2740; x_wconf 82' lang='lat' dir='ltr'><strong>exorare,</strong></span> <span class='ocrx_word' id='word_1_309' title='bbox 781 2672 957 2743; x_wconf 86' lang='lat' dir='ltr'><strong>adjutorium</strong></span> <span class='ocrx_word' id='word_1_310' title='bbox 982 2672 1064 2727; x_wconf 90' lang='lat' dir='ltr'><strong>nobis</strong></span> <span class='ocrx_word' id='word_1_311' title='bbox 1085 2672 1185 2743; x_wconf 77' lang='lat' dir='ltr'><strong>gratim</strong></span> <span class='ocrx_word' id='word_1_312' title='bbox 1210 2677 1267 2727; x_wconf 81' lang='lat' dir='ltr'><strong>ttroe</strong></span> <span class='ocrx_word' id='word_1_313' title='bbox 1293 2671 1418 2727; x_wconf 88' lang='lat' dir='ltr'><strong>tribuere</strong></span> <span class='ocrx_word' id='word_1_314' title='bbox 1443 2671 1580 2742; x_wconf 87' lang='lat' dir='ltr'><strong>digneris,</strong></span> <span class='ocrx_word' id='word_1_315' title='bbox 1597 2674 1628 2724; x_wconf 95' lang='lat' dir='ltr'><strong>ut</strong></span> 
     </span>
     <span class='ocr_line' id='line_1_45' title="bbox 85 2757 1628 2833; baseline 0 -21"><span class='ocrx_word' id='word_1_316' title='bbox 85 2757 119 2813; x_wconf 83' lang='lat' dir='ltr'><strong>iia</strong></span> <span class='ocrx_word' id='word_1_317' title='bbox 141 2775 207 2831; x_wconf 75' lang='lat' dir='ltr'><strong>quaa</strong></span> <span class='ocrx_word' id='word_1_318' title='bbox 231 2761 317 2816; x_wconf 90' lang='lat' dir='ltr'><strong>sacris</strong></span> <span class='ocrx_word' id='word_1_319' title='bbox 339 2762 477 2817; x_wconf 91' lang='lat' dir='ltr'><strong>institutis</strong></span> <span class='ocrx_word' id='word_1_320' title='bbox 501 2763 725 2833; x_wconf 87' lang='lat' dir='ltr'><strong>exsequimnr‚a</strong></span> <span class='ocrx_word' id='word_1_321' title='bbox 777 2761 855 2831; x_wconf 90' lang='lat' dir='ltr'><strong>juste</strong></span> <span class='ocrx_word' id='word_1_322' title='bbox 879 2767 908 2815; x_wconf 88' lang='lat' dir='ltr'><strong>et</strong></span> <span class='ocrx_word' id='word_1_323' title='bbox 931 2761 978 2832; x_wconf 90' lang='lat' dir='ltr'><strong>pie</strong></span> <span class='ocrx_word' id='word_1_324' title='bbox 1001 2768 1154 2832; x_wconf 84' lang='lat' dir='ltr'><strong>sancteque</strong></span> <span class='ocrx_word' id='word_1_325' title='bbox 1168 2761 1305 2829; x_wconf 85' lang='lat' dir='ltr'><strong>viventes,</strong></span> <span class='ocrx_word' id='word_1_326' title='bbox 1328 2775 1393 2814; x_wconf 87' lang='lat' dir='ltr'><strong>oum</strong></span> <span class='ocrx_word' id='word_1_327' title='bbox 1408 2759 1505 2814; x_wconf 86' lang='lat' dir='ltr'><strong>electis</strong></span> <span class='ocrx_word' id='word_1_328' title='bbox 1519 2763 1547 2812; x_wconf 90' lang='lat' dir='ltr'><strong>et</strong></span> <span class='ocrx_word' id='word_1_329' title='bbox 1564 2774 1628 2813; x_wconf 86' lang='lat' dir='ltr'><strong>san·</strong></span> 
     </span>
     <span class='ocr_line' id='line_1_46' title="bbox 85 2848 1554 2921; baseline 0.001 -21"><span class='ocrx_word' id='word_1_330' title='bbox 85 2863 133 2901; x_wconf 85' lang='lat' dir='ltr'><strong>ons</strong></span> <span class='ocrx_word' id='word_1_331' title='bbox 146 2848 298 2903; x_wconf 89' lang='lat' dir='ltr'><strong>emundari</strong></span> <span class='ocrx_word' id='word_1_332' title='bbox 318 2866 483 2905; x_wconf 89' lang='lat' dir='ltr'><strong>mereamur</strong></span> <span class='ocrx_word' id='word_1_333' title='bbox 500 2868 506 2905; x_wconf 76' lang='grc' dir='ltr'><strong>ι</strong></span> <span class='ocrx_word' id='word_1_334' title='bbox 523 2856 662 2921; x_wconf 85' lang='lat' dir='ltr'><strong>tuamque</strong></span> <span class='ocrx_word' id='word_1_335' title='bbox 676 2867 724 2903; x_wconf 86' lang='lat' dir='ltr'><strong>va·</strong></span> <span class='ocrx_word' id='word_1_336' title='bbox 781 2849 833 2903; x_wconf 89' lang='lat' dir='ltr'><strong>ctis</strong></span> <span class='ocrx_word' id='word_1_337' title='bbox 848 2849 905 2904; x_wconf 88' lang='lat' dir='ltr'><strong>tuis</strong></span> <span class='ocrx_word' id='word_1_338' title='bbox 919 2849 1005 2904; x_wconf 87' lang='lat' dir='ltr'><strong>iacias</strong></span> <span class='ocrx_word' id='word_1_339' title='bbox 1019 2849 1124 2904; x_wconf 85' lang='lat' dir='ltr'><strong>habere</strong></span> <span class='ocrx_word' id='word_1_340' title='bbox 1139 2849 1325 2902; x_wconf 88' lang='lat' dir='ltr'><strong>consortium.</strong></span> <span class='ocrx_word' id='word_1_341' title='bbox 1343 2849 1395 2902; x_wconf 87' lang='lat' dir='ltr'><strong>Per</strong></span> <span class='ocrx_word' id='word_1_342' title='bbox 1409 2848 1554 2902; x_wconf 90' lang='lat' dir='ltr'><strong>eumdem.</strong></span> 
     </span>
    </p>
   </div>
   <div class='ocr_carea' id='block_1_18' title="bbox 85 2939 782 3026">
    <p class='ocr_par' dir='ltr' id='par_1_19' title="bbox 85 2939 782 3026">
     <span class='ocr_line' id='line_1_47' title="bbox 85 2939 782 3026; baseline 0.01 -38"><span class='ocrx_word' id='word_1_343' title='bbox 85 2951 157 3006; x_wconf 62' lang='lat' dir='ltr'><strong>opere</strong></span> <span class='ocrx_word' id='word_1_344' title='bbox 182 2939 430 3008; x_wconf 88' lang='lat' dir='ltr'><strong>propitiationem,</strong></span> <span class='ocrx_word' id='word_1_345' title='bbox 455 2940 505 3012; x_wconf 88' lang='lat' dir='ltr'><strong>qui</strong></span> <span class='ocrx_word' id='word_1_346' title='bbox 529 2955 727 3011; x_wconf 80' lang='lat' dir='ltr'><strong>praeparamur</strong></span> <span class='ocrx_word' id='word_1_347' title='bbox 745 2969 782 3026; x_wconf 15' lang='lat' dir='ltr'><strong>C*</strong></span> 
     </span>
    </p>
   </div>
   <div class='ocr_carea' id='block_1_19' title="bbox 85 2950 1623 3100">
    <p class='ocr_par' dir='ltr' id='par_1_20' title="bbox 85 2950 1623 3100">
     <span class='ocr_line' id='line_1_48' title="bbox 1022 2950 1385 2992; baseline -0.003 -1"><span class='ocrx_word' id='word_1_348' title='bbox 1022 2950 1176 2992; x_wconf 73' lang='lat' dir='ltr'><strong>nourrius</strong></span> <span class='ocrx_word' id='word_1_349' title='bbox 1199 2952 1231 2992; x_wconf 85' lang='grc' dir='ltr'><strong>ιιι</strong></span> <span class='ocrx_word' id='word_1_350' title='bbox 1256 2951 1385 2991; x_wconf 72' lang='lat' dir='ltr'><strong>renuis.</strong></span> 
     </span>
     <span class='ocr_line' id='line_1_49' title="bbox 85 3023 1623 3100; baseline -0.002 -22"><span class='ocrx_word' id='word_1_351' title='bbox 85 3039 128 3078; x_wconf 88' lang='lat' dir='ltr'><strong>am</strong></span> <span class='ocrx_word' id='word_1_352' title='bbox 148 3026 290 3097; x_wconf 90' lang='lat' dir='ltr'><strong>unigeniti</strong></span> <span class='ocrx_word' id='word_1_353' title='bbox 314 3028 377 3082; x_wconf 88' lang='lat' dir='ltr'><strong>Filii</strong></span> <span class='ocrx_word' id='word_1_354' title='bbox 400 3029 442 3084; x_wconf 93' lang='lat' dir='ltr'><strong>tui</strong></span> <span class='ocrx_word' id='word_1_355' title='bbox 477 3029 647 3100; x_wconf 90' lang='lat' dir='ltr'><strong>passionem.</strong></span> <span class='ocrx_word' id='word_1_356' title='bbox 673 3030 727 3083; x_wconf 85' lang='lat' dir='ltr'><strong>Per</strong></span> <span class='ocrx_word' id='word_1_357' title='bbox 815 3026 928 3079; x_wconf 83' lang='lat' dir='ltr'><strong>AEterne</strong></span> <span class='ocrx_word' id='word_1_358' title='bbox 950 3026 1034 3079; x_wconf 85' lang='lat' dir='ltr'><strong>Deus.</strong></span> <span class='ocrx_word' id='word_1_359' title='bbox 1059 3027 1111 3078; x_wconf 88' lang='lat' dir='ltr'><strong>Per</strong></span> <span class='ocrx_word' id='word_1_360' title='bbox 1137 3024 1281 3080; x_wconf 82' lang='lat' dir='ltr'><strong>Christum</strong></span> <span class='ocrx_word' id='word_1_361' title='bbox 1306 3023 1461 3078; x_wconf 85' lang='lat' dir='ltr'><strong>Dominum</strong></span> <span class='ocrx_word' id='word_1_362' title='bbox 1483 3027 1623 3076; x_wconf 88' lang='lat' dir='ltr'><strong>nostrum.</strong></span> 
     </span>
    </p>
   </div>
   <div class='ocr_carea' id='block_1_20' title="bbox 85 3119 374 3261">
    <p class='ocr_par' dir='ltr' id='par_1_21' title="bbox 85 3119 374 3261">
     <span class='ocr_line' id='line_1_50' title="bbox 85 3119 168 3170; baseline 0.024 -2"><span class='ocrx_word' id='word_1_363' title='bbox 85 3119 168 3170; x_wconf 69' lang='lat' dir='ltr'><strong>amm.</strong></span> 
     </span>
     <span class='ocr_line' id='line_1_51' title="bbox 227 3220 374 3261; baseline 0.007 -3"><span class='ocrx_word' id='word_1_364' title='bbox 227 3220 322 3261; x_wconf 82' lang='lat' dir='ltr'><strong>saura</strong></span> <span class='ocrx_word' id='word_1_365' title='bbox 345 3222 374 3259; x_wconf 89' lang='lat' dir='ltr'><strong>v.</strong></span> 
     </span>
    </p>
   </div>
   <div class='ocr_carea' id='block_1_21' title="bbox 85 3309 727 3541">
    <p class='ocr_par' dir='ltr' id='par_1_22' title="bbox 85 3309 727 3541">
     <span class='ocr_line' id='line_1_52' title="bbox 85 3309 726 3376; baseline 0.005 -13"><span class='ocrx_word' id='word_1_366' title='bbox 85 3324 137 3363; x_wconf 82' lang='lat' dir='ltr'><strong>ins.</strong></span> <span class='ocrx_word' id='word_1_367' title='bbox 157 3309 210 3376; x_wconf 86' lang='lat' dir='ltr'><strong>Qui</strong></span> <span class='ocrx_word' id='word_1_368' title='bbox 228 3311 268 3365; x_wconf 91' lang='lat' dir='ltr'><strong>sic</strong></span> <span class='ocrx_word' id='word_1_369' title='bbox 285 3328 337 3367; x_wconf 90' lang='lat' dir='ltr'><strong>nos</strong></span> <span class='ocrx_word' id='word_1_370' title='bbox 354 3311 458 3367; x_wconf 89' lang='lat' dir='ltr'><strong>tribuis</strong></span> <span class='ocrx_word' id='word_1_371' title='bbox 473 3312 654 3367; x_wconf 88' lang='lat' dir='ltr'><strong>solemnitate</strong></span> <span class='ocrx_word' id='word_1_372' title='bbox 674 3312 726 3368; x_wconf 90' lang='lat' dir='ltr'><strong>tibi</strong></span> 
     </span>
     <span class='ocr_line' id='line_1_53' title="bbox 85 3394 726 3470; baseline 0.005 -20"><span class='ocrx_word' id='word_1_373' title='bbox 85 3394 170 3464; x_wconf 90' lang='lat' dir='ltr'><strong>nium,</strong></span> <span class='ocrx_word' id='word_1_374' title='bbox 190 3403 220 3450; x_wconf 89' lang='lat' dir='ltr'><strong>ut</strong></span> <span class='ocrx_word' id='word_1_375' title='bbox 235 3397 424 3469; x_wconf 76' lang='lat' dir='ltr'><strong>indulgentiae</strong></span> <span class='ocrx_word' id='word_1_376' title='bbox 439 3405 496 3454; x_wconf 80' lang='lat' dir='ltr'><strong>tuae</strong></span> <span class='ocrx_word' id='word_1_377' title='bbox 513 3415 660 3470; x_wconf 85' lang='lat' dir='ltr'><strong>speremus</strong></span> <span class='ocrx_word' id='word_1_378' title='bbox 675 3415 726 3453; x_wconf 90' lang='lat' dir='ltr'><strong>nos</strong></span> 
     </span>
     <span class='ocr_line' id='line_1_54' title="bbox 85 3482 727 3541; baseline 0.003 -3"><span class='ocrx_word' id='word_1_379' title='bbox 85 3482 216 3538; x_wconf 88' lang='lat' dir='ltr'><strong>bsidinm.</strong></span> <span class='ocrx_word' id='word_1_380' title='bbox 237 3485 281 3540; x_wconf 89' lang='lat' dir='ltr'><strong>Sic</strong></span> <span class='ocrx_word' id='word_1_381' title='bbox 301 3501 352 3540; x_wconf 94' lang='lat' dir='ltr'><strong>nos</strong></span> <span class='ocrx_word' id='word_1_382' title='bbox 372 3485 490 3540; x_wconf 85' lang='lat' dir='ltr'><strong>instruis</strong></span> <span class='ocrx_word' id='word_1_383' title='bbox 505 3486 540 3541; x_wconf 88' lang='lat' dir='ltr'><strong>ad</strong></span> <span class='ocrx_word' id='word_1_384' title='bbox 555 3486 727 3541; x_wconf 87' lang='lat' dir='ltr'><strong>celebranda</strong></span> 
     </span>
    </p>
   </div>
   <div class='ocr_carea' id='block_1_22' title="bbox 85 3574 724 3716">
    <p class='ocr_par' dir='ltr' id='par_1_23' title="bbox 85 3574 724 3716">
     <span class='ocr_line' id='line_1_55' title="bbox 85 3574 724 3645; baseline 0.005 -20"><span class='ocrx_word' id='word_1_385' title='bbox 85 3574 119 3638; x_wconf 86' lang='lat' dir='ltr'><strong>ta,</strong></span> <span class='ocrx_word' id='word_1_386' title='bbox 138 3577 169 3625; x_wconf 88' lang='lat' dir='ltr'><strong>ut</strong></span> <span class='ocrx_word' id='word_1_387' title='bbox 186 3589 237 3643; x_wconf 89' lang='lat' dir='ltr'><strong>per</strong></span> <span class='ocrx_word' id='word_1_388' title='bbox 253 3574 315 3628; x_wconf 77' lang='lat' dir='ltr'><strong>haec</strong></span> <span class='ocrx_word' id='word_1_389' title='bbox 330 3574 512 3645; x_wconf 88' lang='lat' dir='ltr'><strong>acquiramus</strong></span> <span class='ocrx_word' id='word_1_390' title='bbox 527 3574 633 3645; x_wconf 88' lang='lat' dir='ltr'><strong>gandia</strong></span> <span class='ocrx_word' id='word_1_391' title='bbox 648 3590 724 3629; x_wconf 90' lang='lat' dir='ltr'><strong>sem-</strong></span> 
     </span>
     <span class='ocr_line' id='line_1_56' title="bbox 89 3659 240 3716; baseline 0 0"><span class='ocrx_word' id='word_1_392' title='bbox 89 3659 240 3716; x_wconf 85' lang='lat' dir='ltr'><strong>Christum.</strong></span> 
     </span>
    </p>
   </div>
   <div class='ocr_carea' id='block_1_23' title="bbox 225 3784 382 3825">
    <p class='ocr_par' dir='ltr' id='par_1_24' title="bbox 225 3784 382 3825">
     <span class='ocr_line' id='line_1_57' title="bbox 225 3784 382 3825; baseline 0.006 -2"><span class='ocrx_word' id='word_1_393' title='bbox 225 3784 316 3824; x_wconf 74' lang='lat' dir='ltr'><strong>thala</strong></span> <span class='ocrx_word' id='word_1_394' title='bbox 338 3785 382 3825; x_wconf 83' lang='lat' dir='ltr'><strong>t&#39;1.</strong></span> 
     </span>
    </p>
   </div>
   <div class='ocr_carea' id='block_1_24' title="bbox 85 3873 726 4651">
    <p class='ocr_par' dir='ltr' id='par_1_25' title="bbox 85 3873 725 3945">
     <span class='ocr_line' id='line_1_58' title="bbox 85 3873 725 3945; baseline 0.006 -19"><span class='ocrx_word' id='word_1_395' title='bbox 85 3887 105 3927; x_wconf 82' lang='lat' dir='ltr'><strong>ie</strong></span> <span class='ocrx_word' id='word_1_396' title='bbox 122 3873 205 3928; x_wconf 85' lang='lat' dir='ltr'><strong>Deris.</strong></span> <span class='ocrx_word' id='word_1_397' title='bbox 224 3875 311 3944; x_wconf 87' lang='lat' dir='ltr'><strong>Cujus</strong></span> <span class='ocrx_word' id='word_1_398' title='bbox 334 3890 386 3929; x_wconf 89' lang='lat' dir='ltr'><strong>nos</strong></span> <span class='ocrx_word' id='word_1_399' title='bbox 402 3874 597 3930; x_wconf 88' lang='lat' dir='ltr'><strong>misericordia</strong></span> <span class='ocrx_word' id='word_1_400' title='bbox 618 3890 725 3945; x_wconf 75' lang='lat' dir='ltr'><strong>praeve·</strong></span> 
     </span>
    </p>

    <p class='ocr_par' dir='ltr' id='par_1_26' title="bbox 85 3963 726 4651">
     <span class='ocr_line' id='line_1_59' title="bbox 101 3963 726 4035; baseline 0.006 -21"><span class='ocrx_word' id='word_1_401' title='bbox 101 3976 234 4030; x_wconf 87' lang='lat' dir='ltr'><strong>agamus;</strong></span> <span class='ocrx_word' id='word_1_402' title='bbox 256 3963 449 4035; x_wconf 83' lang='lat' dir='ltr'><strong>subsequitur,</strong></span> <span class='ocrx_word' id='word_1_403' title='bbox 477 3980 513 4018; x_wconf 88' lang='lat' dir='ltr'><strong>ne</strong></span> <span class='ocrx_word' id='word_1_404' title='bbox 533 3964 638 4019; x_wconf 84' lang='lat' dir='ltr'><strong>frustra</strong></span> <span class='ocrx_word' id='word_1_405' title='bbox 661 3980 726 4035; x_wconf 89' lang='lat' dir='ltr'><strong>aga·</strong></span> 
     </span>
     <span class='ocr_line' id='line_1_60' title="bbox 85 4047 724 4125; baseline 0.008 -23"><span class='ocrx_word' id='word_1_406' title='bbox 85 4048 103 4103; x_wconf 87' lang='lat' dir='ltr'><strong>it</strong></span> <span class='ocrx_word' id='word_1_407' title='bbox 124 4047 325 4114; x_wconf 87' lang='lat' dir='ltr'><strong>intentionem,</strong></span> <span class='ocrx_word' id='word_1_408' title='bbox 344 4069 401 4123; x_wconf 91' lang='lat' dir='ltr'><strong>qua</strong></span> <span class='ocrx_word' id='word_1_409' title='bbox 416 4054 449 4106; x_wconf 89' lang='lat' dir='ltr'><strong>ad</strong></span> <span class='ocrx_word' id='word_1_410' title='bbox 464 4054 542 4107; x_wconf 92' lang='lat' dir='ltr'><strong>bona</strong></span> <span class='ocrx_word' id='word_1_411' title='bbox 555 4068 642 4122; x_wconf 89' lang='lat' dir='ltr'><strong>opera</strong></span> <span class='ocrx_word' id='word_1_412' title='bbox 658 4069 724 4125; x_wconf 90' lang='lat' dir='ltr'><strong>per·</strong></span> 
     </span>
     <span class='ocr_line' id='line_1_61' title="bbox 85 4138 725 4213; baseline 0.006 -21"><span class='ocrx_word' id='word_1_413' title='bbox 85 4138 239 4206; x_wconf 89' lang='lat' dir='ltr'><strong>lescamus;</strong></span> <span class='ocrx_word' id='word_1_414' title='bbox 264 4140 366 4194; x_wconf 88' lang='lat' dir='ltr'><strong>tribuit</strong></span> <span class='ocrx_word' id='word_1_415' title='bbox 390 4141 557 4206; x_wconf 79' lang='lat' dir='ltr'><strong>efficaciam,</strong></span> <span class='ocrx_word' id='word_1_416' title='bbox 583 4157 641 4213; x_wconf 84' lang='lat' dir='ltr'><strong>qua</strong></span> <span class='ocrx_word' id='word_1_417' title='bbox 664 4142 725 4196; x_wconf 79' lang='lat' dir='ltr'><strong>haec</strong></span> 
     </span>
     <span class='ocr_line' id='line_1_62' title="bbox 85 4228 724 4299; baseline 0.002 -19"><span class='ocrx_word' id='word_1_418' title='bbox 85 4243 96 4280; x_wconf 88' lang='lat'>1</span> <span class='ocrx_word' id='word_1_419' title='bbox 124 4229 278 4299; x_wconf 89' lang='lat' dir='ltr'><strong>perducere</strong></span> <span class='ocrx_word' id='word_1_420' title='bbox 294 4229 448 4283; x_wconf 86' lang='lat' dir='ltr'><strong>valeamus.</strong></span> <span class='ocrx_word' id='word_1_421' title='bbox 474 4229 563 4282; x_wconf 74' lang='lat' dir='ltr'><strong>Totam</strong></span> <span class='ocrx_word' id='word_1_422' title='bbox 587 4242 655 4297; x_wconf 88' lang='lat' dir='ltr'><strong>ergo</strong></span> <span class='ocrx_word' id='word_1_423' title='bbox 670 4228 724 4281; x_wconf 90' lang='lat' dir='ltr'><strong>cle-</strong></span> 
     </span>
     <span class='ocr_line' id='line_1_63' title="bbox 85 4316 722 4385; baseline 0 -17"><span class='ocrx_word' id='word_1_424' title='bbox 85 4317 182 4369; x_wconf 85' lang='lat' dir='ltr'><strong>elessis</strong></span> <span class='ocrx_word' id='word_1_425' title='bbox 197 4317 311 4370; x_wconf 82' lang='lat' dir='ltr'><strong>vocibus</strong></span> <span class='ocrx_word' id='word_1_426' title='bbox 326 4317 518 4383; x_wconf 87' lang='lat' dir='ltr'><strong>obsecramus,</strong></span> <span class='ocrx_word' id='word_1_427' title='bbox 537 4323 567 4371; x_wconf 89' lang='lat' dir='ltr'><strong>ut</strong></span> <span class='ocrx_word' id='word_1_428' title='bbox 582 4331 632 4368; x_wconf 91' lang='lat' dir='ltr'><strong>nos</strong></span> <span class='ocrx_word' id='word_1_429' title='bbox 647 4316 722 4385; x_wconf 88' lang='lat' dir='ltr'><strong>jeju-</strong></span> 
     </span>
     <span class='ocr_line' id='line_1_64' title="bbox 87 4404 723 4474; baseline 0 -17"><span class='ocrx_word' id='word_1_430' title='bbox 87 4419 104 4457; x_wconf 93' lang='lat' dir='ltr'><strong>a</strong></span> <span class='ocrx_word' id='word_1_431' title='bbox 124 4407 247 4474; x_wconf 86' lang='lat' dir='ltr'><strong>peccatis</strong></span> <span class='ocrx_word' id='word_1_432' title='bbox 271 4406 432 4472; x_wconf 88' lang='lat' dir='ltr'><strong>mundatos,</strong></span> <span class='ocrx_word' id='word_1_433' title='bbox 462 4406 497 4459; x_wconf 90' lang='lat' dir='ltr'><strong>ad</strong></span> <span class='ocrx_word' id='word_1_434' title='bbox 523 4404 723 4459; x_wconf 84' lang='lat' dir='ltr'><strong>celebrandam</strong></span> 
     </span>
     <span class='ocr_line' id='line_1_65' title="bbox 88 4491 724 4563; baseline 0.002 -18"><span class='ocrx_word' id='word_1_435' title='bbox 88 4491 97 4545; x_wconf 94' lang='lat' dir='ltr'><strong>i</strong></span> <span class='ocrx_word' id='word_1_436' title='bbox 112 4493 153 4546; x_wconf 90' lang='lat' dir='ltr'><strong>tui</strong></span> <span class='ocrx_word' id='word_1_437' title='bbox 167 4493 281 4547; x_wconf 88' lang='lat' dir='ltr'><strong>Domini</strong></span> <span class='ocrx_word' id='word_1_438' title='bbox 296 4493 386 4547; x_wconf 88' lang='lat' dir='ltr'><strong>nostri</strong></span> <span class='ocrx_word' id='word_1_439' title='bbox 401 4493 564 4563; x_wconf 87' lang='lat' dir='ltr'><strong>passionem</strong></span> <span class='ocrx_word' id='word_1_440' title='bbox 579 4492 665 4546; x_wconf 88' lang='lat' dir='ltr'><strong>iacias</strong></span> <span class='ocrx_word' id='word_1_441' title='bbox 676 4492 724 4546; x_wconf 89' lang='lat' dir='ltr'><strong>de·</strong></span> 
     </span>
     <span class='ocr_line' id='line_1_66' title="bbox 85 4582 341 4651; baseline 0.004 -17"><span class='ocrx_word' id='word_1_442' title='bbox 85 4596 136 4634; x_wconf 84' lang='lat' dir='ltr'><strong>iem</strong></span> <span class='ocrx_word' id='word_1_443' title='bbox 153 4582 341 4651; x_wconf 85' lang='lat' dir='ltr'><strong>majestatem.</strong></span> 
     </span>
    </p>
   </div>
   <div class='ocr_carea' id='block_1_25' title="bbox 222 4701 375 4742">
    <p class='ocr_par' dir='ltr' id='par_1_27' title="bbox 222 4701 375 4742">
     <span class='ocr_line' id='line_1_67' title="bbox 222 4701 375 4742; baseline 0 -2"><span class='ocrx_word' id='word_1_444' title='bbox 222 4701 375 4742; x_wconf 73' lang='lat' dir='ltr'><strong>SABBATO.</strong></span> 
     </span>
    </p>
   </div>
   <div class='ocr_carea' id='block_1_26' title="bbox 85 4792 723 5290">
    <p class='ocr_par' dir='ltr' id='par_1_28' title="bbox 85 4792 723 5290">
     <span class='ocr_line' id='line_1_68' title="bbox 85 4792 723 4862; baseline 0 -18"><span class='ocrx_word' id='word_1_445' title='bbox 85 4807 111 4845; x_wconf 83' lang='lat' dir='ltr'><strong>re</strong></span> <span class='ocrx_word' id='word_1_446' title='bbox 136 4792 220 4846; x_wconf 87' lang='lat' dir='ltr'><strong>Deus.</strong></span> <span class='ocrx_word' id='word_1_447' title='bbox 250 4793 337 4862; x_wconf 90' lang='lat' dir='ltr'><strong>Cujus</strong></span> <span class='ocrx_word' id='word_1_448' title='bbox 360 4808 410 4846; x_wconf 90' lang='lat' dir='ltr'><strong>nos</strong></span> <span class='ocrx_word' id='word_1_449' title='bbox 431 4792 500 4847; x_wconf 87' lang='lat' dir='ltr'><strong>fides</strong></span> <span class='ocrx_word' id='word_1_450' title='bbox 519 4792 632 4857; x_wconf 86' lang='lat' dir='ltr'><strong>excitat,</strong></span> <span class='ocrx_word' id='word_1_451' title='bbox 658 4807 723 4861; x_wconf 91' lang='lat' dir='ltr'><strong>spes</strong></span> 
     </span>
     <span class='ocr_line' id='line_1_69' title="bbox 85 4879 722 4951; baseline 0.005 -21"><span class='ocrx_word' id='word_1_452' title='bbox 85 4896 118 4933; x_wconf 89' lang='lat' dir='ltr'><strong>as</strong></span> <span class='ocrx_word' id='word_1_453' title='bbox 130 4879 239 4951; x_wconf 86' lang='lat' dir='ltr'><strong>jungit;</strong></span> <span class='ocrx_word' id='word_1_454' title='bbox 256 4882 338 4950; x_wconf 84' lang='lat' dir='ltr'><strong>cujus</strong></span> <span class='ocrx_word' id='word_1_455' title='bbox 356 4880 503 4934; x_wconf 88' lang='lat' dir='ltr'><strong>miseratio</strong></span> <span class='ocrx_word' id='word_1_456' title='bbox 529 4880 652 4949; x_wconf 88' lang='lat' dir='ltr'><strong>gratuita</strong></span> <span class='ocrx_word' id='word_1_457' title='bbox 667 4894 722 4948; x_wconf 89' lang='lat' dir='ltr'><strong>pu·</strong></span> 
     </span>
     <span class='ocr_line' id='line_1_70' title="bbox 97 4968 723 5038; baseline -0.002 -16"><span class='ocrx_word' id='word_1_458' title='bbox 97 4969 280 5023; x_wconf 77' lang='lat' dir='ltr'><strong>conscientiae</strong></span> <span class='ocrx_word' id='word_1_459' title='bbox 305 4975 400 5023; x_wconf 86' lang='lat' dir='ltr'><strong>reatus</strong></span> <span class='ocrx_word' id='word_1_460' title='bbox 426 4975 549 5023; x_wconf 88' lang='lat' dir='ltr'><strong>accusat.</strong></span> <span class='ocrx_word' id='word_1_461' title='bbox 572 4969 609 5023; x_wconf 82' lang='lat' dir='ltr'><strong>Te</strong></span> <span class='ocrx_word' id='word_1_462' title='bbox 634 4968 723 5038; x_wconf 87' lang='lat' dir='ltr'><strong>igitur</strong></span> 
     </span>
     <span class='ocr_line' id='line_1_71' title="bbox 85 5056 721 5128; baseline -0.002 -17"><span class='ocrx_word' id='word_1_463' title='bbox 85 5057 176 5128; x_wconf 88' lang='lat' dir='ltr'><strong>rugitu</strong></span> <span class='ocrx_word' id='word_1_464' title='bbox 189 5057 387 5126; x_wconf 86' lang='lat' dir='ltr'><strong>deprecamur,</strong></span> <span class='ocrx_word' id='word_1_465' title='bbox 399 5062 431 5111; x_wconf 92' lang='lat' dir='ltr'><strong>ut</strong></span> <span class='ocrx_word' id='word_1_466' title='bbox 443 5058 564 5111; x_wconf 89' lang='lat' dir='ltr'><strong>carnalis</strong></span> <span class='ocrx_word' id='word_1_467' title='bbox 577 5056 721 5111; x_wconf 78' lang='lat' dir='ltr'><strong>alimoniae</strong></span> 
     </span>
     <span class='ocr_line' id='line_1_72' title="bbox 98 5144 721 5216; baseline -0.002 -18"><span class='ocrx_word' id='word_1_468' title='bbox 98 5145 247 5216; x_wconf 87' lang='lat' dir='ltr'><strong>castigati,</strong></span> <span class='ocrx_word' id='word_1_469' title='bbox 281 5147 316 5200; x_wconf 91' lang='lat' dir='ltr'><strong>ad</strong></span> <span class='ocrx_word' id='word_1_470' title='bbox 350 5145 554 5200; x_wconf 89' lang='lat' dir='ltr'><strong>celebrandum</strong></span> <span class='ocrx_word' id='word_1_471' title='bbox 589 5144 721 5215; x_wconf 87' lang='lat' dir='ltr'><strong>paschale</strong></span> 
     </span>
     <span class='ocr_line' id='line_1_73' title="bbox 85 5233 722 5290; baseline -0.002 -2"><span class='ocrx_word' id='word_1_472' title='bbox 85 5234 252 5289; x_wconf 86' lang='lat' dir='ltr'><strong>nveniamur</strong></span> <span class='ocrx_word' id='word_1_473' title='bbox 276 5233 382 5289; x_wconf 90' lang='lat' dir='ltr'><strong>idonei.</strong></span> <span class='ocrx_word' id='word_1_474' title='bbox 409 5236 462 5289; x_wconf 87' lang='lat' dir='ltr'><strong>Per</strong></span> <span class='ocrx_word' id='word_1_475' title='bbox 486 5233 639 5290; x_wconf 88' lang='lat' dir='ltr'><strong>Christum.</strong></span> <span class='ocrx_word' id='word_1_476' title='bbox 669 5234 722 5287; x_wconf 84' lang='lat' dir='ltr'><strong>Per</strong></span> 
     </span>
    </p>
   </div>
   <div class='ocr_carea' id='block_1_27' title="bbox 85 5501 181 5554">
    <p class='ocr_par' dir='ltr' id='par_1_29' title="bbox 85 5501 181 5554">
     <span class='ocr_line' id='line_1_74' title="bbox 85 5501 181 5554; baseline 0.021 -2"><span class='ocrx_word' id='word_1_477' title='bbox 85 5501 137 5553; x_wconf 77' lang='lat' dir='ltr'><strong>erto</strong></span> <span class='ocrx_word' id='word_1_478' title='bbox 152 5515 181 5554; x_wconf 89' lang='grc' dir='ltr'><strong>ιι.</strong></span> 
     </span>
    </p>
   </div>
   <div class='ocr_carea' id='block_1_28' title="bbox 776 3112 1626 5389">
    <p class='ocr_par' dir='ltr' id='par_1_30' title="bbox 780 3112 1626 3450">
     <span class='ocr_line' id='line_1_75' title="bbox 780 3112 1626 3185; baseline -0.004 -17"><span class='ocrx_word' id='word_1_479' title='bbox 780 3115 834 3168; x_wconf 90' lang='lat' dir='ltr'><strong>Per</strong></span> <span class='ocrx_word' id='word_1_480' title='bbox 858 3128 945 3185; x_wconf 90' lang='lat' dir='ltr'><strong>quern</strong></span> <span class='ocrx_word' id='word_1_481' title='bbox 968 3113 1052 3168; x_wconf 90' lang='lat' dir='ltr'><strong>nobis</strong></span> <span class='ocrx_word' id='word_1_482' title='bbox 1071 3113 1250 3183; x_wconf 85' lang='lat' dir='ltr'><strong>indulgentia</strong></span> <span class='ocrx_word' id='word_1_483' title='bbox 1270 3112 1399 3184; x_wconf 89' lang='lat' dir='ltr'><strong>largitur,</strong></span> <span class='ocrx_word' id='word_1_484' title='bbox 1423 3117 1451 3167; x_wconf 91' lang='lat' dir='ltr'><strong>et</strong></span> <span class='ocrx_word' id='word_1_485' title='bbox 1469 3127 1524 3182; x_wconf 83' lang='lat' dir='ltr'><strong>pax</strong></span> <span class='ocrx_word' id='word_1_486' title='bbox 1540 3126 1626 3165; x_wconf 89' lang='lat' dir='ltr'><strong>omne</strong></span> 
     </span>
     <span class='ocr_line' id='line_1_76' title="bbox 781 3200 1625 3273; baseline -0.002 -17"><span class='ocrx_word' id='word_1_487' title='bbox 781 3202 918 3256; x_wconf 77' lang='lat' dir='ltr'><strong>sarculum</strong></span> <span class='ocrx_word' id='word_1_488' title='bbox 947 3200 1128 3273; x_wconf 79' lang='lat' dir='ltr'><strong>praedicatur,</strong></span> <span class='ocrx_word' id='word_1_489' title='bbox 1158 3201 1280 3257; x_wconf 88' lang='lat' dir='ltr'><strong>traditur</strong></span> <span class='ocrx_word' id='word_1_490' title='bbox 1305 3200 1414 3255; x_wconf 88' lang='lat' dir='ltr'><strong>cunctis</strong></span> <span class='ocrx_word' id='word_1_491' title='bbox 1442 3200 1625 3255; x_wconf 87' lang='lat' dir='ltr'><strong>credentibus</strong></span> 
     </span>
     <span class='ocr_line' id='line_1_77' title="bbox 780 3289 1626 3362; baseline -0.002 -18"><span class='ocrx_word' id='word_1_492' title='bbox 780 3289 942 3361; x_wconf 88' lang='lat' dir='ltr'><strong>disciplina,</strong></span> <span class='ocrx_word' id='word_1_493' title='bbox 964 3295 997 3344; x_wconf 93' lang='lat' dir='ltr'><strong>ut</strong></span> <span class='ocrx_word' id='word_1_494' title='bbox 1018 3289 1206 3344; x_wconf 85' lang='lat' dir='ltr'><strong>sanctificatos</strong></span> <span class='ocrx_word' id='word_1_495' title='bbox 1226 3306 1278 3344; x_wconf 86' lang='lat' dir='ltr'><strong>nos</strong></span> <span class='ocrx_word' id='word_1_496' title='bbox 1299 3289 1388 3362; x_wconf 90' lang='lat' dir='ltr'><strong>possit</strong></span> <span class='ocrx_word' id='word_1_497' title='bbox 1409 3289 1470 3344; x_wconf 91' lang='lat' dir='ltr'><strong>dies</strong></span> <span class='ocrx_word' id='word_1_498' title='bbox 1488 3293 1626 3344; x_wconf 82' lang='lat' dir='ltr'><strong>venturus</strong></span> 
     </span>
     <span class='ocr_line' id='line_1_78' title="bbox 781 3378 1210 3450; baseline -0.005 -16"><span class='ocrx_word' id='word_1_499' title='bbox 781 3379 919 3450; x_wconf 85' lang='lat' dir='ltr'><strong>excipere.</strong></span> <span class='ocrx_word' id='word_1_500' title='bbox 937 3380 969 3434; x_wconf 89' lang='lat' dir='ltr'><strong>Et</strong></span> <span class='ocrx_word' id='word_1_501' title='bbox 983 3378 1048 3435; x_wconf 89' lang='lat' dir='ltr'><strong>ideo</strong></span> <span class='ocrx_word' id='word_1_502' title='bbox 1062 3394 1128 3433; x_wconf 88' lang='lat' dir='ltr'><strong>cnm</strong></span> <span class='ocrx_word' id='word_1_503' title='bbox 1144 3393 1210 3449; x_wconf 90' lang='lat' dir='ltr'><strong>ang.</strong></span> 
     </span>
    </p>

    <p class='ocr_par' dir='ltr' id='par_1_31' title="bbox 1127 3481 1280 3522">
     <span class='ocr_line' id='line_1_79' title="bbox 1127 3481 1280 3522; baseline -0.007 0"><span class='ocrx_word' id='word_1_504' title='bbox 1127 3481 1222 3522; x_wconf 79' lang='lat' dir='ltr'><strong>rema</strong></span> <span class='ocrx_word' id='word_1_505' title='bbox 1245 3482 1280 3521; x_wconf 90' lang='grc' dir='ltr'><strong>ιι.</strong></span> 
     </span>
    </p>

    <p class='ocr_par' dir='ltr' id='par_1_32' title="bbox 779 3553 1625 4156">
     <span class='ocr_line' id='line_1_80' title="bbox 814 3553 1624 3627; baseline -0.001 -18"><span class='ocrx_word' id='word_1_506' title='bbox 814 3554 876 3627; x_wconf 78' lang='grc' dir='ltr'>(Α.)</span> <span class='ocrx_word' id='word_1_507' title='bbox 892 3556 1005 3609; x_wconf 87' lang='lat' dir='ltr'><strong>AEterne</strong></span> <span class='ocrx_word' id='word_1_508' title='bbox 1027 3555 1111 3608; x_wconf 85' lang='lat' dir='ltr'><strong>Deus.</strong></span> <span class='ocrx_word' id='word_1_509' title='bbox 1139 3556 1193 3608; x_wconf 89' lang='lat' dir='ltr'><strong>Per</strong></span> <span class='ocrx_word' id='word_1_510' title='bbox 1218 3554 1360 3610; x_wconf 86' lang='lat' dir='ltr'><strong>Christum</strong></span> <span class='ocrx_word' id='word_1_511' title='bbox 1386 3553 1541 3608; x_wconf 88' lang='lat' dir='ltr'><strong>Dominum</strong></span> <span class='ocrx_word' id='word_1_512' title='bbox 1568 3568 1624 3608; x_wconf 90' lang='lat' dir='ltr'><strong>no·</strong></span> 
     </span>
     <span class='ocr_line' id='line_1_81' title="bbox 779 3641 1624 3713; baseline -0.002 -17"><span class='ocrx_word' id='word_1_513' title='bbox 779 3649 881 3696; x_wconf 88' lang='lat' dir='ltr'><strong>strum.</strong></span> <span class='ocrx_word' id='word_1_514' title='bbox 902 3643 989 3713; x_wconf 90' lang='lat' dir='ltr'><strong>Cujus</strong></span> <span class='ocrx_word' id='word_1_515' title='bbox 1010 3659 1060 3697; x_wconf 90' lang='lat' dir='ltr'><strong>uos</strong></span> <span class='ocrx_word' id='word_1_516' title='bbox 1076 3644 1240 3697; x_wconf 88' lang='lat' dir='ltr'><strong>humanitas</strong></span> <span class='ocrx_word' id='word_1_517' title='bbox 1262 3643 1381 3713; x_wconf 81' lang='lat' dir='ltr'><strong>colligit,</strong></span> <span class='ocrx_word' id='word_1_518' title='bbox 1398 3641 1546 3697; x_wconf 86' lang='lat' dir='ltr'><strong>humilitas</strong></span> <span class='ocrx_word' id='word_1_519' title='bbox 1568 3641 1624 3696; x_wconf 92' lang='lat' dir='ltr'><strong>eri·</strong></span> 
     </span>
     <span class='ocr_line' id='line_1_82' title="bbox 779 3730 1624 3803; baseline 0 -19"><span class='ocrx_word' id='word_1_520' title='bbox 779 3731 831 3803; x_wconf 86' lang='lat' dir='ltr'><strong>git,</strong></span> <span class='ocrx_word' id='word_1_521' title='bbox 852 3730 968 3786; x_wconf 88' lang='lat' dir='ltr'><strong>traditio</strong></span> <span class='ocrx_word' id='word_1_522' title='bbox 987 3732 1118 3799; x_wconf 85' lang='lat' dir='ltr'><strong>absolvit,</strong></span> <span class='ocrx_word' id='word_1_523' title='bbox 1138 3747 1222 3802; x_wconf 87' lang='lat' dir='ltr'><strong>poena</strong></span> <span class='ocrx_word' id='word_1_524' title='bbox 1242 3731 1368 3799; x_wconf 88' lang='lat' dir='ltr'><strong>redimit,</strong></span> <span class='ocrx_word' id='word_1_525' title='bbox 1388 3747 1456 3785; x_wconf 84' lang='lat' dir='ltr'><strong>crux</strong></span> <span class='ocrx_word' id='word_1_526' title='bbox 1475 3730 1624 3800; x_wconf 87' lang='lat' dir='ltr'><strong>salvificat,</strong></span> 
     </span>
     <span class='ocr_line' id='line_1_83' title="bbox 780 3819 1625 3891; baseline 0.001 -19"><span class='ocrx_word' id='word_1_527' title='bbox 780 3819 894 3890; x_wconf 90' lang='lat' dir='ltr'><strong>sanguis</strong></span> <span class='ocrx_word' id='word_1_528' title='bbox 907 3820 1057 3887; x_wconf 89' lang='lat' dir='ltr'><strong>emaculat,</strong></span> <span class='ocrx_word' id='word_1_529' title='bbox 1072 3835 1137 3874; x_wconf 89' lang='lat' dir='ltr'><strong>caro</strong></span> <span class='ocrx_word' id='word_1_530' title='bbox 1153 3819 1275 3891; x_wconf 88' lang='lat' dir='ltr'><strong>saginat.</strong></span> <span class='ocrx_word' id='word_1_531' title='bbox 1290 3822 1344 3875; x_wconf 84' lang='lat' dir='ltr'><strong>Per</strong></span> <span class='ocrx_word' id='word_1_532' title='bbox 1358 3835 1444 3890; x_wconf 89' lang='lat' dir='ltr'><strong>quem</strong></span> <span class='ocrx_word' id='word_1_533' title='bbox 1458 3824 1495 3887; x_wconf 87' lang='lat' dir='ltr'><strong>te,</strong></span> <span class='ocrx_word' id='word_1_534' title='bbox 1512 3835 1625 3873; x_wconf 90' lang='lat' dir='ltr'><strong>summe</strong></span> 
     </span>
     <span class='ocr_line' id='line_1_84' title="bbox 779 3906 1625 3979; baseline 0 -18"><span class='ocrx_word' id='word_1_535' title='bbox 779 3909 872 3974; x_wconf 85' lang='lat' dir='ltr'><strong>Pater,</strong></span> <span class='ocrx_word' id='word_1_536' title='bbox 894 3924 959 3962; x_wconf 88' lang='lat' dir='ltr'><strong>cum</strong></span> <span class='ocrx_word' id='word_1_537' title='bbox 978 3907 1155 3979; x_wconf 89' lang='lat' dir='ltr'><strong>jejuniorum</strong></span> <span class='ocrx_word' id='word_1_538' title='bbox 1179 3907 1317 3979; x_wconf 87' lang='lat' dir='ltr'><strong>obsequio</strong></span> <span class='ocrx_word' id='word_1_539' title='bbox 1338 3906 1520 3962; x_wconf 88' lang='lat' dir='ltr'><strong>obsecramus</strong></span> <span class='ocrx_word' id='word_1_540' title='bbox 1536 3910 1566 3959; x_wconf 89' lang='lat' dir='ltr'><strong>nt</strong></span> <span class='ocrx_word' id='word_1_541' title='bbox 1590 3907 1625 3961; x_wconf 91' lang='lat' dir='ltr'><strong>ad</strong></span> 
     </span>
     <span class='ocr_line' id='line_1_85' title="bbox 779 3993 1624 4067; baseline -0.004 -16"><span class='ocrx_word' id='word_1_542' title='bbox 779 3998 841 4067; x_wconf 84' lang='lat' dir='ltr'><strong>ejus</strong></span> <span class='ocrx_word' id='word_1_543' title='bbox 873 3996 1073 4052; x_wconf 89' lang='lat' dir='ltr'><strong>celebrandam</strong></span> <span class='ocrx_word' id='word_1_544' title='bbox 1095 3995 1258 4067; x_wconf 86' lang='lat' dir='ltr'><strong>passionem</strong></span> <span class='ocrx_word' id='word_1_545' title='bbox 1291 3995 1448 4066; x_wconf 84' lang='lat' dir='ltr'><strong>purificatis</strong></span> <span class='ocrx_word' id='word_1_546' title='bbox 1478 3993 1624 4063; x_wconf 86' lang='lat' dir='ltr'><strong>mentibus</strong></span> 
     </span>
     <span class='ocr_line' id='line_1_86' title="bbox 779 4086 1134 4156; baseline -0.003 -16"><span class='ocrx_word' id='word_1_547' title='bbox 779 4086 954 4141; x_wconf 83' lang='lat' dir='ltr'><strong>accedamus.</strong></span> <span class='ocrx_word' id='word_1_548' title='bbox 970 4087 1024 4139; x_wconf 88' lang='lat' dir='ltr'><strong>Per</strong></span> <span class='ocrx_word' id='word_1_549' title='bbox 1038 4100 1134 4156; x_wconf 89' lang='lat' dir='ltr'><strong>quem.</strong></span> 
     </span>
    </p>

    <p class='ocr_par' dir='ltr' id='par_1_33' title="bbox 1119 4188 1285 4228">
     <span class='ocr_line' id='line_1_87' title="bbox 1119 4188 1285 4228; baseline 0 0"><span class='ocrx_word' id='word_1_550' title='bbox 1119 4188 1212 4228; x_wconf 77' lang='lat' dir='ltr'><strong>seura</strong></span> <span class='ocrx_word' id='word_1_551' title='bbox 1236 4188 1285 4228; x_wconf 88' lang='grc' dir='ltr'><strong>ιιι.</strong></span> 
     </span>
    </p>

    <p class='ocr_par' dir='ltr' id='par_1_34' title="bbox 777 4259 1624 5040">
     <span class='ocr_line' id='line_1_88' title="bbox 815 4259 1622 4333; baseline -0.006 -16"><span class='ocrx_word' id='word_1_552' title='bbox 815 4261 875 4333; x_wconf 78' lang='grc' dir='ltr'>(Α.)</span> <span class='ocrx_word' id='word_1_553' title='bbox 891 4263 1004 4316; x_wconf 81' lang='lat' dir='ltr'><strong>AEtaruc</strong></span> <span class='ocrx_word' id='word_1_554' title='bbox 1032 4263 1116 4317; x_wconf 81' lang='lat' dir='ltr'><strong>Deris.</strong></span> <span class='ocrx_word' id='word_1_555' title='bbox 1146 4263 1198 4316; x_wconf 86' lang='lat' dir='ltr'><strong>Per</strong></span> <span class='ocrx_word' id='word_1_556' title='bbox 1221 4261 1365 4317; x_wconf 90' lang='lat' dir='ltr'><strong>Christum</strong></span> <span class='ocrx_word' id='word_1_557' title='bbox 1392 4259 1547 4315; x_wconf 87' lang='lat' dir='ltr'><strong>Dominum</strong></span> <span class='ocrx_word' id='word_1_558' title='bbox 1573 4275 1622 4312; x_wconf 92' lang='lat' dir='ltr'><strong>no·</strong></span> 
     </span>
     <span class='ocr_line' id='line_1_89' title="bbox 778 4344 1624 4420; baseline -0.005 -15"><span class='ocrx_word' id='word_1_559' title='bbox 778 4356 879 4405; x_wconf 88' lang='lat' dir='ltr'><strong>strum.</strong></span> <span class='ocrx_word' id='word_1_560' title='bbox 905 4352 992 4420; x_wconf 86' lang='lat' dir='ltr'><strong>Cujus</strong></span> <span class='ocrx_word' id='word_1_561' title='bbox 1018 4346 1173 4404; x_wconf 79' lang='lat' dir='ltr'><strong>salutiferae</strong></span> <span class='ocrx_word' id='word_1_562' title='bbox 1201 4349 1340 4420; x_wconf 87' lang='lat' dir='ltr'><strong>passionis</strong></span> <span class='ocrx_word' id='word_1_563' title='bbox 1368 4353 1397 4403; x_wconf 91' lang='lat' dir='ltr'><strong>et</strong></span> <span class='ocrx_word' id='word_1_564' title='bbox 1423 4347 1554 4419; x_wconf 78' lang='lat' dir='ltr'><strong>gloriosa</strong></span> <span class='ocrx_word' id='word_1_565' title='bbox 1578 4344 1624 4401; x_wconf 86' lang='lat' dir='ltr'><strong>re‘·</strong></span> 
     </span>
     <span class='ocr_line' id='line_1_90' title="bbox 778 4436 1624 4511; baseline -0.005 -17"><span class='ocrx_word' id='word_1_566' title='bbox 778 4440 962 4494; x_wconf 85' lang='lat' dir='ltr'><strong>surrectionis</strong></span> <span class='ocrx_word' id='word_1_567' title='bbox 977 4439 1036 4494; x_wconf 91' lang='lat' dir='ltr'><strong>dies</strong></span> <span class='ocrx_word' id='word_1_568' title='bbox 1052 4439 1284 4511; x_wconf 86' lang='lat' dir='ltr'><strong>appropinquare</strong></span> <span class='ocrx_word' id='word_1_569' title='bbox 1297 4444 1464 4503; x_wconf 84' lang='lat' dir='ltr'><strong>noscuntur,</strong></span> <span class='ocrx_word' id='word_1_570' title='bbox 1476 4436 1506 4491; x_wconf 95' lang='lat' dir='ltr'><strong>in</strong></span> <span class='ocrx_word' id='word_1_571' title='bbox 1520 4436 1624 4505; x_wconf 90' lang='lat' dir='ltr'><strong>quibus</strong></span> 
     </span>
     <span class='ocr_line' id='line_1_91' title="bbox 778 4527 1624 4598; baseline -0.006 -15"><span class='ocrx_word' id='word_1_572' title='bbox 778 4534 807 4583; x_wconf 89' lang='lat' dir='ltr'><strong>et</strong></span> <span class='ocrx_word' id='word_1_573' title='bbox 826 4528 938 4598; x_wconf 88' lang='lat' dir='ltr'><strong>antiqui</strong></span> <span class='ocrx_word' id='word_1_574' title='bbox 962 4528 1052 4583; x_wconf 89' lang='lat' dir='ltr'><strong>hostis</strong></span> <span class='ocrx_word' id='word_1_575' title='bbox 1076 4527 1210 4597; x_wconf 88' lang='lat' dir='ltr'><strong>superbia</strong></span> <span class='ocrx_word' id='word_1_576' title='bbox 1235 4527 1441 4596; x_wconf 88' lang='lat' dir='ltr'><strong>triumphatur,</strong></span> <span class='ocrx_word' id='word_1_577' title='bbox 1466 4531 1495 4580; x_wconf 85' lang='lat' dir='ltr'><strong>et</strong></span> <span class='ocrx_word' id='word_1_578' title='bbox 1517 4529 1624 4578; x_wconf 80' lang='lat' dir='ltr'><strong>nostran</strong></span> 
     </span>
     <span class='ocr_line' id='line_1_92' title="bbox 777 4613 1624 4686; baseline -0.005 -15"><span class='ocrx_word' id='word_1_579' title='bbox 777 4616 985 4686; x_wconf 87' lang='lat' dir='ltr'><strong>redemptionis</strong></span> <span class='ocrx_word' id='word_1_580' title='bbox 999 4614 1159 4670; x_wconf 86' lang='lat' dir='ltr'><strong>celebratur</strong></span> <span class='ocrx_word' id='word_1_581' title='bbox 1178 4613 1357 4686; x_wconf 84' lang='lat' dir='ltr'><strong>mysterium.</strong></span> <span class='ocrx_word' id='word_1_582' title='bbox 1380 4615 1459 4670; x_wconf 90' lang='lat' dir='ltr'><strong>Unde</strong></span> <span class='ocrx_word' id='word_1_583' title='bbox 1481 4613 1624 4685; x_wconf 87' lang='lat' dir='ltr'><strong>poscimus</strong></span> 
     </span>
     <span class='ocr_line' id='line_1_93' title="bbox 777 4702 1622 4760; baseline -0.006 -1"><span class='ocrx_word' id='word_1_584' title='bbox 777 4710 858 4760; x_wconf 89' lang='lat' dir='ltr'><strong>tuam</strong></span> <span class='ocrx_word' id='word_1_585' title='bbox 869 4704 1041 4758; x_wconf 89' lang='lat' dir='ltr'><strong>immensam</strong></span> <span class='ocrx_word' id='word_1_586' title='bbox 1056 4702 1237 4757; x_wconf 88' lang='lat' dir='ltr'><strong>clementiam</strong></span> <span class='ocrx_word' id='word_1_587' title='bbox 1253 4707 1285 4756; x_wconf 89' lang='lat' dir='ltr'><strong>ut</strong></span> <span class='ocrx_word' id='word_1_588' title='bbox 1297 4702 1369 4756; x_wconf 88' lang='lat' dir='ltr'><strong>sicut</strong></span> <span class='ocrx_word' id='word_1_589' title='bbox 1382 4704 1412 4757; x_wconf 90' lang='lat' dir='ltr'><strong>in</strong></span> <span class='ocrx_word' id='word_1_590' title='bbox 1432 4719 1465 4756; x_wconf 91' lang='lat' dir='ltr'><strong>eo</strong></span> <span class='ocrx_word' id='word_1_591' title='bbox 1479 4703 1539 4756; x_wconf 90' lang='lat' dir='ltr'><strong>solo</strong></span> <span class='ocrx_word' id='word_1_592' title='bbox 1554 4717 1622 4756; x_wconf 90' lang='lat' dir='ltr'><strong>con-</strong></span> 
     </span>
     <span class='ocr_line' id='line_1_94' title="bbox 777 4790 1623 4861; baseline -0.004 -14"><span class='ocrx_word' id='word_1_593' title='bbox 777 4793 852 4847; x_wconf 89' lang='lat' dir='ltr'><strong>sistit</strong></span> <span class='ocrx_word' id='word_1_594' title='bbox 866 4792 953 4847; x_wconf 87' lang='lat' dir='ltr'><strong>totius</strong></span> <span class='ocrx_word' id='word_1_595' title='bbox 967 4796 1071 4845; x_wconf 79' lang='lat' dir='ltr'><strong>nostra</strong></span> <span class='ocrx_word' id='word_1_596' title='bbox 1088 4791 1250 4845; x_wconf 86' lang='lat' dir='ltr'><strong>salvationis</strong></span> <span class='ocrx_word' id='word_1_597' title='bbox 1273 4806 1393 4852; x_wconf 80' lang='lat' dir='ltr'><strong>stimma,</strong></span> <span class='ocrx_word' id='word_1_598' title='bbox 1416 4790 1458 4845; x_wconf 90' lang='lat' dir='ltr'><strong>ite</strong></span> <span class='ocrx_word' id='word_1_599' title='bbox 1478 4806 1530 4861; x_wconf 90' lang='lat' dir='ltr'><strong>per</strong></span> <span class='ocrx_word' id='word_1_600' title='bbox 1556 4806 1623 4845; x_wconf 88' lang='lat' dir='ltr'><strong>eum</strong></span> 
     </span>
     <span class='ocr_line' id='line_1_95' title="bbox 777 4877 1622 4951; baseline -0.002 -17"><span class='ocrx_word' id='word_1_601' title='bbox 777 4880 828 4934; x_wconf 91' lang='lat' dir='ltr'><strong>tibi</strong></span> <span class='ocrx_word' id='word_1_602' title='bbox 843 4879 880 4935; x_wconf 91' lang='lat' dir='ltr'><strong>sit</strong></span> <span class='ocrx_word' id='word_1_603' title='bbox 895 4878 1074 4951; x_wconf 86' lang='lat' dir='ltr'><strong>jejuniorum</strong></span> <span class='ocrx_word' id='word_1_604' title='bbox 1096 4882 1124 4933; x_wconf 90' lang='lat' dir='ltr'><strong>et</strong></span> <span class='ocrx_word' id='word_1_605' title='bbox 1140 4882 1254 4932; x_wconf 74' lang='lat' dir='ltr'><strong>satiram</strong></span> <span class='ocrx_word' id='word_1_606' title='bbox 1271 4884 1436 4932; x_wconf 90' lang='lat' dir='ltr'><strong>nostrorum</strong></span> <span class='ocrx_word' id='word_1_607' title='bbox 1453 4893 1568 4949; x_wconf 90' lang='lat' dir='ltr'><strong>semper</strong></span> <span class='ocrx_word' id='word_1_608' title='bbox 1581 4877 1622 4932; x_wconf 85' lang='lat' dir='ltr'><strong>vi-</strong></span> 
     </span>
     <span class='ocr_line' id='line_1_96' title="bbox 777 4967 1154 5040; baseline -0.003 -17"><span class='ocrx_word' id='word_1_609' title='bbox 777 4969 863 5023; x_wconf 86' lang='lat' dir='ltr'><strong>ctima</strong></span> <span class='ocrx_word' id='word_1_610' title='bbox 879 4974 969 5040; x_wconf 85' lang='lat' dir='ltr'><strong>grata.</strong></span> <span class='ocrx_word' id='word_1_611' title='bbox 986 4967 1039 5022; x_wconf 84' lang='lat' dir='ltr'><strong>Per</strong></span> <span class='ocrx_word' id='word_1_612' title='bbox 1053 4983 1154 5038; x_wconf 90' lang='lat' dir='ltr'><strong>quem.</strong></span> 
     </span>
    </p>

    <p class='ocr_par' dir='ltr' id='par_1_35' title="bbox 1120 5070 1279 5111">
     <span class='ocr_line' id='line_1_97' title="bbox 1120 5070 1279 5111; baseline -0.013 0"><span class='ocrx_word' id='word_1_613' title='bbox 1120 5070 1214 5111; x_wconf 82' lang='lat' dir='ltr'><strong>rania</strong></span> <span class='ocrx_word' id='word_1_614' title='bbox 1236 5071 1279 5110; x_wconf 86' lang='lat' dir='ltr'><strong>iv.</strong></span> 
     </span>
    </p>

    <p class='ocr_par' dir='ltr' id='par_1_36' title="bbox 776 5141 1622 5389">
     <span class='ocr_line' id='line_1_98' title="bbox 812 5141 1621 5216; baseline -0.004 -16"><span class='ocrx_word' id='word_1_615' title='bbox 812 5144 872 5216; x_wconf 79' lang='lat' dir='ltr'><strong>(A.)</strong></span> <span class='ocrx_word' id='word_1_616' title='bbox 896 5145 1010 5198; x_wconf 85' lang='lat' dir='ltr'><strong>AEterna</strong></span> <span class='ocrx_word' id='word_1_617' title='bbox 1032 5144 1116 5198; x_wconf 83' lang='lat' dir='ltr'><strong>lteris.</strong></span> <span class='ocrx_word' id='word_1_618' title='bbox 1141 5145 1195 5197; x_wconf 88' lang='lat' dir='ltr'><strong>Per</strong></span> <span class='ocrx_word' id='word_1_619' title='bbox 1219 5143 1361 5197; x_wconf 89' lang='lat' dir='ltr'><strong>Christum</strong></span> <span class='ocrx_word' id='word_1_620' title='bbox 1390 5141 1544 5197; x_wconf 85' lang='lat' dir='ltr'><strong>nominum</strong></span> <span class='ocrx_word' id='word_1_621' title='bbox 1570 5159 1621 5197; x_wconf 90' lang='lat' dir='ltr'><strong>uo·</strong></span> 
     </span>
     <span class='ocr_line' id='line_1_99' title="bbox 776 5229 1619 5302; baseline -0.005 -14"><span class='ocrx_word' id='word_1_622' title='bbox 776 5239 877 5288; x_wconf 86' lang='lat' dir='ltr'><strong>strum.</strong></span> <span class='ocrx_word' id='word_1_623' title='bbox 895 5231 950 5297; x_wconf 82' lang='lat' dir='ltr'><strong>Qui</strong></span> <span class='ocrx_word' id='word_1_624' title='bbox 960 5232 1099 5286; x_wconf 90' lang='lat' dir='ltr'><strong>innocens</strong></span> <span class='ocrx_word' id='word_1_625' title='bbox 1120 5247 1172 5301; x_wconf 91' lang='lat' dir='ltr'><strong>pro</strong></span> <span class='ocrx_word' id='word_1_626' title='bbox 1190 5230 1287 5302; x_wconf 90' lang='lat' dir='ltr'><strong>impiis</strong></span> <span class='ocrx_word' id='word_1_627' title='bbox 1307 5229 1397 5285; x_wconf 86' lang='lat' dir='ltr'><strong>voluit</strong></span> <span class='ocrx_word' id='word_1_628' title='bbox 1417 5230 1487 5301; x_wconf 89' lang='lat' dir='ltr'><strong>pati,</strong></span> <span class='ocrx_word' id='word_1_629' title='bbox 1513 5235 1542 5285; x_wconf 90' lang='lat' dir='ltr'><strong>et</strong></span> <span class='ocrx_word' id='word_1_630' title='bbox 1564 5247 1619 5300; x_wconf 88' lang='lat' dir='ltr'><strong>pro</strong></span> 
     </span>
     <span class='ocr_line' id='line_1_100' title="bbox 776 5318 1622 5389; baseline -0.005 -12"><span class='ocrx_word' id='word_1_631' title='bbox 776 5320 918 5377; x_wconf 85' lang='lat' dir='ltr'><strong>sceleratis</strong></span> <span class='ocrx_word' id='word_1_632' title='bbox 933 5319 1061 5374; x_wconf 89' lang='lat' dir='ltr'><strong>indebite</strong></span> <span class='ocrx_word' id='word_1_633' title='bbox 1087 5318 1283 5375; x_wconf 89' lang='lat' dir='ltr'><strong>condemnari.</strong></span> <span class='ocrx_word' id='word_1_634' title='bbox 1309 5319 1396 5389; x_wconf 89' lang='lat' dir='ltr'><strong>Cujus</strong></span> <span class='ocrx_word' id='word_1_635' title='bbox 1419 5334 1497 5373; x_wconf 91' lang='lat' dir='ltr'><strong>mors</strong></span> <span class='ocrx_word' id='word_1_636' title='bbox 1518 5318 1622 5375; x_wconf 89' lang='lat' dir='ltr'><strong>delicta</strong></span> 
     </span>
    </p>
   </div>
   <div class='ocr_carea' id='block_1_29' title="bbox 811 5499 1167 5571">
    <p class='ocr_par' dir='ltr' id='par_1_37' title="bbox 811 5499 1167 5571">
     <span class='ocr_line' id='line_1_101' title="bbox 811 5499 1167 5571; baseline -0.008 -15"><span class='ocrx_word' id='word_1_637' title='bbox 811 5503 824 5544; x_wconf 74' lang='lat'><strong>1³</strong></span> <span class='ocrx_word' id='word_1_638' title='bbox 845 5499 920 5557; x_wconf 89' lang='lat' dir='ltr'><strong>Ordo</strong></span> <span class='ocrx_word' id='word_1_639' title='bbox 932 5499 1028 5569; x_wconf 78' lang='lat' dir='ltr'><strong>Rom,</strong></span> <span class='ocrx_word' id='word_1_640' title='bbox 1043 5515 1110 5571; x_wconf 88' lang='lat' dir='ltr'><strong>pag.</strong></span> <span class='ocrx_word' id='word_1_641' title='bbox 1123 5500 1167 5555; x_wconf 83' lang='lat'><strong>45.</strong></span> 
     </span>
    </p>
   </div>
   <div class='ocr_carea' id='block_1_30' title="bbox 0 0 1970 6098">
    <p class='ocr_par' dir='ltr' id='par_1_38' title="bbox 0 0 1970 6098">
     <span class='ocr_line' id='line_1_102' title="bbox 0 0 1970 6098; baseline 0 0"><span class='ocrx_word' id='word_1_642' title='bbox 0 0 1970 6098; x_wconf 95' lang='lat' dir='ltr'><strong> </strong></span> 
     </span>
    </p>
   </div>
  </div>
 </body>
</html>
