3930 6098
133 277 179 329 bol
914 278 1100 335 EPlSTOLAE.
1832 286 1883 341 302

132 405 320 479 relinquens,
350 405 529 480 longiuscule
565 407 644 462 diem
679 408 800 464 lucendo
827 408 987 479 protraxit?
1005 408 1093 465 balii
1107 408 1204 465 throni
1220 409 1353 465 manibus
1367 409 1503 466 fabricata
1518 413 1696 481 receptacula
1711 411 1812 469 vulva.
1828 418 1889 468 Au-

133 495 284 561 Quomodo
300 495 387 551 maris
407 496 494 563 undu,
517 496 635 551 fluentia
659 501 770 552 nature
793 512 853 552 suaa
883 497 983 564 oblita,
1037 497 1105 552 diet
1120 497 1197 553 aliud
1214 515 1221 553 :
1240 501 1384 554 Faciamus
1398 501 1530 555 hominem
1543 502 1580 555 ud
1601 503 1792 570 imaginetur?
1813 504 1890 557 umi-

134 584 237 639 srectis
256 585 447 657 marginibus,
470 585 584 657 glaciali
607 585 703 657 rigore
713 586 843 641 solidatis
857 585 984 658 gurgiti·
1038 587 1179 642 titudinem
1198 593 1321 643 uestram
1344 589 1421 656 (Gerr.
1438 590 1528 661 utu).
1557 591 1588 643 Et
1603 596 1632 645 tu
1650 590 1808 663 imaginem
1836 591 1888 647 Dei

133 674 195 741 bus,
212 680 248 729 ut
266 690 366 729 murus
381 673 481 730 tlemus
496 673 596 729 stetit?
614 674 743 739 Qualiter
766 674 857 742 asina,
879 675 983 730 animal
1038 674 1179 730 dicisesse
1195 677 1355 746 pollutam?
1366 676 1666 733 Proevideshomiuem
1679 679 1714 734 ad
1729 679 1886 752 imaginem

133 763 262 834 pecuale,
287 762 428 817 humanas
454 762 508 817 rite
534 763 663 834 loquelas
687 762 843 834 produxit?
874 761 983 827 Quibus
1038 763 1087 818 liei
1106 780 1166 819 esse
1181 765 1337 819 formatum
1353 764 1482 820 lineatim
1498 782 1549 836 per
1565 768 1886 823 membradistinctum:

133 850 695 922 modissolperorelegium·gradibus
713 850 879 921 quindecim
904 857 982 905 retro
1037 856 1065 905 et
1087 851 1117 906 iu
1146 853 1360 924 exprobabilem
1389 853 1459 908 dicis
1488 857 1726 927 naturam,cujus
1758 857 1884 912 divinam

133 956 159 995 se
173 939 283 995 vertit?
298 926 331 995 Et
343 939 414 995 dum
426 939 481 994 ista
499 939 597 994 omnia
611 955 668 994 nou
692 939 909 1001 rationabiliter,
933 938 981 993 sed
1036 941 1177 1012 prospicis
1191 942 1332 997 formam?
1348 943 1404 998 Nec
1416 947 1510 1013 potest
1523 943 1750 999 diceraauimam
1765 946 1801 1000 ad
1813 945 1885 1000 ima·

133 1028 330 1100 potentialiter
352 1029 426 1083 facta
443 1028 622 1099 cognoveris,
646 1027 716 1081 velis
737 1027 814 1082 nolis
839 1029 852 1071 b
875 1027 982 1082 invitus
1036 1028 1133 1099 ginem
1153 1030 1201 1083 Dei
1215 1046 1277 1083 esse
1295 1031 1457 1085 formatam.
1475 1032 1567 1086 Homo
1591 1031 1718 1088 animab
1737 1033 1885 1088 bumodi-

133 1116 248 1172 silentio
263 1117 393 1188 linguam
417 1117 609 1185 constringes.
630 1117 743 1171 Etcum
768 1131 818 1170 ore
845 1116 980 1186 pestifero
1035 1117 1119 1184 citur,
1140 1118 1168 1172 id
1188 1123 1231 1173 est
1249 1123 1335 1185 terra,
1352 1120 1428 1173 uude
1444 1135 1548 1189 corpus
1563 1126 1659 1174 noster
1678 1127 1721 1175 est
1740 1121 1883 1188 conditus,

133 1206 224 1261 multa
247 1206 384 1278 pestifera
408 1205 488 1275 dicis,
512 1206 581 1261 dum
605 1221 657 1276 per
678 1204 830 1276 virginalia
858 1206 982 1259 claustra
1037 1222 1094 1260 nou
1108 1206 1144 1261 ab
1160 1208 1267 1274 anima,
1283 1207 1365 1277 cujus
1390 1207 1533 1279 originem
1551 1209 1647 1263 nullus
1670 1210 1745 1263 norit
1761 1214 1880 1264 creatus.

133 1293 333 1367 pollutumque
349 1299 475 1349 meatum
500 1295 623 1365 propriis
640 1294 724 1349 labiis
734 1293 875 1349 osculasse
898 1294 980 1365 geni·
1034 1295 1073 1347 ιιι
1088 1310 1139 1364 per
1153 1295 1206 1349 hoe
1221 1311 1279 1349 nou
1294 1294 1499 1366 ignominiose,
1518 1300 1550 1350 ut
1565 1302 1595 1351 tu
1609 1297 1722 1362 astruis,
1734 1297 1886 1368 virginalia

132 1382 199 1436 tatia
213 1382 407 1454 ostreisque
431 1382 625 1438 inverecunda
644 1383 738 1438 lroute
761 1398 866 1453 procax
892 1382 980 1455 satius
1034 1382 1154 1454 virginis
1173 1383 1296 1454 propriis
1316 1383 1412 1454 tetigit
1431 1382 1524 1448 labiis,
1548 1385 1595 1437 sed
1620 1384 1756 1455 gloriose,
1788 1389 1820 1439 ut
1833 1401 1885 1441 nos

131 1471 287 1543 protulisti,
302 1471 370 1526 duni
387 1472 485 1525 matris
506 1476 562 1527 tuae
582 1473 761 1543 receptacula
781 1476 810 1526 et
831 1472 911 1526 sinus
932 1471 980 1525 in·
1034 1471 1157 1525 veridico
1182 1472 1313 1536 dicimus,
1331 1472 1547 1526 similitudinem
1572 1472 1621 1526 Dei
1646 1489 1704 1526 uon
1729 1474 1822 1528 solum
1837 1478 1883 1528 te-

132 1566 227 1616 ternos
241 1561 335 1615 vulve
348 1559 551 1615 exsecrabilem
566 1560 742 1631 approbasti.
757 1560 841 1629 Audi,
853 1562 979 1626 sceleste,
1034 1560 1109 1631 tigit,
1138 1561 1187 1615 sed
1215 1561 1273 1614 suis
1298 1559 1406 1631 recepit
1432 1560 1463 1614 iu
1487 1561 1664 1615 membrulis.
1685 1563 1778 1634 Atque
1794 1562 1824 1618 in
1850 1579 1884 1618 ea

131 1655 157 1705 et
177 1650 310 1706 omnium
334 1649 561 1705 exsecrationum
589 1650 634 1704 vel
661 1649 908 1705 abominationum
934 1665 979 1704 re·
1035 1649 1129 1702 lcrma
1147 1650 1177 1704 in
1200 1654 1331 1720 tempore
1351 1648 1429 1702 nasci
1450 1648 1585 1718 dignutus
1611 1653 1663 1717 est,
1688 1649 1718 1705 in
1742 1656 1882 1720 queunte

130 1740 218 1809 plete,
235 1738 353 1810 spiritus
368 1738 528 1806 immunde,
544 1743 572 1794 et
593 1738 736 1794 horrende
761 1744 848 1811 atque
875 1754 928 1809 per
951 1743 979 1793 te
1000 1711 1165 1807 Btempore
1179 1754 1238 1792 uon
1262 1737 1435 1808 specialiter,
1452 1738 1501 1791 sed
1528 1738 1674 1804 usualiter,
1691 1742 1883 1793 monstratum

131 1828 220 1882 Deum
234 1827 332 1880 vivum
345 1826 546 1897 blasphemare
566 1835 620 1881 es⁶
648 1832 789 1894 ausus,et
820 1843 871 1897 per
893 1842 980 1881 vanas
1034 1841 1064 1880 se
1088 1826 1297 1881 esseomuibus
1319 1831 1422 1880 uotum
1447 1830 1512 1880 est:
1537 1827 1669 1897 quiaqui
1692 1826 1881 1898 inprincipio

130 1931 232 1971 vocum
253 1914 394 1971 novitates
419 1920 614 1970 commentare
634 1931 663 1970 es
684 1913 800 1970 dnisus.
832 1920 925 1987 Atque
948 1914 979 1969 in
1034 1914 1182 1970 hominem
1198 1931 1233 1968 ex
1247 1914 1356 1969 cunctis
1371 1914 1470 1969 bestiis
1480 1914 1674 1985 pulchriorem
1702 1915 1798 1985 elegit,
1823 1931 1881 1970 nou

129 2003 230 2077 primis
253 2007 314 2058 toto
338 2018 456 2074 corpore
484 2009 623 2072 tremens,
653 2004 735 2058 funes
765 2009 832 2059 tuos
851 2004 979 2073 eloculos
1033 2002 1169 2058 uisieum
1194 2004 1229 2057 de
1250 2003 1416 2057 consilioad
1434 2019 1514 2057 suani
1533 2003 1691 2074 imaginem
1716 2003 1791 2058 lecit.
1815 2004 1880 2059 liaec

130 2108 209 2148 meos
233 2092 392 2147 maledictis
405 2092 579 2147 elamoribus
595 2092 711 2157 damno,
729 2092 798 2164 quia
816 2092 884 2146 talia
910 2108 978 2163 per·
1033 2097 1135 2147 cuncta
1150 2108 1214 2163 quas
1227 2091 1343 2163 protuli,
1360 2093 1437 2146 salvo
1453 2091 1510 2146 ulio
1525 2108 1621 2158 sensu,
1642 2109 1699 2163 quo
1713 2091 1882 2148 Christianis

131 2186 270 2251 ceperunt
284 2180 427 2252 legendo:
452 2180 568 2236 sienim
592 2181 678 2235 isaias
708 2182 820 2253 polluta
848 2180 923 2236 labia
949 2196 979 2236 se
1033 2185 1154 2236 tractare
1169 2181 1289 2236 insitum
1308 2185 1350 2235 est
1363 2181 1497 2246 diximus,
1520 2184 1552 2235 ut
1564 2181 1696 2235 iudaicus
1711 2180 1882 2236 elideremus

131 2269 235 2324 babere
250 2273 370 2324 testatus
385 2268 504 2340 est(lsu.
519 2287 556 2335 vi,
582 2268 619 2339 5),
636 2269 705 2340 quia
719 2269 749 2324 in
764 2269 857 2324 medio
877 2269 978 2339 populi
1033 2284 1156 2338 errores,
1179 2285 1236 2323 non
1254 2274 1284 2322 ut
1298 2271 1402 2340 dogma
1420 2268 1591 2323 conficerem
1606 2269 1784 2324 Christianis.
1806 2269 1882 2323 Con·

132 2361 241 2431 polluta
254 2359 330 2414 labia
348 2358 480 2414 babentia
495 2358 658 2426 habitabat,
676 2359 746 2431 quid
761 2360 796 2414 de
816 2374 862 2413 me
882 2359 977 2414 diceu-
1033 2358 1153 2412 tumelia
1168 2373 1245 2423 vero,
1265 2374 1352 2429 quam
1368 2357 1397 2412 iu
1416 2361 1505 2413 Deum
1523 2358 1623 2412 intlato
1647 2374 1707 2425 ore,
1723 2357 1880 2412 vesicarum

131 2449 198 2503 dum
216 2453 279 2514 est,
303 2447 353 2519 qui
375 2464 434 2503 nou
458 2449 551 2503 solum
572 2447 674 2503 merito
702 2448 846 2519 exigente,
878 2462 978 2502 verum
1033 2461 1112 2501 more
1130 2450 1273 2516 turgente,
1299 2446 1439 2500 diabolico
1465 2445 1577 2500 afflatus
1605 2445 1718 2516 spiritu,
1735 2447 1880 2501 venenatae

132 2537 217 2592 etiam
235 2536 272 2591 ob
293 2540 357 2591 tuas
373 2534 491 2602 uoeuias,
519 2535 749 2608 frivolorumque
768 2534 979 2590 commentitias
1034 2534 1179 2589 multoties
1201 2534 1377 2604 excerpsisti,
1400 2535 1465 2588 licet
1482 2535 1572 2588 multa
1598 2534 1760 2600 inhonesta,
1788 2538 1816 2588 at
1836 2551 1879 2589 re·

131 2624 252 2690 fabulas,
280 2639 352 2694 quus
390 2623 489 2689 oculis,
520 2624 696 2695 auribusque
722 2624 829 2691 audivi,
851 2624 978 2694 pollutus
1033 2622 1262 2693 sponsiouenon
1286 2622 1373 2693 digua
1392 2623 1547 2686 contiueat,
1573 2626 1670 2677 tamen
1690 2622 1762 2677 nihil
1787 2623 1881 2692 majus

131 2709 275 2765 consisto?
292 2709 349 2775 Vae,
372 2724 426 2776 vce,
442 2725 483 2763 vae
500 2707 564 2772 tibi,
585 2708 672 2763 miser
691 2708 800 2778 infelix,
815 2709 866 2780 qui
888 2707 978 2778 impie
1032 2728 1120 2783 quam
1144 2726 1257 2765 crucem
1272 2713 1315 2765 vel
1343 2716 1476 2776 mortem,
1492 2727 1543 2765 seu
1565 2712 1600 2765 ad
1629 2711 1734 2765 inferos
1758 2712 1879 2765 descen-

127 2798 272 2853 diseutere
287 2797 373 2852 audes
391 2813 477 2870 quem
493 2797 591 2868 digne,
602 2813 706 2869 rogare
731 2814 791 2853 non
812 2798 898 2853 vales.
923 2797 977 2853 Sed
1033 2800 1153 2854 sionem.
1169 2799 1310 2871 designat.
1326 2800 1470 2866 Quodaos
1480 2815 1539 2854 non
1551 2800 1643 2853 solum
1657 2815 1714 2854 non
1726 2815 1876 2870 negamus,

127 2886 176 2941 dic
203 2886 297 2941 mihi:
317 2886 566 2952 adulterantibus,
594 2885 783 2957 atquaveluti
811 2884 879 2956 equi
901 2883 978 2938 insa·
1032 2905 1130 2944 verum
1148 2889 1235 2944 etiam
1250 2890 1287 2943 ad
1306 2904 1355 2944 ore
1375 2904 1457 2943 arum
1473 2892 1587 2958 tropeos
1602 2889 1619 2955 ¹,
1636 2904 1701 2942 cum
1728 2903 1784 2941 uno
1806 2888 1876 2942 ami-

125 2975 243 3030 nieutes
272 2974 307 3029 ad
335 2990 437 3029 uxores
458 2974 656 3045 proximorum
685 2973 913 3044 respicientibus,
942 2987 1131 3066 saccorum
1155 2978 1252 3048 spousi
1267 2978 1346 3031 velut
1361 2975 1488 3031 victricia
1507 2991 1558 3030 seu
1573 2975 1783 3044 triumphantia
1797 2991 1878 3033 arma

118 3062 192 3134 ipso
206 3062 318 3118 incestu
339 3062 521 3119 nascentibus
544 3062 613 3133 quia
627 3077 746 3133 corpora
768 3062 898 3127 fabricat,
923 3059 977 3131 spi·
1030 3068 1209 3132 extollentes,
1230 3066 1363 3130 diximus,
1381 3064 1424 3118 vel
1451 3064 1602 3119 dicemus:
1628 3064 1710 3120 Nobis
1730 3063 1876 3131 obsitqio·

117 3153 259 3224 ritusque
278 3151 371 3207 vitalis
387 3150 507 3207 tribuit?
530 3166 626 3205 noune
645 3149 737 3204 Deus?
751 3150 782 3205 Si
810 3150 884 3204 Datis
906 3165 975 3220 ergo
1028 3157 1110 3222 riori,
1132 3154 1192 3211 nisi
1213 3157 1243 3207 iu
1266 3168 1343 3208 crure
1366 3154 1475 3207 Domini
1487 3154 1577 3206 nostri
1594 3156 1659 3207 iesu
1680 3151 1785 3208 christi
1803 3151 1873 3220 (Gal.

118 3255 187 3295 mon
203 3241 297 3295 solum
313 3239 344 3295 in
358 3245 481 3294 stercore
495 3254 598 3293 munus
616 3237 814 3310 plasmationis
838 3253 898 3291 ³¹1ae
920 3239 976 3291 im·
1029 3261 1066 3312 vi,
1091 3243 1143 3314 it).
1168 3242 1275 3296 Cuncta
1287 3257 1353 3295 vero
1373 3256 1438 3313 quae
1463 3240 1572 3306 dixisti,
1589 3245 1618 3295 et
1632 3240 1771 3310 ampliora
1790 3240 1877 3294 isaias

117 3329 226 3396 miifib
242 3344 342 3383 'mm
360 3328 457 3394 etim,
472 3327 551 3398 (1⁰⁰⁶
567 3325 649 3392 ⁸b⁸ib
667 3327 809 3380 malmin
835 3340 976 3395 0⁰⁰Pm·
1028 3332 1169 3403 propbeta
1185 3331 1220 3386 de
1238 3335 1275 3393 te,
1293 3329 1408 3399 tuisque
1428 3328 1569 3383 similibus
1591 3333 1700 3393 texens,
1716 3327 1875 3398 proposuit,

115 3421 174 3472 tor
192 3417 290 3473 existit
307 3433 372 3473 cum
392 3417 428 3472 de
450 3416 501 3472 tali
526 3415 699 3485 contagione
716 3414 899 3485 nascentibus
914 3412 976 3468 ani·
1029 3422 1078 3475 ubi
1095 3421 1156 3475 hoec
1172 3419 1305 3473 universa
1321 3435 1368 3473 vos
1380 3418 1475 3473 dicere
1495 3417 1691 3488 prophetavit,
1716 3417 1752 3471 ab
1766 3431 1800 3470 eo
1816 3415 1877 3470 loco

112 3507 218 3563 mles
232 3506 425 3562 tribuiifltlot
438 3504 457 3559 ‘-
473 3504 553 3570 0⁰0d
569 3509 666 3558 noster
685 3504 812 3573 Prudflns
836 3518 976 3574 magnus·
1028 3509 1058 3563 in
1073 3524 1129 3580 quo
1149 3508 1189 3562 ait
1212 3509 1279 3576 (isc.
1300 3525 1346 3569 uu,
1363 3507 1427 3573 tat:
1450 3507 1522 3561 Ecce
1535 3507 1667 3574 intelliget
1680 3520 1776 3560 servus
1790 3519 1875 3572 meus,

112 3611 184 3666 que
199 3595 391 3666 Hieronymus
405 3592 455 3648 tuli
469 3592 522 3649 sub
537 3591 630 3663 ligura
649 3590 791 3662 exposuit,
805 3596 838 3645 ut
853 3589 976 3645 sementi
1028 3613 1118 3668 usque
1134 3596 1169 3652 ad
1184 3612 1251 3651 eum
1266 3597 1316 3650 ubi
1337 3595 1377 3651 sic
1396 3595 1482 3650 verbe
1501 3594 1594 3648 tluivit
1609 3611 1616 3649 z
1634 3596 1669 3649 ut
1690 3595 1749 3664 ipsc
1765 3597 1877 3663 peccato

110 3682 204 3738 fruta
224 3683 338 3737 subluto
357 3681 443 3736 sulcia
465 3680 558 3735 indita
577 3683 766 3752 compararet·
792 3682 836 3733 An
856 3677 973 3743 ideitw,
1027 3687 1173 3740 multorum
1202 3685 1266 3739 tulit
1295 3689 1321 3739 et
1345 3698 1396 3753 pro
1424 3682 1670 3751 transgressoribus
1700 3683 1790 3736 orauit
1819 3679 1875 3750 (Id.

108 3773 176 3840 ait,
206 3775 284 3826 terra
303 3770 475 3826 fructificare
498 3769 550 3824 tali
575 3768 684 3823 satione
712 3783 770 3823 non
786 3767 882 3832 debet,
906 3766 976 3838 quia
1027 3789 1085 3839 cm,
1100 3776 1153 3837 ιι),

107 3865 206 3915 sator
219 3858 444 3915 eatimmunda
453 3857 609 3931 projecerit
623 3858 839 3928 mauu?,verum
851 3870 910 3910 nou
920 3855 976 3910 ista
1065 3864 1106 3917 ιι.
1136 3859 1243 3932 Adjicis
1276 3859 1363 3913 aliam
1390 3858 1588 3931 gravissimam
1619 3857 1725 3911 molem
1757 3856 1874 3911 dicens:

102 3945 170 4005 hic
183 3948 335 4004 tractanda
348 3947 536 4018 suscepimus·
1026 3950 1185 4006 Maledictus
1199 3951 1248 4020 qui
1262 3949 1372 4018 conlidit
1398 3954 1426 4001 ιἰι
1445 3948 1551 4001 bomine
1563 3947 1627 4016 (ter.
1653 3961 1708 3999 xvu
1724 3944 1760 4014 5),
1793 3943 1875 4016 quasi

160 4041 205 4093 12·
228 4035 333 4100 Nescit
350 4036 460 4108 inique,
478 4034 583 4106 quirin
599 4033 680 4088 omui
699 4034 848 4101 1⁰00218m
865 4032 973 4087 mundo
1025 4039 1091 4095 ideo
1110 4038 1257 4092 bominem
1268 4037 1393 4102 credam,
1408 4035 1476 4106 quia
1490 4035 1576 4088 homo
1588 4039 1640 4101 est,
1655 4039 1683 4088 et
1697 4048 1755 4087 uon
1776 4032 1875 4103 potius

103 4140 214 4196 quam
228 4124 356 4193 horrido,
377 4124 452 4179 Deus
471 4123 607 4190 astitith;
636 4122 758 4177 sednon
790 4122 975 4177 immunditia
1027 4126 1236 4191 eumadorem,
1262 4125 1329 4197 quia
1351 4126 1425 4179 Deus
1453 4128 1502 4177 est.
1530 4123 1685 4178 ltecteboc
1709 4121 1829 4187 diceres,
1850 4119 1875 4174 si

101 4209 532 4278 loci,sedmuuditialtomiui
546 4209 836 4267 locoredundat?du
847 4210 973 4281 ignoras,
1028 4233 1073 4270 ms
1101 4231 1207 4286 purum
1228 4230 1294 4269 eum
1324 4213 1472 4268 bominem
1496 4216 1525 4266 ιι
1555 4226 1613 4265 ιιοιι
1640 4211 1730 4266 [ιιιιιιι
1758 4209 1875 4264 credero

108 4299 490 4372 quoamnittmmunaum
506 4300 573 4366 ⁰⁹⁰2
589 4299 689 4370 quiex
712 4297 973 4369 ifflm⁰⁰d⁰p⁰l0⁸i
992 4308 1103 4375 usepe
1130 4303 1266 4358 audisses.
1290 4303 1344 4358 Sed
1372 4301 1441 4374 quie
1475 4301 1545 4355 dum
1579 4299 1686 4354 uiruius
1714 4297 1824 4353 incedis
1847 4300 1876 4352 et

109 4388 218 4444 facere
229 4388 393 4444 mundum?
413 4387 622 4457 linostimis,
638 4387 714 4459 quod
740 4388 827 4442 etiam
848 4387 973 4442 inferna·
1029 4408 1128 4447 amore
1139 4390 1351 4446 contradicendi
1365 4390 1494 4461 linguam
1512 4389 1699 4460 maliloquam
1714 4393 1875 4458 temperare

115 4473 186 4532 ¹0¹1!
200 4477 294 4532 ¹⁰⁰¹?ss
319 4477 483 4541 borrorum,
505 4477 719 4547 ptd0rib⁰⁸que
735 4476 888 4532 fetentium
912 4491 974 4530 om·
1030 4480 1239 4536 acoutumeliis
1258 4479 1360 4545 nescis,
1377 4483 1404 4533 te
1424 4479 1518 4549 ipsum
1535 4483 1584 4532 tuo
1607 4493 1674 4531 ense
1690 4476 1803 4532 occidis.
1827 4475 1876 4531 liic

123 4564 210 4621 nium
223 4566 352 4638 pejorem
368 4570 501 4638 penetrat
515 4564 610 4620 Deus?
634 4565 781 4621 batonim
797 4566 975 4620 Deumcrea·
1030 4569 1111 4636 mihi,
1127 4584 1188 4636 oro,
1205 4568 1229 4621 si
1252 4582 1403 4638 uunquam
1422 4566 1537 4636 penitus
1561 4564 1678 4620 valeas:
1696 4566 1784 4619 istum
1808 4565 1876 4619 Mes-

124 4656 218 4710 torem
232 4670 338 4726 corpus
353 4658 482 4709 nostrum
496 4653 665 4709 frabricasse
675 4653 814 4720 firmabis,
825 4659 875 4709 aut
885 4654 973 4708 alium
1029 4658 1111 4723 siam,
1127 4671 1214 4728 quem
1238 4654 1367 4725 speratis,
1385 4653 1533 4707 bominem
1554 4668 1625 4721 esse,
1651 4668 1687 4707 an
1705 4655 1793 4707 Deum
1814 4668 1874 4706 cre·

137 4747 285 4798 insumus
302 4748 405 4815 prater
431 4744 522 4799 Deum
537 4758 598 4797 osse
617 4741 761 4798 defendes.
781 4742 868 4797 David
897 4741 974 4796 onim
1029 4745 1117 4802 ditis?
1131 4745 1160 4799 Si
1173 4743 1258 4798 homo
1282 4748 1334 4808 est,
1357 4740 1501 4796 maledicti
1525 4757 1572 4796 vos
1587 4756 1686 4795 omnes
1702 4739 1779 4806 estis,
1807 4740 1876 4810 quia

141 4829 214 4885 audet
227 4836 256 4886 et
267 4832 358 4887 dicit:
378 4832 480 4887 Morus
503 4837 555 4887 tue
564 4833 686 4898 secuuat
703 4847 753 4898 me,
779 4835 805 4885 et
819 4833 975 4901 plasmaue—
1029 4848 1144 4889 carnem
1160 4831 1310 4885 brachium
1326 4829 1406 4883 vobis
1421 4845 1483 4883 esse
1497 4828 1649 4884 confiditis.
1671 4827 1700 4883 Si
1724 4827 1799 4881 Deus
1821 4830 1874 4891 est,

147 4922 197 4972 ruat
210 4935 250 4974 rue
268 4921 358 4991 (Psoi.
374 4935 464 4983 cxviii,
481 4922 541 4991 7³).
568 4921 604 4976 Et
617 4923 693 4974 certe
708 4919 776 4974 alibi
793 4920 884 4974 dicit:
908 4922 975 4976 Ecce
1029 4937 1169 4993 organon
1186 4925 1228 4973 est
1240 4918 1337 4981 David,
1358 4935 1416 4972 non
1439 4919 1516 4972 lilius
1531 4919 1603 4988 ejus,
1621 4932 1672 4971 uec
1687 4913 1808 4983 vinculis
1830 4930 1875 4968 re·

149 5002 364 5078 aequitatibus
389 5012 529 5078 conceptus
557 5023 627 5076 sum,
642 5013 667 5064 et
691 5011 721 5063 iu
747 5009 852 5063 delictis
871 5011 975 5078 peperit
1029 5012 1149 5081 ligatus,
1181 5009 1248 5079 quia
1274 5008 1347 5061 Deus
1370 5006 1442 5063 liber
1466 5011 1517 5074 est,
1543 5021 1594 5059 nac
1615 5004 1809 5074 cujuscunque
1834 5007 1875 5056 est

150 5101 179 5143 ue
196 5100 277 5150 noter
304 5110 365 5150 mea
389 5096 475 5167 (Psoi,
503 5112 529 5164 u,
559 5100 596 5165 7).
626 5096 710 5151 Vides
739 5111 841 5151 manus
863 5096 975 5152 Domini
1030 5115 1134 5153 servus.
1162 5097 1223 5150 Nou
1237 5102 1265 5150 te
1279 5095 1379 5168 pudet,
1394 5093 1589 5150 infelicissime
1615 5092 1791 5158 mortalium,
1816 5095 1875 5144 tam

150 5174 196 5246 ipsa
211 5184 348 5254 genitalia
368 5200 434 5256 quce
451 5190 481 5240 tu
497 5200 583 5260 exosa
601 5184 681 5251 dicis,
704 5184 822 5252 iecisse;
837 5185 975 5256 conspicis
1029 5185 1184 5242 ridiculosa
1199 5184 1301 5239 sectari
1325 5185 1474 5254 figmenta,
1494 5187 1527 5235 ut
1550 5181 1875 5250 monstrumportento-
1908 5251 1912 5260 ι

175 5327 185 5352 ⁸
199 5323 281 5380 idest
294 5327 472 5395 horologium.
1066 5326 1074 5361 ¹
1092 5325 1208 5396 Aliquid
1223 5325 1309 5380 deest.

175 5392 186 5433 t
200 5394 256 5463 bs,
270 5397 358 5452 uobis.
1066 5410 1081 5452 e
1100 5398 1161 5462 tls,
1178 5399 1245 5466 quio
1259 5400 1393 5451 oratores.

176 5464 268 5534 tite,
285 5472 335 5523 est.
1065 5470 1079 5511 h
1099 5468 1128 5522 F.
1145 5469 1260 5522 assistit.
1855 5530 1858 5534 .

175 5536 226 5590 ·?.
240 5540 372 5604 Ῐιιιιιιιοι.
1066 5538 1073 5572 ¹
1093 5538 1116 5593 1.
1132 5537 1417 5606 adorearumitropac.
1433 5533 1464 5590 id
1487 5539 1539 5601 est,
1560 5532 1659 5606 glorie
1679 5536 1875 5590 monumenta.
