3930 6098
112 242 159 321 831
675 238 844 294 culusum
864 237 1122 295 SANGALLENSIS
1139 239 1286 296 Abbffls
1805 238 1854 295 Μ

112 374 202 432 ellicia
220 376 362 446 suscipere
391 372 529 445 dignaris,
552 371 588 427 de
614 370 729 426 famulis
753 372 810 426 tuis
832 373 865 428 N.
884 376 912 426 et
926 372 959 428 N.
980 371 1117 428 Aiamuli
1129 373 1173 427 tui
1187 373 1219 427 N.
1236 371 1266 426 in
1280 372 1381 427 salutis
1396 377 1452 428 tuae
1465 372 1657 445 prosperitate
1681 371 1812 444 dispone,
1825 377 1854 429 ut

112 463 142 519 in
155 469 204 519 tua
217 463 356 535 prolicere
369 461 533 526 dilectione,
557 464 588 514 ut
601 459 653 514 tibi
676 476 776 515 secura
795 464 890 515 mente
905 460 957 516 de-

112 551 247 618 serviant,
262 550 334 604 etin
350 555 399 603 tua
413 565 483 620 pace
498 564 612 618 semper
626 549 757 603 assistere
781 555 954 605 mereantur.

112 641 166 694 Per
182 639 331 693 bominum
347 641 487 691 nostrum.

480 759 592 815 LXXlll.

159 864 257 921 uisse
276 864 346 920 PRO
366 865 500 920 ΑΒΒΑΤΕ
520 864 584 919 VEL
603 865 910 922 coruueesrtos'e.

148 970 219 1043 [eno
243 985 393 1026 cerscoro
417 986 475 1027 vce
502 985 623 1026 rorueo
645 986 710 1026 suu
732 971 920 1046 corruisse]

145 1076 334 1146 Omnipotens
351 1075 525 1146 sempiterne
550 1077 634 1142 Deris,
648 1077 698 1147 qui
719 1077 788 1132 lacis
814 1077 957 1133 mirabilia

111 1164 313 1236 magnasolus,
328 1164 474 1235 pretende
489 1181 576 1236 super
590 1165 730 1220 famulum
753 1172 835 1221 tuum
853 1167 885 1221 N.
904 1167 955 1222 ab·

109 1254 217 1317 batem,
242 1255 286 1307 rel
310 1268 396 1324 super
417 1253 672 1325 congregationem
702 1254 743 1308 illi
772 1255 956 1311 commissam

111 1341 288 1412 [episcopum
305 1340 348 1394 rel
368 1355 456 1409 super
478 1341 591 1411 plebem
617 1341 659 1395 illi
683 1342 887 1415 commissaml,
902 1343 957 1415 spi·

109 1430 196 1484 ritum
216 1429 317 1501 gratiae
332 1428 473 1495 salutaris,
490 1433 518 1482 et
533 1435 563 1482 ut
580 1431 609 1482 in
628 1430 744 1484 veritate
759 1430 811 1485 tibi
831 1433 956 1503 compta·

109 1522 201 1585 ceant,
226 1522 399 1588 perpetuum
418 1516 460 1571 eis
481 1532 576 1571 rorem
601 1523 659 1572 tuae
685 1517 894 1574 benedictionis
912 1519 954 1574 in·

109 1606 204 1662 lande.
220 1607 284 1661 Per.
656 1665 658 1669 ,

427 1695 514 1763 Super
528 1694 635 1750 Oblata.

145 1782 268 1847 Hostias,
286 1781 416 1850 Domine,
433 1781 608 1837 famulorum
624 1788 742 1839 tuorum
765 1785 894 1854 placatus
908 1784 953 1838 in·

109 1871 203 1937 tende,
220 1875 248 1926 et
263 1887 333 1941 ques
348 1871 377 1924 in
394 1871 532 1925 honorem
549 1871 673 1925 nominis
687 1872 730 1925 tui
743 1871 844 1926 devota
859 1876 955 1926 mente

107 1959 216 2032 prosis
234 1959 422 2025 celebramus,
448 1959 588 2025 prolicere
615 1959 669 2014 sibi
693 1959 817 2014 sentiant
838 1960 873 2015 ad
894 1976 954 2015 ma-

108 2049 212 2105 delam.
229 2050 292 2103 Per.

380 2139 442 2192 Post
456 2138 682 2193 communionem.

143 2224 218 2289 Quos
239 2224 346 2279 coelesti
368 2240 478 2278 recreas
503 2239 624 2279 munere
647 2229 797 2296 perpetuo,
822 2226 952 2295 bomine,

108 2313 243 2367 comitare
264 2311 414 2384 praesidi0;
434 2318 462 2367 ct
482 2328 553 2383 quos
569 2313 664 2367 rovere
684 2329 741 2367 nou
768 2312 885 2380 desinis,
911 2314 953 2369 di·

108 2416 179 2471 gnos
194 2400 257 2455 [ieri
272 2400 445 2472 sempiterne
459 2399 657 2470 redemptione
668 2401 803 2456 concede.
818 2403 882 2455 Per.

476 2525 585 2580 LlllllV.

200 2643 317 2684 orento
340 2643 372 2685 tlt
398 2644 605 2685 uonasrenlo
628 2645 861 2687 desectionem

144 2734 227 2799 Deus,
243 2734 292 2804 qoi
306 2734 538 2790 renuntiantibus
552 2736 657 2789 seculo
675 2736 853 2791 mensionem
870 2753 952 2809 paras

106 2821 233 2887 incoelo,
258 2821 345 2875 dilata
364 2827 461 2876 sancto
484 2823 569 2893 lurjus
593 2825 823 2895 congregationis
840 2832 952 2896 tempo·

106 2909 165 2962 rate
182 2908 376 2964 habitaculum
399 2911 562 2966 scelestibus
585 2912 679 2979 bonis,
700 2919 734 2967 ut
754 2913 889 2968 iratorum
905 2921 949 2968 te·

105 3001 228 3051 neantes
250 2998 418 3069 compagine
441 2999 598 3067 charitatis,
623 3000 774 3055 unanimes
796 3001 948 3057 continen-

105 3084 153 3138 tias
168 3092 310 3156 praecepta
324 3086 497 3155 custodiant,
513 3087 610 3152 sobrii,
635 3088 780 3159 simplices
805 3094 833 3143 et
849 3090 950 3161 quieti,

105 3173 194 3243 gratis
209 3173 264 3227 sibi
274 3175 369 3228 datam
386 3175 509 3245 gratiam
522 3175 608 3229 luisse
622 3182 808 3246 cognoscant;
832 3193 950 3232 coneor-

104 3260 154 3315 det
167 3261 284 3315 itlorum
299 3263 356 3316 vita
370 3278 435 3317 cum
460 3263 588 3330 nomine,
605 3264 741 3334 pmfessio
762 3265 901 3321 sentiatur
920 3267 951 3320 in

106 3365 203 3421 opere.
220 3351 283 3405 Per.

482 3439 574 3493 LXXV.

149 3557 268 3598 oacrio
291 3558 350 3598 rao
370 3557 550 3599 retrursus
573 3559 606 3598 rs
629 3559 683 3600 urs
708 3559 908 3603 nrsrcauers.

144 3648 217 3702 Deus
249 3648 299 3719 qui
326 3648 515 3719 diligentibus
544 3655 584 3712 te,
618 3650 842 3706 misericordiam
873 3659 951 3709 tuam

105 3751 218 3806 semper
230 3736 385 3806 impendis,
398 3744 428 3792 et
443 3755 459 3792 a
474 3738 664 3793 servientibus
692 3739 754 3806 tibi,
773 3740 805 3794 in
826 3742 904 3796 nulla
921 3759 951 3796 es

104 3822 221 3893 regione
235 3823 421 3895 longinquus,
439 3825 530 3895 dirige
544 3826 617 3880 riam
632 3825 733 3880 lamrrli
750 3828 789 3882 tui
806 3830 836 3883 in
850 3829 950 3884 volun-

103 3914 161 3968 tate
175 3915 235 3980 tua,
251 3918 280 3967 et
293 3918 321 3967 te
334 3918 504 3982 protectore,
521 3919 549 3969 et
560 3919 588 3968 te
603 3915 746 3985 praeduee,
767 3933 818 3987 per
830 3917 951 3988 justitiae

103 3999 221 4056 semitas
234 4000 296 4055 sine
310 4000 469 4056 offensione
485 4001 642 4073 gradiatur.
658 4003 721 4057 Per.

471 4108 580 4163 LllllVl.

188 4207 307 4250 enarro
329 4208 388 4250 rao
412 4209 637 4251 naeaosrrnus
660 4211 697 4251 ne
720 4211 863 4253 irrursa.

140 4281 329 4353 Omnipotens
347 4283 521 4353 sempiterne
544 4285 628 4350 Deus,
652 4289 817 4340 nostrorum
838 4291 951 4358 tempo·

103 4384 168 4424 rum
197 4368 320 4441 viteque
349 4370 513 4442 dispositor,
543 4371 652 4425 laureto
676 4377 725 4426 tuo
749 4373 781 4428 N.
807 4374 950 4430 continuae

102 4458 319 4528 tranquillitatis
347 4459 453 4531 largire
480 4459 651 4525 subsidium,
676 4465 708 4514 ut
729 4476 817 4532 quem
838 4462 949 4517 incolu-

103 4561 180 4601 mem
196 4547 322 4618 propriis
336 4547 482 4603 laboribus
497 4546 655 4614 reddidisti,
674 4554 722 4603 tua
746 4550 833 4605 iacias
856 4555 952 4622 prote·

103 4633 197 4689 ctione
210 4651 352 4690 securum.
367 4638 421 4691 Per
438 4636 599 4691 bominum.

466 4743 587 4797 exxvn.
645 4791 658 4811 ,

38 4865 40 4871 ·
105 4841 224 4883 ORATIO
243 4843 274 4883 lll
294 4843 441 4885 envnttrtt
461 4844 608 4886 FRATRU!
625 4845 949 4890 SUPBRVBNlBNTlUll.

142 4934 216 4988 Deus
229 4934 383 4990 humilium
405 4935 541 4999 visitator,
565 4938 615 5009 qui
636 4953 688 4992 nos
704 4939 832 4992 fraterna
859 4937 949 4995 dilcc-

104 5021 182 5077 tione
199 5024 365 5092 censolaris,
380 5026 526 5095 pretende
553 5026 683 5080 societati
698 5031 803 5081 nostre
827 5027 950 5097 gratiam

104 5114 195 5178 tuam,
211 5116 244 5165 ut
255 5127 305 5182 per
320 5127 369 5166 eos
387 5112 418 5166 in
434 5113 539 5183 quibus
564 5112 686 5180 habitas,
707 5120 790 5169 tuum
806 5113 842 5169 'iu
868 5116 951 5171 nobis

104 5198 261 5253 sentiamus
276 5199 440 5255 adveutum.
458 5202 512 5255 Per
527 5199 692 5256 Dominum.

459 5306 596 5362 turult.

284 5408 378 5451 ursss
402 5409 461 5452 rno
483 5410 557 5450 iren
580 5410 772 5452 susurrare.

139 5478 254 5548 Adesto,
280 5483 406 5549 bomine,
423 5482 682 5555 supplicationibus
699 5483 815 5550 nostris,
829 5491 857 5539 at
873 5485 949 5542 viani

1011 461 1087 515 inter
1101 477 1202 515 omnes
1216 461 1269 516 riae
1289 461 1396 516 etrite
1421 462 1505 533 hujus
1532 461 1694 529 varietates,
1725 466 1774 516 tuo
1787 477 1853 517 sem-

1011 564 1062 619 per
1077 552 1244 620 protegetur
1258 548 1373 603 anxilio.
1392 551 1445 602 Per
1461 549 1626 604 bominem.

1374 637 1491 693 Secreta.

1047 723 1216 793 propitiare,
1244 723 1377 791 bomine,
1402 724 1662 795 supplicationibus
1688 724 1806 792 nostris,
1827 732 1853 781 et

1011 813 1062 867 has
1076 811 1237 867 oblationes
1252 828 1323 883 quas
1339 812 1392 867 tibi
1407 812 1553 867 oderimus
1568 829 1620 884 pro
1635 813 1746 867 lamule
1759 818 1807 868 tuo
1822 814 1851 868 N.

1011 900 1153 972 benignus
1168 916 1291 968 assume,
1307 905 1339 954 ut
1351 900 1425 954 viam
1443 901 1519 955 iltius
1541 908 1570 955 ct
1591 899 1774 972 precedente
1795 918 1852 972 gra-

1009 989 1050 1043 tia
1065 994 1113 1042 tua
1128 987 1244 1059 dirigas,
1261 995 1290 1042 et
1304 988 1496 1058 subsequente
1512 988 1650 1042 comitare
1670 987 1806 1060 digneris,
1824 994 1852 1043 ut

1011 1077 1045 1131 de
1065 1082 1130 1131 actu
1153 1082 1240 1148 atque
1261 1076 1458 1130 incolumitate
1482 1078 1543 1147 rjrrs
1566 1076 1724 1130 seeundum
1749 1077 1852 1131 miseri·

1011 1164 1117 1219 cordiae
1131 1170 1189 1219 tuoe
1206 1164 1339 1236 praesidia
1348 1168 1535 1236 gaudeamus.
1551 1166 1606 1219 Per
1621 1163 1787 1221 Dominum.

1362 1253 1504 1320 Praelutio.

1047 1341 1078 1395 D.
1098 1344 1126 1394 et
1134 1339 1249 1411 justum
1263 1344 1314 1407 est,
1331 1356 1426 1409 esque,
1443 1347 1550 1395 aeterne
1575 1341 1659 1395 Dens.
1684 1343 1708 1394 Α
1732 1356 1789 1411 quo
1802 1340 1849 1394 de·

1010 1429 1097 1497 viare,
1114 1430 1204 1497 mori,
1229 1445 1326 1483 coram
1342 1446 1399 1501 quo
1415 1430 1573 1493 ambulare,
1599 1428 1695 1483 rivere
1717 1433 1781 1483 est:
1803 1427 1851 1493 Qui

1011 1518 1108 1573 fideles
1125 1523 1189 1572 tuos
1203 1518 1233 1573 in
1255 1524 1304 1572 tua
1318 1518 1363 1573 via
1385 1518 1512 1584 deducis,
1538 1521 1566 1571 et
1587 1516 1773 1571 miseratione
1796 1531 1852 1587 gra·

1010 1606 1126 1661 sissima
1140 1607 1171 1661 in
1187 1607 1336 1662 veritatem
1360 1607 1483 1662 inducis.
1508 1605 1563 1672 Qui
1576 1606 1711 1671 Abrahae,
1738 1607 1814 1661 Isaac
1827 1610 1852 1661 et

977 1665 1105 1763 Blaceb,
1137 1695 1167 1749 in
1195 1696 1345 1767 presentis
1368 1695 1481 1752 vilest
1501 1695 1554 1750 rice
1578 1694 1732 1760 curriculo,
1752 1699 1851 1760 custos,

1010 1783 1067 1838 dux
1090 1788 1120 1837 ct
1143 1799 1240 1839 comcs
1262 1800 1324 1838 esse
1348 1783 1472 1852 voluisti,
1498 1788 1527 1837 et
1554 1783 1663 1838 lamule
1687 1787 1739 1836 tuo
1762 1782 1851 1837 Tobin
1874 1797 1878 1805 ’

1009 1873 1143 1943 angelum
1160 1872 1298 1943 previum
1324 1871 1491 1942 prestitisti.
1507 1871 1595 1941 Cujus
1617 1871 1787 1925 immensam
1805 1870 1851 1924 mi·

1008 1961 1190 2015 sericordiam
1208 1960 1379 2015 humillimis
1394 1960 1525 2030 precibus
1539 1959 1742 2030 imploramus,
1754 1961 1786 2013 ut
1801 1959 1850 2013 iter

1007 2047 1108 2104 lansuti
1123 2049 1163 2103 tui
1180 2049 1212 2104 N.
1224 2065 1290 2102 cum
1306 2048 1364 2102 suis
1380 2048 1409 2102 in
1421 2048 1611 2118 prosperitate
1622 2047 1759 2119 dirigere,
1775 2062 1849 2102 eum-

1008 2154 1064 2209 que
1085 2137 1225 2192 interiise
1239 2137 1347 2191 etrite
1370 2137 1457 2208 liujus
1471 2136 1621 2191 varietates
1644 2136 1773 2206 digneris
1795 2151 1850 2190 cns·

1007 2226 1113 2301 todire,
1131 2231 1273 2297 quatenus
1288 2226 1454 2296 angelorum
1472 2230 1587 2279 luorum
1602 2224 1739 2296 praesidio
1754 2224 1848 2292 fultus,

1008 2313 1210 2368 intercessione
1233 2330 1349 2385 quoque
1366 2319 1528 2368 sanctorum
1548 2313 1689 2380 munitus,
1712 2312 1849 2367 acnnctis

1008 2402 1226 2457 adversitatibus
1252 2408 1301 2456 tna
1331 2403 1513 2457 miseratione
1534 2401 1678 2469 defensus,
1703 2401 1848 2472 proiectio-

1008 2490 1053 2544 nis
1067 2497 1095 2545 ct
1114 2491 1285 2545 reversionis
1301 2507 1360 2546 sure
1385 2491 1520 2546 felicitate
1543 2490 1661 2562 potitus,
1687 2495 1718 2545 et
1738 2505 1847 2560 compos

1007 2578 1143 2633 reddatur
1162 2579 1307 2650 justorum
1331 2585 1475 2648 votorum,
1490 2583 1519 2634 et
1542 2579 1577 2633 da
1601 2594 1722 2633 suorum
1742 2579 1847 2634 letetur

1007 2667 1176 2722 remissione
1192 2671 1384 2737 pcccatorum.
1401 2669 1455 2722 Per
1467 2667 1611 2722 Christum
1625 2666 1791 2723 [lominum.

1298 2756 1346 2812 Aa
1360 2755 1559 2825 complendum.

1043 2846 1116 2899 llcrrs
1129 2843 1249 2899 inlinitre
1267 2844 1470 2898 misericordiae
1481 2849 1509 2898 ct
1518 2843 1677 2912 majestatis
1690 2843 1842 2906 immense,

970 2959 991 3015 G
1005 2950 1092 3006 quem
1108 2948 1160 2987 nec
1175 2933 1267 3003 spatia
1283 2935 1421 2998 locorum,
1438 2948 1490 2986 nec
1513 2932 1665 2987 intervalla
1688 2935 1842 3003 temporum

1006 3022 1041 3076 ab
1056 3022 1102 3076 his
1125 3036 1198 3092 quos
1226 3020 1316 3074 tueris
1342 3020 1513 3090 abjungunt,
1535 3020 1634 3074 adesto
1658 3019 1774 3074 famulis
1795 3019 1842 3073 tuis

1006 3111 1039 3164 N.
1057 3115 1084 3164 et
1095 3110 1127 3163 N.
1144 3109 1173 3162 in
1185 3113 1212 3162 te
1223 3108 1331 3179 ubique
1345 3107 1510 3175 fidentibus,
1527 3114 1555 3161 et
1570 3123 1621 3178 per
1637 3123 1754 3161 omnem
1767 3119 1840 3177 quam

1006 3197 1075 3252 ituri
1090 3203 1157 3251 sunt
1173 3196 1249 3250 viam
1264 3196 1319 3251 dur
1337 3196 1378 3250 eis
1397 3200 1425 3250 et
1440 3212 1535 3251 comas
1550 3212 1611 3250 esse
1625 3195 1761 3266 dignarc3
1780 3191 1840 3247 nihil

1005 3286 1061 3340 illis
1077 3284 1256 3339 adversitatis
1278 3289 1388 3351 noceat,
1413 3284 1483 3339 nihil
1514 3284 1691 3339 dislicultatis
1720 3282 1837 3339 obsisuu

1004 3381 1106 3430 cuncta
1134 3374 1175 3428 eis
1201 3374 1337 3440 salubria,
1368 3373 1542 3428 eunctasint
1570 3388 1720 3444 prospera,
1748 3368 1837 3436 esset

1006 3480 1060 3534 ope
1075 3463 1200 3518 dextere
1222 3478 1292 3528 suas,
1318 3461 1460 3533 quidquid
1477 3461 1556 3530 Justo
1579 3458 1753 3532 expetierint
1775 3456 1835 3512 desi·

1005 3552 1085 3607 derio
1100 3551 1187 3605 celeri
1205 3556 1419 3622 consequantur
1432 3548 1544 3604 effectu.
1559 3551 1613 3604 Per
1629 3547 1788 3603 Dominum.

1384 3639 1471 3709 [elliu.

1041 3729 1172 3800 Sumpta,
1197 3727 1327 3793 Domine,
1358 3727 1479 3782 coelestis
1504 3724 1677 3780 sacramenti
1706 3720 1831 3794 mysteria.

1006 3831 1182 3889 quesumus,
1222 3815 1352 3882 Domine,
1380 3819 1411 3869 ut
1435 3815 1468 3868 ad
1493 3814 1715 3885 prosperitatem
1740 3806 1831 3866 itineri*

1005 3906 1106 3961 famuli
1121 3905 1164 3959 tui
1181 3904 1212 3959 N.
1225 3903 1387 3975 proficiant,
1404 3908 1435 3956 ut
1447 3918 1512 3957 eum
1537 3904 1573 3957 ad
1598 3901 1734 3957 salutaria
1752 3899 1830 3953 cuncta

1004 3995 1172 4068 perducant.
1188 3995 1242 4048 Per
1255 3992 1408 4047 bominum
1424 3991 1433 4062 t

1203 4130 1297 4172 HlSSd
1320 4129 1380 4170 PRO
1402 4128 1656 4170 narraremus,

1353 4223 1355 4226 ’
1375 4239 1484 4309 cxxix.

1041 4348 1126 4413 lleus,
1150 4345 1199 4417 qui
1238 4345 1407 4400 transtulisti
1431 4350 1526 4417 patres
1552 4350 1666 4398 nostros
1698 4357 1748 4413 per
1769 4347 1825 4407 nttl

1004 4435 1144 4501 Rubrum,
1161 4440 1189 4489 et
1203 4433 1384 4489 transveristi
1400 4450 1451 4504 per
1465 4448 1568 4504 aquam
1589 4432 1721 4499 nimiam,
1738 4425 1824 4483 lauden

1003 4523 1047 4580 tui
1063 4523 1187 4578 nominis
1215 4523 1409 4586 decantantes,
1438 4520 1580 4591 supplices
1603 4521 1789 4593 deprecamur,
1803 4511 1824 4562 ll

1003 4610 1034 4664 in
1048 4609 1101 4665 hac
1110 4611 1175 4665 navi
1186 4610 1310 4665 famulos
1320 4615 1384 4664 tuos
1396 4609 1520 4680 repulsis
1534 4608 1754 4664 adversitatibus
1761 4601 1821 4676 portu

1004 4714 1118 4769 semper
1148 4698 1278 4770 optabili,
1308 4713 1450 4769 cursuque
1476 4696 1631 4768 tranquillo
1657 4696 1767 4752 tuearis.
1785 4687 1822 4741 Pel

1006 4787 1169 4842 bominum.

1040 4959 1167 5030 Suscipe,
1198 4961 1329 5027 bomine,
1349 4875 1525 5032 (imm-us,
1551 4975 1650 5030 preces
1677 4956 1820 5014 ramulum

1003 5050 1120 5102 tuorum
1133 5063 1197 5103 cunr
1209 5048 1404 5103 oblationibus
1423 5049 1595 5112 bestiarum,
1621 5052 1649 5103 et
1673 5054 1721 5103 tua
1743 5040 1820 5110 myste-

1003 5134 1045 5190 ria
1062 5135 1238 5190 celebrantes
1263 5136 1298 5191 ab
1316 5137 1452 5191 omnibus
1476 5136 1599 5192 delenda
1626 5134 1766 5208 periculis.
1786 5125 1823 5179 Ptf

1005 5223 1168 5278 Dominum.

1296 5312 1558 5382 AdComplcudum.

1040 5400 1212 5456 Sanctificati
1245 5401 1342 5457 divino
1372 5401 1520 5474 mysterio,
1549 5403 1730 5473 maiestatem
1759 5404 1828 5457 tumr

1005 5489 1136 5556 Domine,
1150 5490 1316 5561 suppliciter
1327 5489 1517 5560 deprecamur
1530 5496 1559 5544 et
1573 5490 1711 5561 petimus,
1725 5493 1756 5544 ut
1776 5497 1831 5557 quot
