3930 6098
100 268 151 326 Μ
615 302 617 307 -
659 259 858 318 anteeant
876 256 1104 316 teuenteusts
1123 253 1279 316 benacan
1318 247 1328 297 -’

99 405 317 476 ritumqaoque
330 404 460 456 sanctem
476 397 618 453 minorem
631 396 702 453 t'ttic
721 395 987 468 blasphemabatll
1003 399 1059 449 tur.
1076 395 1109 450 Et
1135 410 1211 454 nunc
1234 410 1283 448 vos
1307 393 1381 448 hanc
1404 391 1491 448 fidem
1512 391 1650 447 accusatis
1676 391 1747 447 nesci

103 523 110 532 ·
136 495 300 564 Postquam
312 488 495 545 ldacedonius
511 486 642 550 surrexit,
659 486 693 541 de
718 485 800 541 Patra
815 484 945 555 Filioque
1005 483 1262 555 levitatepermoti,
1280 497 1374 554 quove
1388 496 1485 536 errore
1506 480 1626 551 decepti.

103 599 169 639 cum
183 579 331 635 catholicis
348 576 455 632 similia
478 575 613 640 sentiens,
632 574 753 645 Spiritus
769 589 835 629 vero
858 573 949 628 sancti
1043 573 1130 627 [licite
1146 574 1170 626 si
1179 573 1316 644 Spiritum
1338 577 1479 636 stinctum,
1509 569 1645 640 Spiritum
1660 583 1740 624 esse¹

103 684 255 743 personam
282 682 340 721 aon
363 665 514 737 recipiens.
538 663 681 719 Adversus
704 662 793 717 islam
818 660 952 717 catholici
1005 661 1309 734 pralltearnini‘lQuod
1329 662 1349 713 si
1366 659 1645 729 rreeatis,apostolus
1667 657 1747 713 Pauli

102 759 279 820 decertantes
294 754 432 827 episcopi,
448 752 586 824 Spiritum
600 757 731 806 sanctum
757 750 952 823 probaverunt
1006 757 1049 806 tra
1060 767 1108 805 ros
1121 751 1235 816 clamat,
1262 749 1311 822 qui
1338 751 1406 804 dicit
1422 765 1428 802 :
1446 750 1478 802 Si
1502 750 1564 817 pais
1587 748 1725 817 Spiritum

103 844 319 900 unumesseiu
340 841 593 908 sanctsTrinitate,
610 839 882 894 consubstantialem
893 843 951 894 tam
1005 838 1411 906 nonhabet,hicacnestcjus
1436 835 1522 905 (hem.
1546 851 1603 900 vrri,
1630 833 1667 903 9).
1695 833 1747 888 Cla

104 933 180 990 Patri
197 948 284 1004 quam
310 931 391 998 Filio,
412 935 441 985 et
468 931 503 985 de
525 931 609 984 Patre
628 927 840 999 procedentem,
866 927 953 982 coad-
1007 933 1121 982 sanctus
1134 927 1231 993 lucas,
1247 926 1296 997 qui
1310 925 1398 979 dicit:
1418 927 1451 979 et
1465 940 1518 979 uon
1530 925 1655 993 permisit
1666 937 1709 979 ees
1727 922 1747 976 S

105 1021 257 1087 orandum,
274 1025 304 1075 et
322 1017 598 1090 conglorificandum
624 1016 701 1070 Patri
717 1016 857 1086 Filioque.
883 1015 954 1070 Dein
1006 1020 1069 1071 Jesa
1082 1015 1155 1085 (Act.
1175 1031 1230 1081 avr,
1255 1015 1292 1084 7).
1308 1013 1417 1068 Clamat
1429 1016 1457 1066 et
1478 1014 1601 1067 Petrus:
1622 1014 1740 1066 Dextera

105 1111 209 1167 llriana
238 1109 430 1181 repullulante
450 1106 574 1173 vasania,
593 1106 763 1176 volenteque
783 1104 953 1159 confirmare
1009 1105 1215 1169 Deiecultotus,
1230 1102 1328 1171 effodit
1348 1102 1428 1165 tanc,
1445 1115 1580 1168 querneae
1599 1099 1709 1154 vidistis
1723 1102 1747 1154 et

107 1216 165 1255 aen
186 1214 248 1254 esse
276 1202 359 1252 rectae
388 1196 454 1251 tidei
475 1195 614 1266 Spiritum
639 1199 768 1248 sanctum
796 1193 891 1249 dicere
919 1193 954 1248 de
1008 1196 1059 1247 stis
1078 1193 1148 1261 (Act.
1168 1208 1198 1252 rr.
1214 1194 1268 1258 33).
1283 1191 1434 1246 Clamatet
1450 1190 1512 1260 ipse
1539 1189 1677 1252 Salvator,
1697 1186 1747 1257 qui

108 1285 438 1358 Patreproccdere,hoc
466 1284 533 1355 quia
563 1283 707 1337 rideretur
735 1298 796 1336 esse
822 1282 955 1353 blasphe·
1009 1283 1086 1354 pulis
1102 1281 1229 1351 loquitur
1245 1297 1252 1335 ε
1271 1282 1302 1337 Si
1316 1295 1368 1335 neu
1382 1280 1483 1345 abiero,
1499 1280 1654 1334 Paracletus
1670 1293 1727 1334 neu

108 1374 353 1446 mum,quoniam
378 1373 503 1428 duorum
522 1373 707 1443 profiteretur
730 1370 954 1437 Pateresse,id-
1010 1375 1135 1427 stantem
1158 1370 1260 1436 obiere,
1285 1372 1391 1423 mittam
1417 1384 1477 1421 enm
1496 1367 1533 1420 ad
1553 1382 1599 1421 eos
1625 1367 1748 1432 (deame

108 1469 152 1520 est
168 1464 242 1531 Filii,
255 1480 306 1518 seu
325 1463 449 1533 Spiritus
462 1462 551 1515 sancti
567 1478 573 1515 :
591 1461 795 1532 huncquoque
824 1459 955 1532 blasphe·
1013 1462 1083 1517 ltem
1097 1466 1163 1532 post
1178 1458 1417 1514 resurrectionem
1437 1456 1584 1528 discipulis
1597 1453 1748 1509 insulllaril

108 1555 197 1610 mium
216 1552 435 1625 propellendam
455 1551 642 1606 decernentes
659 1549 789 1605 Ecclesia
815 1549 956 1616 dectores,
1012 1549 1072 1604 eis:
1095 1550 1219 1617 Accipite
1242 1548 1375 1617 Spiritum
1398 1549 1521 1600 sanctum
1545 1546 1633 1610 (lecu.
1658 1559 1702 1607 xx,
1718 1541 1748 1596 Si

108 1643 332 1714 superaddidere
355 1640 483 1712 symbolo
503 1639 641 1711 Spiritum
665 1644 797 1694 sanetum
825 1638 861 1693 de
885 1637 957 1694 Filio
1012 1638 1110 1693 omnia
1124 1637 1261 1710 Spiritum
1277 1639 1415 1701 sanctum,
1436 1633 1576 1704 Spiritum
1592 1648 1652 1686 esse
1675 1629 1748 1686 Chris

108 1747 225 1803 qnoque
240 1729 456 1802 procederetis
472 1727 495 1781 si
512 1728 547 1782 de
563 1728 646 1782 Patre
666 1731 778 1782 tantum
800 1726 958 1797 procedens
976 1695 999 1750 B
1014 1729 1142 1784 litentur.
1164 1729 1245 1795 Quod
1261 1743 1367 1798 negare
1383 1742 1448 1781 cum
1473 1742 1531 1780 non
1557 1725 1684 1791 valeatis,
1708 1738 1748 1779 aa

110 1820 264 1885 diceretur,
289 1823 440 1890 putaretur
464 1816 562 1882 Filius,
586 1832 638 1871 nec
662 1816 806 1871 diceretur
836 1815 960 1887 Spiritus
1013 1820 1122 1875 illatos
1143 1816 1313 1887 constringit
1331 1820 1373 1882 ut,
1387 1815 1480 1869 uelitis
1495 1813 1601 1878 nolitis,
1626 1828 1692 1867 eum
1709 1826 1748 1882 pn

112 1909 186 1976 Filii,
203 1907 279 1980 quaed
293 1913 336 1962 est
355 1905 479 1976 impium
504 1911 532 1959 ct
547 1905 758 1975 blasphemum,
775 1908 803 1960 et
825 1904 960 1960 maerens
1014 1909 1049 1964 do
1064 1908 1134 1963 sitio
1150 1923 1206 1962 non
1232 1907 1341 1975 negatis
1361 1920 1367 1958 :
1385 1919 1452 1958 nam
1474 1909 1506 1957 ut
1526 1906 1686 1957 creaturam
1702 1915 1748 1954 eur

112 1996 306 2064 evangelicam
349 1994 594 2066 apostolicamque
626 1993 787 2048 doctrinam
830 1994 957 2048 veniens.
1014 1996 1115 2052 dicatis
1138 1995 1297 2060 cumbria,
1321 1994 1363 2047 rel
1386 2009 1443 2047 non
1469 2008 1528 2044 essa
1548 2006 1614 2044 cum
1631 1987 1748 2045 blaceder

115 2086 185 2139 Nam
201 2083 225 2136 si
244 2083 337 2137 velitis
356 2083 451 2137 dicere
473 2083 548 2154 qnod
575 2083 728 2153 procedere
758 2081 876 2137 verbum
892 2082 960 2135 satis
1014 2091 1105 2140 statur
1118 2084 1266 2155 professio,
1282 2099 1338 2153 qrra
1359 2081 1453 2136 dicitis
1476 2095 1574 2135 orinia
1599 2081 1682 2134 Patre
1700 2093 1748 2148 pro

113 2171 281 2242 distinguat,
303 2187 339 2225 ne
353 2171 475 2240 Spiritus
500 2176 614 2226 sanctus
631 2176 746 2240 putetur
769 2187 831 2225 esse
861 2171 959 2237 Filius,
1013 2179 1082 2229 tem.
1101 2174 1236 2228 floccum
1256 2171 1360 2232 dicitis,
1376 2168 1620 2241 quemadmodum
1644 2181 1748 2237 negare

112 2259 300 2330 scitotequed
316 2260 402 2314 etiarn
416 2261 451 2315 de
467 2259 536 2315 Filio
547 2259 735 2331 praedicetur,
751 2260 791 2314 ait
807 2259 885 2314 enim
901 2259 961 2329 ipse
1016 2262 1086 2317 mirri
1104 2261 1200 2316 aFilio
1216 2260 1384 2329 procedere,
1407 2273 1472 2312 curn
1498 2256 1534 2309 sit
1558 2255 1709 2322 utriusque
1728 2268 1748 2308 st

112 2349 144 2403 in
172 2348 560 2419 Evangelioioannis21s'po
586 2365 621 2402 ea
650 2350 881 2418 Deeprecesmet
901 2351 963 2403 veni
1015 2352 1073 2418 tiae,
1089 2349 1178 2405 Patris
1189 2349 1295 2403 scilicet
1311 2352 1340 2401 et
1355 2346 1428 2406 Filii,
1445 2360 1496 2399 nec
1512 2344 1668 2414 possitessa
1682 2343 1748 2398 dest

114 2437 210 2506 (deon.
233 2453 291 2503 rur,
316 2438 369 2503 la).
392 2437 422 2493 Si
441 2451 509 2508 ergo
536 2453 570 2492 ex
593 2438 648 2492 lieo
677 2437 899 2508 Patreprocedil
922 2437 963 2491 Fi·
1017 2441 1057 2496 tia
1072 2439 1230 2508 utriusque,
1246 2436 1300 2490 nisi
1316 2438 1451 2506 procedat
1466 2434 1500 2487 ab
1517 2437 1650 2504 utroque.

115 2526 182 2588 lius,
207 2524 336 2595 procedit
361 2529 391 2580 et
410 2525 535 2596 Spiritus
557 2528 682 2593 sanctus,
702 2524 774 2596 qnid
804 2524 860 2579 erit
885 2524 963 2595 qtrod
1052 2527 1209 2583 Audiamus
1229 2525 1298 2596 quid
1329 2524 1481 2594 Gregorius
1505 2524 1656 2593 episcopus
1669 2519 1749 2575 Naris

116 2614 228 2668 Arianis
242 2613 388 2669 silentium
404 2613 545 2683 imponat,
562 2630 598 2667 ne
618 2612 756 2684 Spiritum
772 2617 903 2667 sanctum
919 2614 965 2667 Pa·
1017 2618 1046 2671 in
1067 2631 1199 2670 sermone
1227 2614 1261 2668 de
1287 2613 1393 2682 Spiritu
1421 2618 1529 2676 sancto,
1556 2626 1641 2683 quern
1667 2610 1697 2664 iu
1730 2609 1749 2664 li

117 2701 169 2756 tris
179 2717 238 2756 esse
257 2700 359 2756 utrium
377 2701 596 2772 blasphement?
1019 2701 1332 2773 constantinopolitana
1353 2718 1448 2755 coram
1477 2701 1582 2772 populo
1605 2698 1670 2753 lecit
1690 2696 1737 2752 die

455 2842 627 2898 CAPUTIU
1018 2797 1120 2858 costes,
1136 2792 1262 2846 dicatzs
1253 2791 1410 2863 «Spiritus,
1426 2790 1532 2861 iuquit,
1546 2792 1658 2843 sanctus
1673 2789 1736 2841 erat

1019 2897 1143 2952 semper,
1163 2884 1257 2948 etest,
1281 2880 1390 2946 eterit,
1408 2894 1501 2950 neque
1519 2878 1633 2932 initium
1658 2875 1749 2931 ullum

120 2951 283 3006 Testimonia
319 2965 353 3004 aa
385 2950 539 3004 Athanasio
566 2953 591 3004 et
622 2951 749 3017 Gregorio
780 2951 962 3007 Nazianzcno.
983 2971 1106 3049 ennom
1126 2969 1243 3033 haben,
1261 2968 1310 3022 „g
1331 2966 1449 3022 patria,
1465 2967 1535 3021 pipo
1563 2971 1747 3020 commus:

153 3056 231 3112 Hanc
249 3054 497 3127 igiturintuentes
515 3056 777 3110 causamdectores
805 3060 863 3110 tem
894 3056 964 3111 Lati·
1019 3054 1629 3127 enimdignumestautliliumaliquando
1648 3051 1749 3108 delaiss

119 3159 233 3210 norum,
250 3159 338 3216 quiam
363 3145 538 3210 Graecorum,
563 3143 696 3198 dixerunt
715 3145 818 3199 Filium
847 3145 963 3216 qtridcnr
1019 3144 1338 3218 aotSpiritumFilie.·
1364 3144 1627 3214 [licendonamqua
1649 3141 1749 3213 Spiritu

118 3250 151 3288 ex
169 3236 250 3289 Patre
275 3239 389 3288 tantum
415 3233 557 3304 genitum,
579 3234 719 3303 Spiritum
742 3249 809 3288 vero
832 3239 963 3286 sanctum
1019 3244 1097 3292 etum
1113 3234 1189 3290 Patri
1212 3233 1339 3304 Filioque
1363 3237 1547 3296 coaeternum,
1564 3232 1685 3286 Arianos
1712 3247 1749 3285 er

118 3323 154 3377 de
170 3323 252 3376 Patre
269 3321 397 3392 Filioque
414 3321 626 3391 procedentem,
640 3321 787 3390 quomodo
801 3321 964 3375 diuinarum
1020 3325 1262 3395 quiucreaturam
1289 3335 1354 3373 eum
1385 3320 1625 3390 dogmatizabant.
1654 3319 1749 3374 [licem

120 3409 213 3462 edocti
228 3407 392 3477 magisterio
411 3408 573 3489 litterarum
598 3408 799 3471 intellexerunt
830 3415 889 3462 tam
913 3411 966 3463 Pa⁶
1019 3411 1099 3480 qrrod
1123 3416 1183 3463 erat
1206 3424 1328 3478 semper,
1346 3409 1558 3475 etest,etcrit,
1580 3405 1747 3461 Macedonia

120 3494 172 3549 tris
187 3510 274 3565 quam
288 3495 352 3548 filii
368 3494 509 3564 Spiritum
524 3510 594 3559 esse,
616 3511 648 3548 ac
663 3501 816 3565 propterea
832 3495 866 3550 de
886 3500 965 3549 utro·
1020 3499 1103 3565 futat,
1114 3498 1164 3568 qui
1179 3513 1245 3551 erim
1262 3514 1323 3550 essa
1352 3497 1482 3567 negabat.
1499 3498 1534 3550 ut
1548 3512 1615 3550 vero
1638 3495 1749 3565 proliter

119 3581 354 3654 qrreprecedere.
380 3583 458 3636 Unde
477 3583 577 3637 beatus
600 3583 771 3637 Athanasius
795 3585 966 3641 Alexandri·
1021 3587 1092 3640 lium
1122 3586 1278 3657 aliquande
1309 3601 1366 3639 non
1397 3584 1519 3639 defuisse
1536 3584 1624 3649 Patri,
1652 3598 1704 3637 nec
1732 3581 1749 3637 S

121 3669 567 3741 nusepiscepusmultaprepter
591 3672 739 3726 catholica
755 3673 968 3728 iideicoustau·
1023 3677 1104 3741 Filio,
1134 3691 1183 3729 ros
1201 3676 1338 3741 confutat,
1366 3674 1417 3744 qui
1445 3673 1556 3744 negatis
1585 3688 1652 3726 enm
1677 3686 1750 3743 proc·

119 3759 190 3813 liam
206 3758 242 3812 ab
263 3758 376 3813 Arianis
399 3776 560 3831 perpessus,
581 3762 747 3832 frequenter
761 3760 849 3817 etiem
866 3765 967 3818 exsilio
1024 3765 1104 3820 Filio.
1121 3764 1150 3819 Si
1165 3764 1241 3818 euim
1260 3764 1416 3817 secundum
1431 3768 1554 3815 vestram
1573 3759 1744 3813 sententiam

119 3847 968 3923 atterumtectionepulsus,sainte-anasynodoepiscopo
1023 3860 1065 3908 set
1095 3853 1235 3923 Spiritum
1248 3858 1375 3905 sanctum
1401 3851 1533 3904 del’atre
1557 3855 1668 3901 tantum
1700 3861 1750 3917 pro

118 3952 176 3991 suo
195 3935 286 3990 beato
308 3937 467 3992 Alexandro
494 3937 633 3992 diaconus
658 3939 805 4002 assistens,
827 3939 969 4007 {adversus
1023 3942 1117 3996 dicere
1135 3942 1272 3996 debuerat
1299 3955 1349 3992 nec
1376 3938 1478 3992 Filium
1499 3952 1551 3990 nec
1575 3935 1714 4006 Spiritum
1739 3950 1750 3987 s

120 4024 266 4080 vesaniam
291 4024 351 4079 arii
375 4025 561 4095 singulariter
582 4026 729 4087 dimicans,
757 4027 786 4080 in
812 4026 911 4081 libello
934 4028 969 4080 de
1023 4030 1177 4101 aliquando
1193 4028 1314 4082 defuisse
1329 4026 1404 4080 Patri
1422 4043 1428 4080 :
1447 4041 1523 4079 nnnc
1538 4039 1603 4078 rere
1620 4040 1683 4077 cum
1699 4023 1750 4076 dici

120 4114 176 4168 lide
199 4128 285 4183 quem
307 4112 407 4180 edidit,
437 4120 466 4166 et
487 4113 620 4167 omnibus
637 4113 783 4167 catholicis
813 4113 969 4168 tenendum
1023 4133 1111 4188 quiam
1134 4118 1235 4172 Filium
1251 4115 1328 4171 Patri
1344 4115 1479 4181 defuisse,
1497 4129 1548 4167 nec
1561 4112 1700 4182 Spiritum
1723 4111 1750 4165 Fi

121 4199 281 4271 proposuit,
298 4200 486 4255 intercoetera
500 4201 540 4254 sic
553 4201 593 4255 uit
610 4241 616 4253 .
633 4222 647 4250 a
671 4202 754 4255 Pater
768 4217 796 4280 'a’
820 4202 898 4255 nullo
927 4207 970 4254 est
1025 4204 1124 4260 nileste
1141 4205 1269 4276 loquitur
1285 4203 1388 4258 Filium
1404 4209 1573 4256 autumessc
1585 4201 1619 4254 de
1636 4200 1746 4254 Patres

31 4316 37 4322 -
121 4288 292 4351 lactus„uec
307 4299 428 4356 creatus,
446 4304 497 4342 nec
519 4289 643 4358 genitus.
659 4289 747 4343 Filius
768 4307 785 4343 a
805 4290 886 4344 Patre
908 4291 967 4343 solo
988 4293 1160 4364 lilempore,
1176 4297 1204 4346 et
1214 4292 1351 4362 Spiritum
1367 4291 1402 4346 de
1420 4290 1492 4345 Filio
1508 4289 1679 4359 processisse
1694 4290 1750 4340 eutr

16 4390 22 4398 ·
122 4380 178 4442 est3
195 4390 253 4429 noa
277 4375 376 4443 lactus,
394 4392 453 4430 nou
476 4383 596 4444 creatus,
621 4378 670 4432 sed
693 4377 818 4448 genitus.
845 4378 969 4448 Spiritus
1024 4388 1147 4452 tempus.
1165 4382 1221 4435 Nec
1236 4385 1332 4434 tamen
1353 4378 1468 4449 negavit
1486 4393 1582 4432 euma
1606 4377 1688 4429 Patre
1703 4391 1750 4446 pr<

122 4468 269 4534 sanctusa
288 4463 371 4518 Patre
394 4469 424 4518 et
444 4463 525 4532 Filio,
552 4480 609 4518 non
635 4465 736 4531 lactus,
764 4481 823 4520 non
846 4472 967 4532 creatus,
1024 4471 1100 4526 unde
1116 4470 1192 4524 nulla
1223 4468 1457 4540 quartusomne
1485 4466 1534 4520 sed
1548 4464 1620 4518 dixit
1645 4479 1750 4536 nunqu,

122 4567 181 4609 aon
195 4552 318 4623 genitus,
336 4552 385 4607 sed
400 4554 568 4623 procedens.
586 4574 600 4603 »ι
625 4553 715 4618 Quam
730 4555 798 4610 lidei
819 4555 969 4610 raritatem
1024 4559 1110 4613 luisse
1125 4558 1206 4623 lilio,
1227 4556 1304 4627 quod
1316 4557 1346 4610 in
1361 4555 1550 4626 qaaestionem
1566 4557 1694 4606 venerat.

123 4640 288 4696 Latinorum
314 4643 451 4711 presules
464 4642 613 4698 doctorum
629 4645 861 4714 comprobantes,
877 4651 907 4700 et
920 4646 965 4700 ad·
1060 4647 1342 4717 inconsequentibus
1350 4660 1465 4716 quoque
1481 4644 1517 4697 de
1528 4643 1589 4712 ipso
1601 4642 1709 4711 Spiritu
1723 4639 1750 4695 lo

122 4744 221 4783 sersus
244 4730 324 4798 pravi
344 4729 485 4800 dogmatis
508 4731 607 4786 Ariani
638 4732 785 4803 singulare
820 4735 970 4789 munimen
1026 4734 1108 4800 «Qui
1132 4734 1297 4800 sanctillcet,
1324 4738 1352 4787 et
1376 4749 1433 4786 non
1458 4731 1655 4794 sarctilicetur,
1680 4729 1749 4784 deos

121 4816 345 4883 considerantes,
370 4824 398 4872 et
426 4818 461 4872 de
483 4818 638 4890 Scripturis
651 4821 757 4874 sanctis
783 4827 970 4891 propagatam
1026 4838 1083 4876 non
1094 4822 1154 4892 ipse
1166 4822 1217 4875 liat
1232 4820 1564 4886 [leus;iuconvertibilis‚
1588 4818 1749 4872 immutabil

121 4906 324 4977 intelligentes,
346 4906 473 4977 symbolo
489 4907 557 4962 lidei
584 4908 817 4977 superaddidere,
844 4908 971 4962 dicentes
1025 4925 1076 4981 per
1094 4908 1376 4964 adestsibiacPatri
1392 4913 1422 4962 et
1447 4907 1528 4975 Filio,
1545 4906 1707 4973 invisibilis,
1729 4905 1750 4959 ir

122 4995 158 5050 de
171 4995 280 5065 Spiritu
304 5000 423 5049 sancto:
450 4997 504 5063 Qui
526 5011 560 5052 ea
584 4997 668 5050 Putre
692 4998 814 5065 Filioque
836 4996 968 5066 procedit.
1024 4998 1101 5062 ralis,
1116 4997 1241 5070 propriae
1252 4997 1398 5068 potentiae,
1413 4997 1508 5050 omnis
1524 4995 1669 5064 potentiae.
1691 5015 1701 5040 ι
1720 4994 1751 5049 Cr

123 5083 200 5139 lianc
213 5083 300 5138 tidem
315 5099 348 5138 ex
364 5083 420 5138 illis
429 5084 619 5154 temporibus,
628 5084 762 5139 videlicet
776 5084 967 5152 Consentini,
1024 5102 1090 5142 eum
1107 5085 1161 5140 sibi
1172 5099 1284 5156 semper
1302 5085 1399 5139 adesse
1415 5089 1443 5138 et
1458 5084 1535 5138 Patri
1551 5099 1583 5137 ac
1605 5081 1697 5144 l'iliio,
1716 5096 1751 5136 no

123 5170 249 5243 subque
273 5171 399 5244 synodus
426 5173 457 5226 in
488 5173 581 5227 Nicaea
605 5178 799 5228 trecentorum
819 5174 918 5228 decem
942 5179 970 5228 et
1024 5174 1086 5246 quii
1100 5174 1266 5228 servitutem
1278 5171 1435 5227 assistendo
1445 5172 1634 5236 demonstrat,
1651 5170 1700 5224 sed
1724 5169 1751 5223 in

123 5263 186 5313 octo
202 5260 403 5332 episcoporum
432 5266 604 5332 congregata
623 5268 675 5327 est,
697 5277 788 5332 usqae
811 5262 848 5317 ad
873 5266 970 5316 nostra
1023 5263 1112 5317 tibilis
1138 5267 1166 5316 et
1187 5260 1384 5324 immutabilis,
1406 5260 1483 5331 quod
1507 5261 1544 5314 sit
1569 5264 1666 5313 tamen
1692 5258 1723 5312 in

123 5351 256 5416 tempora
283 5345 470 5405 Occidentalis
486 5349 580 5404 tenuit
598 5349 729 5405 Ecclesia.
754 5350 809 5405 Sed
824 5366 876 5406 aec
891 5353 968 5406 are·
1023 5355 1126 5406 natura
1141 5351 1266 5422 qnamin
1279 5350 1370 5404 Patris
1382 5349 1501 5420 Filiiqoo
1517 5348 1677 5403 substantia
1691 5346 1738 5401 :iu

123 5435 378 5492 cerumrabdicarit
396 5436 545 5502 catholica,
561 5438 699 5509 queniam
713 5438 805 5494 noluit
830 5440 969 5494 doctrinae
1023 5439 1175 5510 siquidem,
1192 5438 1261 5510 qrria
1274 5454 1332 5493 non
1346 5443 1390 5493 est
1403 5438 1479 5508 apud
1499 5452 1566 5493 eum
1593 5437 1651 5490 ulla
1663 5451 1751 5490 cumn

121 5519 250 5579 raritatis
272 5523 365 5577 miens
380 5525 452 5592 lieri,
478 5527 552 5581 siout
574 5525 691 5580 illerum
718 5525 822 5581 litteris
837 5526 967 5583 declara·
1022 5527 1097 5582 Patri
1111 5542 1179 5581 vere
1200 5525 1330 5597 Filioque
1345 5525 1381 5580 sit
1410 5524 1611 5588 immutabilis,
1637 5525 1707 5595 qnia
1727 5539 1751 5577 cr
