3930 6098
631 281 820 338 runicuvus
838 280 1047 339 tuuruosus.
1608 255 1616 265 ’
1672 295 1723 349 ιιι

81 409 142 465 tice
163 414 248 480 genta
270 410 366 464 nullus
386 410 524 464 hactenns
546 411 652 465 exstitit
675 412 816 483 predica·
835 414 902 466 Aet
917 418 982 466 ante
998 413 1074 467 diem
1092 414 1193 484 judicii
1218 416 1321 487 impios
1335 419 1402 490 igne
1416 436 1599 477 consumens.
1618 426 1719 480 Nonne

81 498 183 570 rquod
205 497 348 553 debitores
365 497 432 552 fidei
446 503 623 552 tenerentur.
642 500 689 555 lsli
704 508 717 534 ⁸
729 500 818 561 enirn,
873 501 934 572 ipse
949 502 1057 572 estqui
1072 503 1132 556 zelo
1148 503 1196 557 Dei
1219 509 1248 559 et
1271 508 1384 562 omissas
1407 508 1475 564 fidei
1491 511 1595 567 coelum
1610 513 1722 585 clausit,

81 586 171 653 ticam,
187 585 364 656 apostolatus
384 585 472 640 vicem
493 586 523 639 in
543 587 659 642 eosdem
678 592 706 641 et
733 604 818 642 eran·
873 589 963 644 nubes
986 590 1144 660 prohibuit,
1174 598 1203 646 at
1219 598 1325 647 terram
1348 595 1486 652 idolatriae
1507 599 1721 657 inremediabili

81 674 541 746 tpraediceuonemimpleverunt
551 676 667 730 eosdem
677 676 819 730 debitores
872 676 993 747 penuaria
1007 679 1090 749 panis
1106 678 1217 745 afflixit,
1243 680 1334 735 tribus
1356 684 1438 738 annis
1460 690 1488 739 et
1502 703 1550 741 sex
1573 688 1721 745 mansibus

81 763 256 830 uididerunt;
273 764 321 818 sed
338 780 396 818 nen
413 766 435 832 b,
453 779 545 818 crassa
560 764 728 834 ignorantiae
743 765 819 819 nube
872 764 979 820 imbres
1007 767 1174 836 prohibens,
1202 775 1231 823 et
1258 770 1557 830 misericordissimum
1586 778 1675 832 Deum
1705 794 1723 834 a

81 851 102 919 i,
128 853 297 924 mysterium
322 868 436 907 currere
452 852 599 923 Evangelii
618 854 818 908 nonvidemus
871 853 978 922 pietate
1002 855 1085 910 solita
1108 857 1237 910 oratione
1262 859 1452 929 suspendens,
1479 863 1551 917 nulli
1573 865 1637 934 pius
1662 867 1722 921 exi·

81 981 86 996 .
105 942 139 996 Et
152 941 417 1012 evangelizantibus
433 942 513 1012 genti
526 942 678 1012 justitiam,
695 941 725 995 in
740 951 819 1013 qumc
871 946 957 1023 stans,
971 943 1021 998 sad
1042 958 1228 1015 perseverans
1240 946 1372 1016 immitis,
1388 954 1418 1002 at
1432 949 1524 1020 rigide
1538 967 1589 1022 pre
1604 954 1717 1009 ratione

99 1030 267 1102 pradicatio
293 1031 430 1086 hactenus
453 1030 577 1101 praebuit
594 1031 680 1097 viam,
700 1031 818 1086 insauiae
872 1031 1005 1095 crudelis,
1027 1048 1079 1087 nac
1101 1034 1178 1088 aetati
1201 1035 1306 1088 vetulae
1330 1037 1470 1106 parcens?
1485 1038 1533 1108 {tlt
1554 1041 1619 1107 lieu.
1642 1041 1720 1112 ιιιι.)

81 1133 161 1173 ιιιιιιι
190 1135 252 1173 essa
280 1120 451 1186 vecordiam,
487 1135 545 1173 non
574 1120 818 1190 complementum
874 1120 906 1172 Et
922 1121 999 1190 quod
1015 1122 1106 1193 magia
1128 1123 1302 1177 crudelitatis
1328 1124 1641 1196 etinreligiosaanimi
1660 1145 1720 1184 asse

81 1207 229 1263 litantium
252 1209 463 1279 prescientiam
486 1214 685 1279 praesagatam.
706 1208 818 1273 Quanto
872 1212 985 1277 poterat
1011 1210 1137 1283 signum,
1168 1212 1312 1266 infantum
1345 1229 1362 1266 a
1388 1214 1510 1284 pertidia
1537 1215 1719 1273 innocentem

81 1310 97 1351 e
121 1296 311 1368 philosophos
334 1313 420 1368 super
438 1313 537 1351 omnes
551 1298 673 1352 aliarum
688 1297 818 1368 gentium
873 1298 1014 1367 parentali
1027 1306 1153 1370 etatem,
1169 1303 1260 1356 multo
1275 1318 1373 1356 severo
1387 1305 1469 1374 juxta
1482 1320 1533 1358 vos
1548 1306 1608 1360 zelo
1623 1312 1721 1361 contra

81 1401 87 1439 ι
105 1384 277 1455 glorificant,
303 1389 381 1439 lanto
406 1387 442 1440 ab
461 1385 629 1453 humilibus,
656 1391 684 1440 et
707 1403 723 1440 a
746 1386 818 1440 nilril
872 1387 1043 1442 sententiam
1059 1388 1118 1458 usi,
1134 1405 1190 1461 qua
1199 1390 1319 1460 jubetur
1341 1392 1431 1462 (Deut.
1453 1409 1527 1462 ιιιι,
1552 1395 1596 1465 le)
1613 1399 1645 1449 ut
1666 1411 1719 1465 pro

89 1472 234 1529 Christum
272 1474 437 1540 scientibus,
472 1478 500 1527 et
538 1474 614 1528 hunc
640 1474 817 1541 crucifixum,
872 1476 960 1544 patris
983 1476 1112 1547 nequitia
1136 1494 1195 1532 uon
1219 1479 1372 1534 ulciscatur
1395 1482 1506 1551 parvuli
1531 1482 1638 1550 anima,
1662 1499 1720 1537 non

81 1566 315 1617 contemnuntur.
333 1564 437 1618 Contra
453 1579 525 1634 quies
541 1579 667 1633 congrue
682 1567 711 1617 et
724 1563 817 1629 solita,
872 1567 984 1617 vereret
1012 1569 1108 1618 tantus
1142 1571 1171 1618 et
1201 1566 1265 1619 talis
1294 1567 1437 1638 propheta
1466 1574 1610 1624 truncare·
1643 1572 1719 1625 lianc

81 1666 98 1706 vs
112 1657 142 1706 et
156 1651 296 1706 mundiali
319 1652 613 1722 disciplinaiucullos,
631 1653 691 1723 ipsa
711 1653 818 1706 Veritas
872 1650 1070 1706 crudelitatem
1090 1653 1198 1724 ltoyses
1224 1654 1325 1724 legiter
1351 1656 1409 1721 llei,
1437 1662 1464 1711 et
1487 1658 1591 1712 schola.
1614 1659 1718 1713 Altitu-

81 1756 104 1794 ιι
120 1741 209 1794 mittit
228 1740 391 1811 discipulus,
413 1747 445 1795 ut
465 1741 561 1795 rustici
577 1745 604 1795 el
627 1741 677 1812 qui
691 1747 818 1796 contem·
838 1713 967 1794 Bnantis
982 1756 1034 1812 per
1055 1742 1247 1813 quadraginta
1268 1744 1328 1797 dies
1351 1744 1518 1815 discipulus,
1543 1762 1602 1801 nen
1624 1747 1717 1802 solum

81 1829 233 1884 tridentur
259 1829 378 1894 mundo,
403 1830 590 1900 philosophos
611 1836 640 1885 et
662 1830 751 1900 regali
774 1830 817 1884 in·
872 1829 902 1883 in
924 1830 1086 1901 AEgyptium
1110 1833 1171 1885 zelo
1195 1831 1247 1886 Dei
1272 1848 1339 1886 usus
1355 1837 1398 1886 est
1419 1834 1522 1904 (ecoe
1541 1850 1571 1900 ιι,
1593 1837 1644 1903 ιι),
1667 1835 1718 1889 sed

81 1924 204 1973 acoratus
228 1919 321 1973 verbis
347 1919 496 1990 impetant,
522 1919 642 1990 pedibus
657 1924 816 1987 conterant,
872 1917 903 1969 in
930 1918 1033 1972 tabulis
1058 1919 1147 1990 digitu
1172 1919 1222 1974 Dei
1248 1921 1369 1990 scriptis,
1395 1937 1466 1992 quas
1488 1921 1645 1993 intringere
1660 1938 1717 1977 non

81 2023 146 2080 tque
174 2007 324 2079 potestatis
353 2012 495 2062 tumorem
521 2008 652 2062 calcaneo
676 2007 743 2062 ildai
766 2024 818 2079 pro
873 2007 1043 2074 retractavit,
1074 2013 1181 2062 temere
1213 2009 1387 2063 sanctissime
1415 2016 1442 2065 et
1467 2009 1578 2065 liberali
1603 2011 1715 2065 fortitu-

100 2096 216 2151 ducant.
262 2098 319 2152 lloe
358 2102 400 2150 est
433 2097 509 2167 qnod
549 2096 682 2167 egregius
720 2097 820 2151 doctor
873 2095 939 2149 dine
964 2096 1034 2167 egit,
1055 2101 1083 2150 et
1106 2113 1159 2167 pro
1181 2096 1234 2150 hoc
1257 2113 1313 2152 non
1340 2098 1413 2152 iram
1439 2098 1499 2166 Dei,
1523 2099 1569 2154 sed
1596 2102 1718 2170 gratiam

81 2200 115 2239 ns
152 2186 183 2239 in
218 2190 318 2239 octavo
353 2185 464 2240 decimo
496 2185 606 2256 psalmo
646 2185 778 2256 exposuit
811 2201 818 2239 :
874 2185 978 2239 meruit
1010 2186 1107 2254 (baed.
1143 2201 1228 2251 xxxiv,
1266 2186 1318 2257 lb).
1359 2189 1442 2243 Forte
1479 2188 1532 2242 hae
1567 2189 1717 2245 severitate

81 2277 101 2342 l,
133 2273 239 2345 inquit,
273 2276 322 2343 qui
352 2288 380 2328 se
407 2274 555 2328 abscondet
589 2289 606 2328 e
636 2275 724 2328 colore
750 2275 817 2343 ejus.
873 2273 961 2326 homo
983 2273 1239 2341 mansuetissimus,
1265 2290 1315 2344 per
1333 2275 1719 2348 quadragintadiesquibus

83 2362 171 2430 enim,
194 2363 299 2434 inquit,
324 2378 393 2433 gens
418 2363 474 2417 erit
495 2363 525 2416 in
550 2363 653 2416 saecnle
676 2363 710 2415 ad
738 2364 819 2433 cujus
873 2376 938 2415 cum
954 2361 1516 2428 Dominemoratusest,imbutusiuit:
1535 2365 1584 2436 qui
1603 2365 1719 2421 moxad

81 2466 104 2507 ιι
144 2467 203 2506 non
245 2451 368 2521 attingat
412 2451 488 2505 calor
531 2450 599 2504 fidei
638 2450 817 2519 Christianae,
873 2449 986 2520 plebem
1013 2452 1247 2521 praevaricantem
1268 2452 1423 2519 descendit,
1449 2454 1572 2521 tabulas,
1596 2459 1627 2510 ut
1650 2455 1718 2521 dixi,

99 2545 142 2596 est
160 2541 205 2595 lex
231 2538 343 2594 Domini
357 2539 633 2610 inreprehensibilis,
650 2545 819 2594 convertens
873 2539 924 2592 Dei
948 2539 1099 2610 confregit,
1124 2545 1152 2594 et
1175 2542 1208 2594 ad
1234 2542 1375 2611 populum
1398 2543 1515 2597 veniens
1538 2544 1579 2598 eit
1603 2560 1609 2597 :
1633 2547 1720 2598 Ponet

82 2669 91 2698 ‚
133 2628 257 2683 invitans
295 2628 331 2682 ab
364 2643 461 2681 errore
494 2628 530 2681 ad
560 2628 616 2682 iter
649 2633 770 2695 rectum,
803 2645 819 2682 a
872 2631 917 2682 air
943 2628 1067 2695 eludium
1091 2632 1164 2683 circu
1188 2632 1278 2697 seauur
1301 2645 1403 2696 suum:
1428 2633 1465 2685 ite
1492 2636 1518 2686 et
1544 2631 1661 2687 recedite
1687 2632 1720 2687 de

81 2717 121 2772 cio
146 2719 180 2772 ad
210 2717 359 2771 veritatem
391 2733 398 2770 ι
429 2716 479 2771 ubi
505 2721 572 2770 sunt
598 2718 699 2770 latitia
727 2716 815 2787 letifi-
870 2718 1219 2786 porteuequeudportum
1233 2734 1283 2787 per
1295 2718 1413 2773 medium
1428 2725 1589 2787 uestrorum,
1607 2726 1633 2775 et
1648 2724 1718 2776 occi·

90 2805 182 2862 eorda.
219 2807 289 2860 Vere
313 2806 436 2859 calorem
467 2804 534 2859 fidei
564 2805 731 2859 Christianae
757 2806 818 2860 haec
873 2805 1717 2876 drrtuuusquisquelrotrem,elemicum,etprocimumsuum.

81 2893 161 2950 :litica
187 2911 258 2966 gens
289 2895 401 2966 ignorat
432 2911 439 2948 ι
471 2898 500 2948 et
531 2894 675 2948 ministres
705 2895 819 2950 Domini
865 2890 1082 2964 'cecideruntque
1101 2898 1130 2949 iu
1145 2895 1189 2949 die
1209 2897 1256 2951 illo
1282 2899 1476 2964 quuaiuipiuti
1496 2899 1719 2953 militauirorum

81 2987 166 3037 trente
197 2999 362 3055 conspersos
397 2983 533 3037 haetenus
559 2982 713 3036 nesciebat.
742 2981 818 3036 Facti
837 2981 973 3065 cillenii.
1000 2998 1085 3050 ιιιιι,
1110 2984 1162 3052 27).
1189 2984 1243 3038 Sed
1267 2989 1295 3037 et
1321 2985 1411 3039 llatau
1435 2990 1464 3038 et
1486 2986 1602 3054 hviron,
1623 2992 1720 3042 centra

97 3072 201 3126 eildei
225 3078 341 3140 nostra,
364 3071 387 3124 si
410 3079 506 3125 tamen
522 3071 647 3140 dignatis
662 3086 733 3132 esse,
749 3086 817 3124 con·
871 3087 901 3124 sa
915 3069 1045 3126 indebite
1068 3076 1283 3142 consurgentes,
1309 3088 1325 3126 a
1346 3077 1423 3127 terre
1436 3074 1616 3144 conspiciens
1632 3076 1718 3130 devo·

86 3176 173 3216 canes
192 3160 274 3227 muti,
290 3177 349 3215 non
372 3161 497 3214 valentes
514 3161 627 3215 latrare.
655 3160 780 3230 lmpatus
793 3161 817 3228 d,
871 3158 928 3214 rari
942 3160 1021 3214 nulla
1035 3159 1140 3230 pietate
1162 3161 1246 3215 solita
1264 3160 1397 3229 inllexue,
1413 3177 1469 3232 qua
1483 3177 1559 3231 saepe
1575 3179 1628 3234 pro
1642 3179 1718 3233 pree-

104 3257 148 3307 est
170 3253 283 3307 coeleste
306 3251 487 3306 bibliothecae
510 3251 626 3305 culturis
650 3251 817 3323 Hieronymi
870 3247 1020 3303 varicatori
1045 3249 1153 3319 populo
1179 3248 1332 3304 Dominum
1353 3248 1534 3319 deprecabat,
1557 3256 1719 3306 commotus

81 3338 284 3405 aimi'dietnm,
297 3340 328 3393 in
343 3356 400 3411 qno
417 3339 510 3394 nullut
525 3343 546 3406 ⁶,
562 3338 679 3409 exponit
693 3338 817 3409 prephe—
871 3341 912 3390 est
926 3337 1018 3405 (Num.
1041 3336 1108 3407 ιιι).
1136 3336 1191 3391 Sed
1209 3336 1336 3391 futuram
1361 3338 1514 3392 intendens
1538 3339 1717 3394 emundatio-

81 3428 289 3500 ;Speculetores
308 3432 370 3484 ceci
383 3444 483 3494 omues,
511 3427 632 3482 uniuersi
652 3443 730 3481 certes
749 3430 819 3481 muti
871 3441 938 3479 nem
958 3425 1124 3491 multorum,
1145 3441 1244 3480 necem
1266 3426 1467 3496 equanimiter
1491 3428 1624 3489 toleravit
1645 3444 1719 3499 pan·

81 3519 165 3574 laites
187 3520 290 3573 latrare
308 3519 377 3589 (lae.
394 3534 447 3584 ιιι,
468 3517 521 3586 lh).
544 3516 613 3571 lluti
636 3516 670 3570 ad
696 3517 817 3587 loquen·
871 3530 981 3568 corum.
999 3515 1106 3569 ilerum
1124 3514 1284 3569 crudelium
1304 3516 1434 3586 exempla
1458 3517 1717 3587 superabundant:

81 3614 159 3663 antra
183 3607 359 3663 adversarios
374 3607 404 3661 in
428 3604 647 3660 nostrosrabidi
669 3620 817 3659 canessu·
871 3607 900 3657 et
922 3603 1026 3657 divinae
1050 3603 1164 3673 paginae
1193 3603 1227 3657 ab
1254 3603 1299 3657 his
1326 3603 1490 3659 auctoribus
1518 3605 1719 3661 crudelibust

81 3695 118 3752 ed
132 3697 184 3751 Dei
198 3695 291 3766 polius
307 3710 463 3768 sequamur
477 3695 546 3748 vias.
566 3693 653 3748 h'ebis
665 3709 732 3747 rere
744 3692 816 3763 lupi,
870 3692 993 3761 scriptae,
1020 3691 1102 3745 nobis
1132 3692 1382 3747 mansuetudinem
1417 3693 1593 3764 ingerentes,
1623 3695 1719 3750 hostes

81 3785 135 3840 irca
156 3786 251 3839 caulas
277 3786 409 3854 saeviunt,
432 3799 531 3837 vocem
550 3782 754 3853 increpationis
769 3786 817 3835 tn·
871 3780 921 3835 Dei
937 3780 1076 3835 insectare
1092 3780 1217 3849 perlecto
1232 3780 1299 3835 odio
1314 3787 1510 3852 suggerentes,
1527 3798 1614 3853 snper
1632 3783 1718 3839 sacri·

94 3872 227 3928 inaudito
251 3888 366 3945 genere,
382 3877 410 3926 et
435 3871 536 3938 inviso,
561 3871 622 3941 lupi
642 3874 670 3923 et
690 3884 774 3923 canes
788 3868 818 3923 in
870 3854 1197 3938 licium'acceptabilcm
1217 3868 1290 3922 hanc
1312 3868 1509 3924 crudelitatem
1532 3886 1619 3942 quum
1635 3877 1718 3942 putu·

81 3962 160 4016 uersi
173 3967 249 4015 siunt.
870 3958 906 4014 tis
921 3962 950 4011 et
963 3957 1056 4012 verbis
1071 3961 1098 4011 et
1114 3957 1249 4026 operibus
1272 3958 1404 4012 clamant.
1430 3958 1499 4013 lnds
1515 3958 1632 4014 Samuel
1652 3974 1716 4014 cru-

81 4051 150 4107 lanc
172 4067 240 4105 vero
266 4049 442 4121 superbiam,
469 4064 556 4120 qnam
582 4046 672 4101 nostri
695 4046 818 4101 humiles
871 4046 954 4115 dalis,
979 4046 1038 4101 imo
1062 4045 1203 4101 Crantoris
1217 4043 1314 4100 servus
1328 4046 1428 4114 tidelis,
1444 4062 1543 4117 regem
1557 4047 1714 4119 pinguissi-

81 4155 123 4195 sas
144 4138 194 4194 Dei
217 4139 371 4194 tenendam
395 4137 575 4204 conlaudant,
600 4153 652 4207 per
674 4137 817 4207 majorum
871 4150 952 4190 mum
967 4139 1090 4202 truncat,
1106 4151 1191 4206 quam
1214 4135 1279 4206 pius
1299 4135 1365 4190 Saul
1388 4151 1438 4190 rex
1458 4141 1552 4190 vester
1572 4142 1720 4192 conservat

92 4226 227 4282 historias
238 4227 430 4298 requiramus,
449 4230 477 4280 et
498 4242 584 4296 qnam
610 4241 708 4279 rerum
724 4224 818 4291 profe·
873 4225 896 4289 tl
918 4226 982 4291 lieu.
1007 4240 1053 4290 ιι,
1079 4226 1133 4290 33).
1156 4223 1211 4278 Sed
1237 4225 1310 4278 Deus
1329 4224 1459 4278 emnium
1484 4223 1629 4280 crudelem
1655 4240 1718 4296 pro·

81 4317 288 4388 improbemus.
312 4317 411 4370 Nonne
434 4314 508 4369 Elias
532 4313 567 4368 ab
592 4314 727 4368 omnibus
749 4329 817 4384 pro·
838 4290 953 4379 Dbans,
970 4317 999 4366 et
1020 4312 1120 4366 mitem
1144 4312 1310 4382 reprobans,
1335 4311 1435 4382 rejecit
1455 4312 1535 4382 pium
1551 4312 1675 4380 Saulem,
1691 4318 1720 4368 et

81 4419 196 4476 nagnus
216 4405 354 4459 habetur?
379 4409 408 4459 et
428 4408 504 4457 certe
524 4402 585 4472 ipse
609 4408 661 4467 ast,
686 4403 736 4473 qui
759 4401 820 4456 zelo
872 4401 958 4470 elegit
981 4401 1144 4456 Samuelem
1167 4406 1287 4454 trucem.
1313 4401 1435 4454 Noverat
1455 4416 1581 4471 namque
1604 4402 1718 4456 Samuel

81 4492 323 4561 nsolnmverbis‚
348 4491 397 4546 sed
413 4507 480 4545 ense
501 4490 643 4544 accinctus
662 4491 736 4544 ultra
751 4506 819 4560 qua·
872 4489 997 4560 probans
1016 4480 1261 4559 indisciplinatum
1287 4488 1483 4556 molledinem,
1513 4494 1540 4544 et
1561 4490 1605 4544 Eli
1627 4491 1718 4561 magi·

81 4589 141 4636 ntes
167 4581 254 4636 bahal
277 4597 337 4635 non
361 4582 457 4636 timuit
480 4582 712 4653 prophetizantes
736 4586 818 4635 trun·
873 4583 964 4631 strum
980 4579 1142 4648 expulsum,
1157 4577 1337 4648 etpopulum
1357 4577 1549 4643 homininum,
1567 4594 1631 4633 area
1646 4578 1718 4651 legis

81 4671 181 4726 ultores
203 4673 250 4739 (lll
272 4672 342 4737 Rau.
363 4674 439 4737 ιιιιι)
464 4687 469 4724 :
493 4675 521 4724 et
543 4671 616 4724 duos
638 4670 819 4742 qulnquage·
872 4666 903 4720 in
936 4666 1163 4736 alienigenarum
1191 4668 1332 4735 potestate
1360 4666 1506 4720 redactum
1534 4668 1558 4720 ΙΙ.
1591 4667 1666 4722 llicit
1692 4673 1719 4722 et

102 4758 170 4830 igne
207 4775 387 4825 consumens,
423 4759 540 4813 tertium
566 4775 625 4813 non
662 4758 819 4813 molledine
874 4755 990 4809 David:
1021 4756 1113 4810 Nouae
1132 4757 1181 4823 qui
1203 4759 1227 4807 tc
1254 4753 1377 4818 oderunt,
1406 4755 1529 4823 Domine,
1552 4755 1670 4820 oderem,
1694 4761 1720 4809 et

81 4847 306 4913 ,athumilitata
321 4864 350 4901 sc
367 4849 562 4918 deprecantes,
587 4848 636 4902 sed
659 4846 820 4902 inlesumt
872 4859 954 4913 super
972 4845 1096 4898 iuimicus
1126 4848 1185 4897 tuos
1210 4841 1395 4896 tabescebam?
1419 4844 1539 4909 Perfecto
1571 4843 1632 4896 odio
1660 4842 1719 4897 ode·

103 4934 159 5007 (l'r'
179 4935 248 5007 Rep.
279 4936 310 5006 r),
337 4937 439 4990 merito
463 4936 553 5007 ipsius
569 4936 663 5006 operis
688 4951 818 5006 compro·
872 4949 933 4987 rum
956 4934 1027 4999 illos,
1062 4934 1169 4985 inimici
1193 4932 1264 4997 secti
1295 4934 1359 4985 suut
1388 4932 1456 4984 milii
1480 4931 1563 5000 (Pscl.
1590 4945 1717 4997 cxxxvlii,

81 5025 239 5080 dementem
256 5025 410 5079 Dominum
425 5025 461 5079 ad
481 5024 635 5080 vindictam
650 5040 818 5095 provocans,
873 5023 918 5089 it,
933 5022 988 5091 ιιι.
1015 5026 1057 5074 An
1080 5020 1231 5090 ignoratur
1252 5019 1347 5072 zelum
1372 5019 1501 5082 Phineas,
1527 5023 1556 5073 et
1579 5018 1718 5074 exoratio-

81 5198 93 5263 “,
107 5193 140 5250 id
154 5198 206 5262 est,
227 5195 277 5265 qui
298 5193 437 5250 Cordubae
452 5196 585 5249 ultronee
599 5209 659 5248 sesa
674 5193 820 5263 J'udicibus
909 5189 996 5255 dtis,
1010 5190 1147 5256 impetum.

81 5271 148 5333 unt,
165 5266 200 5320 de
216 5266 319 5338 quibus
334 5272 363 5320 et
377 5282 429 5336 pro
447 5266 551 5337 quibus
563 5265 758 5336 apologeticus
775 5266 820 5319 hic
908 5261 1017 5314 ⁸Forte
1031 5259 1111 5313 illud.

81 5353 216 5391 isaermo.
909 5330 1080 5401 rtegerem,
1108 5345 1160 5384 nou
1188 5329 1331 5384 molledine
1355 5331 1460 5395 mentis,
1490 5328 1536 5383 aad
1567 5329 1721 5385 bumilitate

81 5423 101 5479 ς.
118 5408 167 5464 sed
178 5422 237 5474 uos,
261 5407 291 5462 id
317 5411 359 5461 est
374 5406 527 5463 Christiani
551 5406 603 5466 illi.
629 5406 678 5478 qui
697 5407 728 5459 in
743 5423 819 5461 mar·
874 5402 1112 5470 acdeprccuutum,
1128 5402 1250 5455 inlesum
1264 5401 1379 5454 dimisit.

93 5494 128 5533 eo
141 5484 272 5549 tempore
284 5483 395 5549 gestum
410 5478 620 5548 improbabant.
911 5486 925 5527 ι
939 5473 1000 5536 lis,
1017 5472 1051 5525 ed
1066 5472 1112 5525 bos
1127 5478 1247 5525 auctores
1257 5470 1387 5524 crudeles.

81 5554 118 5604 ast
131 5549 163 5603 in
175 5550 381 5603 Saracenorum
394 5557 489 5620 gente.
911 5547 923 5587 ¹¹
942 5545 1020 5597 l'ortc
1037 5557 1157 5595 urcem...
1173 5541 1319 5596 rectuctum.
