3930 6098
393 270 497 328 LIBER
517 271 840 328 stcutbnrlronun.
856 301 890 310 -—
907 271 1188 328 nnnssblcnorlns
1208 272 1315 328 nrtsc.
1673 274 1724 327 862

85 398 256 468 edstvobis,
272 406 306 455 ut
325 402 402 472 quod
424 402 472 457 ille
493 403 617 474 Spiritus
641 402 731 458 sancti
754 419 820 458 mu·
838 405 863 457 A
914 405 1022 475 Uetque
1044 403 1123 458 robis
1151 419 1246 458 veram
1274 405 1413 459 mentium
1441 403 1645 468 innocentiam,
1673 403 1723 474 qui

85 486 174 542 litatus
196 489 294 543 vestris
316 490 434 545 auribus
453 491 569 561 infudit,
583 493 712 563 ejusdem
728 492 820 563 Spiri-

85 592 115 630 ιο
129 592 231 647 capere
246 584 342 633 ments
356 580 480 633 valeatis.
496 583 597 634 Amen.

96 664 159 735 eius
175 665 347 720 documento
362 667 398 720 de
412 667 560 722 divinitate
576 669 664 723 nostri
679 669 820 739 Redemp-

87 753 179 820 docti,
204 758 232 809 et
264 757 387 810 amando
411 759 488 827 quod
510 756 638 822 tradidit,
665 763 693 812 et
717 757 820 828 praedi-

87 841 167 914 quod
189 842 295 909 docuit,
317 848 345 897 et
366 846 547 916 exsequendo
570 846 646 916 quod
664 846 759 915 jussit,
785 846 820 900 ad

85 929 214 984 emanire
228 932 411 1000 mereamini,
427 949 491 1004 quae
506 933 584 988 idem
600 935 740 990 Dominus
754 951 820 990 nos-

85 1033 112 1073 rs
127 1017 256 1073 Christus
271 1021 447 1090 repromisit
465 1024 566 1077 Amen.

85 1106 166 1179 lipse
181 1112 327 1177 prestare.

159 1227 185 1266 s.
207 1228 238 1268 in
263 1229 381 1268 nrrxur
406 1230 628 1272 rrnocrsrnu.

85 1299 197 1372 ipotens
214 1303 297 1367 Deus,
316 1319 368 1372 pro
391 1304 472 1373 cujus
495 1305 641 1375 Unigeniti
661 1305 821 1360 venerande

85 1407 103 1456 i,
118 1389 262 1444 inlautum
285 1391 470 1447 innocentum
493 1399 617 1469 catervas
632 1394 752 1450 Uerudis
773 1395 820 1448 fu-

85 1480 184 1533 eremit
199 1480 317 1548 saevitia,
327 1497 386 1534 suae
397 1481 476 1535 vobis
491 1482 697 1537 benedictionis
713 1484 821 1538 tribuat

85 1567 230 1621 ratissima.
247 1571 346 1622 turen.

876 509 961 564 super
984 492 1166 563 Unigenitum
1191 509 1273 547 suum
1291 493 1429 564 Spiritum
1449 497 1579 546 sanctum
1599 491 1722 546 demon-

876 583 959 636 strari
982 582 1072 636 voluit
1091 598 1144 652 per
1166 583 1345 648 columbam3
1369 597 1459 653 esque
1484 580 1587 635 virtute
1610 585 1722 635 mentes

875 677 976 724 vestras
993 676 1178 724 exerceantur
1199 670 1234 724 ad
1259 670 1442 740 intelligenda
1463 669 1567 724 divium
1590 667 1662 739 legis
1676 682 1721 721 ar·

875 775 956 826 caua,
973 775 1030 831 qua
1051 759 1082 813 in
1098 760 1173 815 Cana
1196 759 1317 814 Galilaeae
1343 758 1458 830 lympha
1482 758 1511 812 in
1533 757 1631 812 vinum
1653 772 1721 811 con·

875 864 956 903 versa
970 855 1021 903 est.
1036 851 1135 903 Amen.

910 938 992 1002 Quod
1007 937 1067 1009 ipse
1079 941 1215 1008 praestare
1230 936 1374 1007 dignetur.

1061 1059 1088 1098 U.
1111 1058 1142 1098 tlt
1164 1057 1284 1098 octava
1309 1055 1538 1097 THEOPUAUIAE.

911 1152 1001 1205 Deum
1025 1148 1199 1203 mirabilium
1223 1153 1251 1202 et
1265 1148 1402 1202 virtutum
1418 1151 1563 1201 auctorem
1580 1145 1721 1216 supplices

875 1255 1037 1305 exoramus,
1055 1243 1086 1292 ut
1109 1238 1158 1307 qui
1174 1253 1203 1291 se
1218 1242 1287 1291 tunc
1310 1236 1409 1290 mundi
1425 1237 1524 1289 lumen
1547 1235 1636 1288 stellas
1653 1249 1721 1303 pro-

876 1328 947 1383 didit
961 1325 1080 1393 lumine,
1098 1333 1126 1381 et
1138 1328 1173 1381 ad
1189 1341 1275 1397 quem
1300 1325 1427 1379 claritate
1448 1323 1549 1378 sideris
1566 1321 1642 1393 magi
1656 1337 1722 1391 per·

874 1423 1015 1472 venerunt
1031 1415 1182 1481 orandum,
1197 1415 1257 1484 ipse
1279 1413 1453 1485 ignoscendo
1474 1428 1504 1465 se
1525 1411 1604 1465 robis
1619 1425 1722 1463 conce·

875 1506 922 1561 dat
937 1505 1159 1577 agnoscendum.
1175 1506 1277 1558 Amen.

911 1596 944 1649 Et
971 1595 1022 1666 qni
1047 1595 1180 1663 dignatus
1205 1597 1248 1645 est
1271 1590 1356 1646 bodie
1381 1590 1415 1644 ad
1440 1588 1570 1644 iordanis
1600 1587 1721 1652 fontem,

85 1654 339 1710 cieiscoucessitut
351 1656 465 1710 unicum
478 1657 581 1712 Filium
592 1659 654 1727 ejus
665 1660 819 1714 Dominum
841 1699 860 1752 B
875 1685 940 1739 fons
956 1700 1039 1755 ,qum
1063 1683 1133 1736 „pae
1149 1681 1331 1743 descendere,
1349 1683 1380 1733 „t
1404 1695 1456 1749 per
1473 1678 1615 1731 {arsacium
1630 1674 1721 1729 sancti

85 1757 105 1797 n
120 1759 179 1797 non
197 1744 351 1814 loquendo,
369 1745 418 1799 sed
441 1746 589 1801 moriendo
604 1747 818 1814 confiterentur,

85 1836 108 1887 st
123 1833 203 1887 vobis
227 1838 258 1886 nt
277 1833 364 1887 tidem
380 1850 487 1900 veram,
504 1851 592 1905 quarn
612 1836 709 1906 lingua
731 1837 821 1892 restra

85 1920 191 1980 ‚etiam
207 1936 302 1975 mores
325 1922 420 1991 probi,
442 1930 472 1976 et
494 1921 545 1977 rita
572 1925 754 1994 inculpabilis
777 1926 820 1979 s-

92 2012 194 2064 Amen.
692 2069 696 2079 ,

85 2113 120 2153 ue
135 2113 184 2152 cos
199 2098 376 2169 primitivum
392 2098 517 2154 fructum
533 2107 638 2155 sanctae
651 2119 710 2157 sum
725 2118 819 2157 susce·

85 2185 177 2246 desire,
200 2202 265 2240 cum
281 2187 375 2239 fructu
397 2186 539 2241 bonorum
563 2205 683 2258 opernm
708 2207 755 2244 vos
779 2192 819 2244 ia·

85 2274 192 2329 rreuire
206 2275 241 2328 ad
256 2274 359 2344 gaudia
376 2280 492 2330 aeteruae
508 2276 617 2346 patriae.
636 2281 736 2332 nmen.

99 2362 162 2432 ipsc
177 2368 312 2432 praestare
327 2365 472 2433 dignetur.

85 2484 115 2524 B·
139 2483 297 2524 UOHlNlCA
320 2484 396 2524 Post
420 2486 544 2526 nstris
568 2486 696 2527 bonini.

85 2573 163 2645 ,qui
187 2574 372 2645 Unigenitum
400 2591 484 2630 suum
513 2577 592 2630 misit
619 2582 650 2630 ut
677 2577 817 2631 muudum

85 2668 101 2730 t,
119 2662 249 2735 ejrrsdem
270 2663 368 2718 salutis
382 2680 431 2717 vos
448 2664 601 2734 participes
617 2665 730 2730 alliciat,
744 2672 772 2720 et
788 2669 817 2721 in

85 2749 240 2804 enerabiles
255 2750 361 2803 reddat.
381 2754 480 2804 Amen.

85 2877 90 2904 ,
116 2854 181 2908 quas
205 2845 291 2908 super
308 2838 439 2891 infideles
464 2843 572 2904 manet,
595 2854 612 2892 a
637 2839 716 2894 vobis
740 2858 818 2896 amo·

85 2931 101 2980 it
129 2926 164 2980 ab
189 2941 222 2981 ea
250 2943 298 2979 vos
320 2927 350 2980 in
373 2932 545 2997 perpetuum
570 2927 675 2981 liberos
702 2930 816 2984 eiliciat.

85 3108 148 3157 tum
175 3103 236 3158 Filii
258 3104 302 3157 sui
321 3102 400 3158 vobis
421 3103 570 3169 attribuat,
594 3104 713 3176 ejusque
736 3106 819 3159 donis

85 3190 142 3245 ‚tim
156 3192 311 3246 exuberare
323 3193 470 3247 concedat.
485 3197 587 3247 Amen.

99 3278 161 3350 ipse
176 3286 311 3350 praestare
325 3280 469 3349 dignetur.

203 3402 287 3464 nin
311 3403 434 3443 ocrrvx
458 3402 588 3442 bonini.

85 3473 196 3545 ipolens
211 3477 294 3542 Deus,
310 3476 392 3546 cujus
410 3476 578 3545 Unigenitus
597 3477 738 3530 hodierna
761 3477 817 3544 die,

85 3579 125 3618 sm
151 3565 283 3633 solveret,
308 3580 395 3635 quem
419 3565 578 3634 adimplere
602 3571 729 3630 venerat,
755 3582 820 3619 cor-

85 3668 100 3705 u
127 3653 251 3723 suscepit
276 3654 534 3718 circumcisionem,
555 3652 674 3722 spiritali
698 3653 820 3708 circum·

93 3745 204 3793 mentes
221 3747 328 3794 vestras
348 3743 382 3794 ab
407 3741 540 3795 omuibus
562 3740 698 3794 vitiorum
723 3743 820 3795 incen-

85 3833 202 3899 purgct,
223 3835 252 3883 et
273 3831 403 3884 suumin
425 3847 473 3884 vos
489 3829 622 3884 infundat
645 3830 819 3884 berrediclio-

85 3932 167 3971 meu.

85 4003 107 4057 ri
120 4005 216 4075 legem
241 4022 293 4075 per
315 4007 427 4078 Moysen
452 4006 539 4074 dedit,
555 4011 586 4061 ut
608 4024 660 4076 per
678 4009 821 4063 mediato-

85 4097 181 4147 ›strum
201 4094 430 4148 benedictionem
445 4094 536 4159 daret,
558 4103 641 4148 eruat
656 4113 703 4150 vos
721 4098 821 4151 morti-

85 4195 106 4234 ιο
122 4180 267 4248 vitiorum,
283 4186 310 4235 et
333 4182 417 4236 iaciat
440 4198 622 4252 perseverare
645 4184 676 4236 in
699 4185 821 4238 novitate

85 4283 122 4321 m.
139 4272 240 4323 Amen.

877 1773 1003 1844 corporis
1027 1772 1103 1843 ipsas
1119 1787 1207 1841 aquas
1231 1769 1363 1831 dilueret,
1389 1767 1450 1838 ipse
1474 1782 1523 1819 ros
1547 1763 1670 1819 interius
1693 1768 1722 1817 et

876 1861 1000 1916 exterius
1028 1861 1063 1915 ab
1104 1859 1184 1914 omui
1224 1856 1343 1911 crimine
1384 1858 1540 1910 clementer
1570 1855 1718 1923 expurget.

875 1954 974 2006 Amen.

911 2039 1022 2109 Quique
1045 2053 1142 2090 rursus
1167 2035 1220 2089 hac
1243 2035 1342 2089 eedem
1367 2033 1424 2100 die,
1447 2032 1476 2086 iu
1499 2032 1575 2087 Cana
1598 2029 1720 2084 Galilaeae

877 2133 992 2198 rogatus
1008 2128 1041 2180 ad
1061 2126 1226 2196 nuptiarum
1242 2123 1415 2186 convivium,
1432 2138 1519 2193 aquas
1534 2120 1601 2173 viles
1617 2117 1721 2189 prasci-

876 2232 965 2286 puum
980 2215 1120 2269 convertit
1135 2214 1164 2267 in
1184 2214 1294 2278 vinum,
1310 2212 1371 2281 ipse
1392 2210 1530 2264 vilitatem
1555 2206 1721 2261 mortalium

875 2319 1029 2374 corporum
1048 2309 1207 2357 vestrorum
1222 2302 1313 2372 gloria
1334 2297 1552 2353 resurrectionis
1575 2293 1721 2349 absorberi

874 2393 960 2447 faciat
974 2393 1003 2447 iu
1019 2397 1168 2446 aeteruum.
1187 2396 1287 2447 Amen.

909 2480 990 2544 Quod
1007 2481 1067 2550 ipse
1084 2485 1229 2551 praestare,
1246 2484 1313 2543 etc,
1331 2476 1412 2546 cujus
1425 2489 1559 2545 regnum.

995 2604 1021 2643 a.
1046 2603 1203 2642 nourrius
1227 2602 1235 2640 1
1259 2600 1334 2640 rosr
1356 2595 1604 2640 rnnoruxrrxn.

910 2699 984 2752 nous
1000 2693 1050 2766 qui
1065 2693 1129 2749 Filii
1147 2694 1190 2747 sni
1208 2692 1394 2763 temporalem
1411 2687 1564 2760 pueritiam
1581 2685 1646 2740 iecit
1661 2699 1722 2738 esse

875 2785 1046 2851 mirabilem,
1066 2783 1171 2853 spiritu
1194 2782 1355 2853 prudentiss
1369 2779 1456 2834 corda
1470 2783 1564 2863 vestra
1579 2774 1722 2828 illustrare

874 2891 905 2928 ac
922 2875 1023 2927 docere
1039 2872 1182 2943 dignetur.
1200 2874 1301 2924 Amen.

909 2962 1020 3033 Quique
1036 2961 1117 3015 illum
1135 2959 1300 3030 parentibus
1312 2955 1506 3024 temporaliter
1520 2952 1603 3006 subdi
1620 2950 1720 3016 voluit,

873 3052 934 3121 ipse
951 3067 998 3105 vos
1013 3048 1184 3105 humilitatis
1206 3053 1234 3101 et
1256 3046 1370 3118 pietatis
1387 3042 1554 3098 nruueribus
1570 3040 1721 3094 miseratus

873 3140 1017 3194 informet.
1033 3141 1135 3192 Amen.

910 3230 941 3281 Et
968 3227 1017 3298 qui
1044 3242 1109 3280 eum
1126 3223 1275 3296 sapientia,
1298 3226 1381 3277 aetate
1405 3226 1434 3275 et
1462 3219 1554 3292 gratia
1581 3216 1720 3288 prolicere

875 3316 986 3382 tribuit,
1012 3314 1184 3385 spiritalium
1223 3311 1301 3366 vobis
1338 3311 1514 3382 profectuum
1542 3308 1720 3360 incrementa

874 3403 1016 3474 propitius
1031 3402 1292 3472 largiatu1·.Amen.
1675 3412 1677 3415 ·

910 3493 991 3556 Quod
1006 3492 1066 3562 ipse
1082 3496 1226 3561 prmstarc.

983 3633 1010 3672 B.
1034 3630 1193 3671 contritot
1216 3629 1240 3669 11
1264 3628 1338 3668 POST
1360 3625 1609 3666 runorntrtttst.

914 3723 996 3789 Ueus,
1015 3721 1064 3791 qui
1079 3737 1130 3773 sua
1149 3719 1275 3773 mirabili
1298 3721 1437 3789 potestate
1460 3731 1564 3786 aquam
1587 3713 1672 3768 vertit
1692 3712 1723 3766 in

876 3811 985 3875 viuum,
1010 3825 1059 3862 ros
1086 3825 1103 3861 a
1129 3812 1268 3861 vetustate
1299 3806 1460 3860 subtractos
1488 3805 1520 3858 in
1541 3804 1631 3857 beatur
1657 3800 1723 3853 vitae

875 3898 1027 3954 transferat
1040 3896 1205 3950 novitatem.
1218 3897 1319 3948 Arnen.

912 3987 943 4038 Et
955 3984 1004 4055 qui
1021 3983 1129 4053 nuptiis
1142 3983 1278 4036 interesse
1293 3981 1391 4047 votuit,
1412 3985 1444 4034 ut
1462 3994 1562 4033 earum
1580 3993 1632 4031 sua
1648 3989 1722 4046 prae·

876 4074 967 4128 sentin
990 4071 1189 4143 comprobaret
1212 4072 1332 4138 bouum,
1354 4071 1415 4140 ipse
1438 4068 1515 4122 robis
1535 4064 1671 4120 castitatis
1695 4068 1724 4116 et

876 4162 1036 4216 sobrietatis
1052 4166 1199 4231 perpetum
1215 4159 1342 4214 conterat
1356 4160 1472 4212 donum.
1490 4160 1589 4210 Amen.

912 4253 973 4321 lpse
990 4252 1067 4304 robis
1087 4256 1248 4304 sanctarum
1270 4249 1489 4318 intelligentiam
1512 4245 1723 4314 scripturarum

93 4355 134 4410 ⁵10
154 4356 184 4409 jn
207 4355 311 4410 senarii
329 4356 442 4410 „umeri
456 4356 632 4426 pergensque
654 4357 682 4409 jn
700 4357 752 4410 boc
768 4374 819 4411 503.
842 4313 984 4393 Dtribuat
1003 4339 1161 4409 spiritalem
1186 4339 1236 4408 qui
1259 4353 1348 4407 aquas
1369 4337 1399 4389 in
1421 4336 1487 4389 vina
1510 4333 1654 4397 vertendo,
1669 4332 1724 4384 boc

85 4444 165 4506 vatis,
191 4449 219 4498 et
233 4444 263 4498 in
286 4446 448 4515 septenario
470 4445 544 4497 inter
566 4446 714 4498 beatorum
736 4445 836 4515 spiri·'

85 4533 198 4603 agmina
221 4534 418 4605 requiescatis,
440 4538 580 4603 quatenus
602 4533 632 4585 in
659 4538 757 4586 octavo
780 4551 821 4588 re-

85 4621 149 4676 ione
170 4623 309 4688 renovati,
331 4621 445 4693 jubilei
473 4620 639 4675 remissione
666 4623 757 4687 ditati,
786 4622 821 4676 ad

91 4710 153 4764 sine
166 4711 224 4765 line
241 4727 376 4765 mansura
392 4711 575 4780 perveniatis.

85 4799 163 4869 ipse
176 4805 314 4869 praestare
330 4800 474 4871 dignetur.

235 4913 263 4951 B.
287 4914 319 4953 lit
342 4912 565 4953 TUROPUANIA.

106 4991 206 5045 lumen
229 5008 339 5059 verum,
364 4992 414 5063 qui
446 4993 629 5062 Unigenitum
661 5010 745 5047 sirum
772 4991 823 5047 ho-

877 4429 970 4497 ipsum
987 4427 1077 4480 volcrit
1093 4427 1252 4496 designare.
1272 4431 1372 4479 Amen.

911 4515 991 4579 Quod
1008 4516 1069 4585 ipse
1083 4520 1230 4584 proestnre.

984 4637 1011 4676 Β.
1035 4635 1189 4676 nourrius
1216 4634 1254 4674 tlt
1273 4633 1348 4674 POST
1367 4630 1616 4672 THEOPHAMAU.

912 4728 1100 4798 Omnipotens
1134 4728 1207 4780 Deus
1242 4742 1291 4779 vos
1319 4725 1354 4778 ab
1382 4723 1512 4778 omnium
1541 4727 1723 4793 peccatorum

879 4816 995 4869 maculis
1022 4815 1173 4882 emundet,
1203 4814 1252 4885 qui
1283 4815 1429 4884 leprosum
1458 4812 1617 4884 supplicem
1646 4815 1724 4863 tactu

875 4903 993 4973 proprio
1009 4904 1143 4972 dignatus
1160 4910 1202 4956 est
1214 4903 1381 4957 emundare.
1398 4891 1499 4956 Amen.

911 4992 1029 5062 Quique.
1054 4991 1230 5045 centurionis
1257 5006 1371 5044 servum
1400 5007 1457 5044 non
1486 4993 1653 5059 aspernatus
1682 4992 1724 5040 est

94 5080 150 5148 die,
171 5081 254 5135 stella
270 5081 350 5149 duce,
368 5082 501 5160 gentibus
517 5081 607 5134 nutriit
622 5082 756 5142 revelare,
771 5097 822 5134 sua
876 5081 999 5149 visitare,
1022 5082 1082 5152 ipse
1106 5083 1234 5136 cordium
1261 5091 1421 5135 vestrorum
1446 5079 1602 5149 hospitium
1626 5077 1724 5147 digne·

85 5173 174 5221 *uetur
189 5168 387 5223 bencdictione
404 5169 505 5223 ditare.
523 5173 624 5221 Amen.

106 5257 240 5327 exemplo
271 5273 432 5327 magorum,
460 5257 579 5327 mystica
610 5257 731 5310 Uomiuo
756 5256 820 5312 Jesu

85 5369 88 5388 ι
113 5360 236 5400 munera
262 5345 426 5411 offerentes,
457 5349 553 5415 spreto
581 5344 700 5414 antiquo
729 5345 820 5409 hoste,

85 5449 135 5503 que
155 5433 296 5504 contagiis
319 5433 464 5497 vitiorum,
480 5433 516 5485 ad
541 5436 680 5486 {eternam
700 5433 821 5502 patriam

85 5522 198 5591 caleatis
211 5538 262 5593 per
277 5523 352 5578 viam
365 5522 512 5577 virtutum.
529 5523 631 5575 Amen.

875 5176 924 5223 tur
940 5169 1163 5225 misericorditer
1177 5170 1306 5235 introire.
1323 5172 1424 5223 Amen.

912 5258 1014 5329 Sicque
1029 5274 1078 5312 vos
1093 5258 1161 5313 fidei
1174 5274 1234 5312 suar
1247 5258 1428 5328 plenitudini:
1444 5255 1589 5321 informet,
1608 5260 1640 5308 nt
1657 5270 1723 5309 cum

877 5345 981 5398 sanctis
996 5344 1055 5398 suis
1071 5345 1101 5398 in
1116 5346 1254 5400 coelorum
1270 5360 1358 5414 reguo
1376 5344 1542 5398 accumbere
1557 5342 1722 5399 contendat.

877 5435 978 5486 Amen.
1004 5447 1007 5453 ·

912 5520 994 5586 Quod
1008 5521 1079 5593 ipse.
