3930 6098
97 250 151 303 eea

520 249 624 306 LIBER
644 250 968 308 sacnaunutoeult.
986 280 1019 292 -
1031 251 1307 310 Benlmtertouns
1327 256 1433 313 El‘lSC.

1799 266 1852 318 870

132 381 227 449 Atque
253 378 327 433 idern
354 378 477 450 Spiritus
495 379 623 435 veritatis
647 381 687 435 ita
710 398 759 435 vos
785 381 870 436 bodie
899 385 990 438 sual
1040 383 1076 437 ut
1095 383 1275 438 invisibiliter
1294 386 1394 440 eodem
1418 387 1527 457 Spiritu
1551 387 1693 455 instructi,
1712 390 1773 445 Filii
1791 394 1853 464 ejus

96 466 276 521 habitatione
292 468 393 537 dignos
413 467 579 533 alliciebat
602 485 664 522 eras
688 469 787 522 vestris
806 468 950 521 mentibus

97 569 138 620 se,
154 556 303 609 vobiscum
323 558 463 627 perpetim
475 557 664 623 habitaturus,
680 557 827 623 inlundnl.;
844 563 871 610 et
887 572 949 627 per·-

97 649 161 698 acto
178 646 328 714 praesentis
344 647 407 698 sitne
428 647 581 712 curriculo,
597 662 646 698 vos
662 646 695 699 ad
720 645 846 698 eoelvsstia
862 659 950 714 regna

96 731 241 801 perducat
266 735 367 786 Allien.

133 818 215 882 Quod
241 819 302 889 ipse
322 824 459 888 praestare
482 820 627 889 dignetur,
653 820 704 890 qiri
727 835 792 873 curn
819 821 899 872 l‘atre
921 822 950 871 et

99 907 172 961 Pilio
190 923 264 961 unias
280 908 353 961 Deus
365 908 434 960 vivit
450 912 477 960 el
491 914 595 977 regnat
609 909 769 977 peremnia
785 907 889 960 sucrrla
900 922 949 960 see·

97 996 241 1051 colorum.
257 998 358 1051 nmen.

447 1085 516 1138 Item
532 1086 598 1138 eliu

135 1201 211 1254 Deus
231 1201 314 1254 Pater
329 1199 520 1271 omnipotens.
544 1199 742 1270 quianullum
766 1199 877 1254 Christo
902 1198 948 1253 Fi-

97 1288 138 1344 lio
158 1305 222 1356 suo,
244 1288 390 1360 discipulis
415 1290 477 1359 ejus
497 1288 633 1359 Spiritum
663 1288 849 1358 paracletum,
879 1287 950 1341 sicul

97 1378 282 1449 promiserat,
298 1377 413 1444 irrfudit‚
440 1377 541 1430 eodem
563 1392 611 1430 sos
633 1376 779 1447 purificari
801 1382 829 1430 et
848 1393 948 1430 conso-

98 1467 152 1521 lari
169 1467 312 1537 dignetur.
332 1466 434 1521 Amen.

134 1556 216 1611 Utin
233 1555 313 1607 vobis
338 1555 367 1607 in
391 1555 443 1607 line
468 1553 716 1620 emeritanensis,
736 1569 784 1606 vos
807 1553 835 1606 in
854 1553 949 1606 loturo

99 1644 134 1698 ad
148 1644 289 1697 visionem
303 1659 381 1696 suam
398 1643 544 1712 perducat.
559 1646 660 1696 ilirieu.

134 1739 174 1787 Ac
188 1733 281 1803 ipsum
298 1732 400 1785 lilium
418 1747 514 1800 strum,
537 1747 622 1802 qrrenr
640 1731 719 1801 impii
743 1731 772 1783 in
794 1730 903 1800 jndicio
922 1747 949 1782 ru

100 1821 227 1877 hominis
242 1819 330 1873 visuri
350 1826 416 1872 scirit
438 1819 539 1875 sernia,
566 1825 629 1887 post
651 1818 790 1886 judicium
817 1819 897 1869 colus
921 1817 950 1869 in

100 1911 251 1981 majestate
267 1925 317 1962 sua
332 1907 552 1977 conspicabilem
571 1907 677 1960 reddat.
694 1911 794 1960 brnen

135 1999 218 2064 Quod
233 1999 303 2069 ipse.

248 2129 275 2167 B.
304 2128 335 2167 ΙΝ
360 2128 410 2166 utlt
433 2127 553 2167 sabelo
576 2123 807 2165 nutscellense.

136 2232 222 2297 Deus,
246 2228 296 2298 qui
312 2227 449 2281 hodierna
466 2226 511 2281 die
534 2225 738 2295 discipulorum
763 2229 873 2277 mentes
888 2222 950 2291 Spi-

102 2319 174 2373 ritus
190 2317 326 2387 paraeleli
350 2315 493 2369 inlusione
518 2315 654 2382 dignatus
677 2319 717 2366 est
740 2313 891 2375 illustrare,
909 2313 951 2364 la·

102 2406 157 2461 ciat
179 2421 231 2457 vos
248 2420 299 2458 sna
318 2402 516 2458 benedictione
536 2401 654 2472 repleri,
672 2407 699 2453 et
715 2400 841 2470 ejusdcm
859 2399 952 2468 Spiri-

101 2501 147 2549 tus
160 2495 244 2549 donis
259 2493 425 2546 exuberare.
441 2494 540 2544 nmen.

138 2584 189 2639 llle
205 2583 280 2652 ignis
303 2581 351 2651 qni
367 2595 454 2649 super
475 2579 631 2648 discipulos
653 2578 794 2648 apparuit,
821 2582 951 2646 peecato-

103 2688 166 2726 rum
184 2675 346 2723 vestroruin
370 2668 469 2720 sordes
491 2671 640 2736 espurget,
660 2673 687 2718 et
702 2664 744 2717 sui
772 2665 889 2717 1ιιιιιιιιι>1
908 2665 950 2717 ιιι-

102 2761 216 2815 frisione
233 2758 317 2812 corda
330 2761 424 2810 vestra
438 2756 601 2826 perlustret.
617 2758 718 2810 Αιιιιιι.

137 2850 251 2918 Quique
280 2846 414 2917 dignatus
440 2849 483 2897 est
510 2844 701 2897 diversitatem
733 2843 895 2910 linguarum
924 2860 951 2895 m

103 2940 190 2993 unios
205 2935 271 2990 lidei
287 2934 466 2988 confessione
485 2933 621 2997 adunare,
638 2931 668 2986 in
691 2933 790 2986 eadem
808 2947 856 2984 vos
871 2931 954 2984 faeiat

104 3027 160 3081 lide
176 3039 371 3096 perseverare,
388 3027 416 3075 el
432 3038 482 3092 per
499 3021 572 3077 hanc
592 3021 625 3074 ad
643 3020 766 3091 speciem
785 3020 846 3089 lul..
860 3019 953 3090 speeie

104 3132 162 3172 scae
175 3111 366 3180 celsitudinis]
383 3111 540 3181 pervenire.
555 3113 656 3163 Anien.

138 3201 220 3267 Quod
237 3200 306 3271 ipse.

455 3284 601 3341 ltemalie.

140 3410 225 3470 Deris,
241 3404 291 3476 qiri
306 3402 461 3474 apostolos,
480 3401 585 3454 Christi
603 3399 665 3455 Filii
685 3400 729 3453 sui
745 3415 857 3454 recessu
873 3400 955 3471 qtrasi

104 3495 251 3567 orphanos
274 3493 371 3556 factos,
389 3489 473 3544 bodie
498 3489 621 3543 adventu
640 3487 764 3558 Spiritus
784 3487 873 3541 sancti
890 3487 954 3541 red·

104 3583 176 3638 didit
199 3581 372 3651 consolatos,
396 3579 458 3649 ipso
485 3594 535 3630 vos
558 3593 673 3646 semper
701 3576 891 3644 inhabitante,
920 3576 954 3629 ab

103 3670 305 3728 omnimalitia
321 3669 406 3723 lirciat
418 3667 535 3720 alienos.
553 3669 655 3720 rtmeu.

139 3759 174 3812 Et
199 3757 249 3828 qni
274 3773 320 3810 eos
342 3754 513 3809 charismate
538 3752 654 3806 donavit
679 3751 809 3806 omnium
840 3751 952 3821 lingua·

103 3863 181 3913 rum,
195 3862 247 3900 vos
261 3845 332 3899 ditet
347 3843 439 3914 gratia
454 3846 621 3896 cunctarum
638 3841 785 3894 virtutum.
798 3842 900 3894 Amen.

140 3937 177 3990 b't
192 3935 240 3989 hic
259 3933 427 4001 unanimes,
451 3948 508 3984 uno
533 3946 582 3984 ore
607 3928 829 3983 honorificantes
853 3929 955 3989 Deum,

105 4041 172 4081 cum
188 4023 259 4094 ipsis
273 4021 445 4093 perveniatis
464 4020 497 4074 ad
513 4035 601 4090 regna
616 4019 764 4072 coelorum.
781 4021 883 4073 Amen.

141 4113 225 4178 Quod
241 4112 312 4182 ipse.

292 4241 318 4280 ιι.
342 4240 373 4280 ιι
397 4238 519 4280 oerava
543 4235 772 4277 persuaderes.

1004 467 1079 520 liatis
1096 469 1233 538 adoptivi.
1249 473 1350 524 Arnim.

1042 556 1074 608 Et
1103 572 1118 607 a
1145 561 1284 625 potestate
1309 557 1491 612 tenebrarum
1524 561 1697 626 recedentes,
1723 563 1751 617 in
1783 580 1850 619 con·

1003 648 1100 712 spectu
1119 642 1207 712 ipsius
1221 645 1409 713 perseveretis
1425 648 1562 702 lucentes.
1578 653 1680 704 tmen.

1039 729 1119 793 Quod
1138 731 1208 800 ipse.

1041 851 1068 889 a.
1092 851 1249 893 nonlulca
1274 855 1282 892 l
1307 854 1382 894 POST
1405 856 1552 897 octavae
1577 858 1807 902 PeurecosrltS.

1040 943 1182 997 charitate
1206 962 1257 999 sua
1280 962 1331 1000 vos
1352 947 1490 1001 Dominus
1515 951 1623 1020 replere
1647 952 1792 1024 dignetur,
1818 958 1851 1009 nt

1003 1029 1086 1084 beata
1101 1047 1148 1085 ros
1165 1033 1332 1087 haereditate
1350 1042 1524 1089 muneretur.
1542 1039 1641 1092 nmen.

1040 1118 1186 1182 Quatenus
1203 1122 1401 1190 pertimerem
1418 1125 1479 1194 ejus
1495 1131 1613 1187 castrans,
1630 1126 1768 1195 gebenna.
1784 1145 1849 1182 eva·

1004 1205 1104 1259 dentes
1124 1212 1313 1271 tormentum,
1333 1211 1367 1263 ad
1395 1227 1552 1281 supernum
1568 1213 1725 1282 gaudentes
1747 1230 1850 1285 perve-

1003 1295 1090 1351 niatis
1103 1296 1276 1366 paradisum.
1296 1302 1397 1354 Amen.

1041 1385 1074 1439 Ur
1089 1386 1156 1439 inde
1171 1387 1330 1457 conspectis
1345 1389 1488 1442 malorum
1509 1389 1601 1459 poenis
1621 1406 1692 1462 spiras
1708 1392 1770 1462 ejus
1784 1409 1852 1463 gra-

1003 1474 1043 1528 tia
1069 1473 1205 1540 evasistis,
1222 1475 1331 1530 debitas
1351 1477 1377 1531 ei
1394 1479 1552 1548 gratiarum
1570 1478 1693 1534 actiones
1715 1481 1745 1535 in
1760 1496 1852 1537 aevum

1004 1563 1182 1633 persolvatis.
1200 1568 1300 1617 Arneai.

922 1729 927 1738 1
970 1680 990 1732 B
1042 1653 1123 1714 tlviod
1142 1654 1210 1722 ipse.

1319 1738 1475 1778 boutxlca
1499 1741 1535 1778 ll.

1042 1830 1116 1882 llerrs
1133 1831 1215 1883 Pater
1235 1829 1426 1900 omnipotens,
1443 1831 1493 1900 qui
1517 1848 1565 1883 vos
1591 1832 1624 1885 ad
1640 1848 1720 1886 suam
1744 1832 1854 1886 vocavit

1004 1932 1126 1984 cranam,
1156 1916 1303 1971 liumiliter
1339 1918 1392 1971 sibi
1429 1919 1619 1988 obscrprcntes
1654 1920 1791 1988 perducat
1817 1921 1852 1975 ad

1005 2006 1093 2060 illum.
1106 2010 1207 2059 Amen.

1042 2095 1076 2146 llt
1092 2093 1253 2147 inlelieibns
1277 2093 1351 2146 circa
1368 2094 1512 2146 terrestria
1536 2094 1666 2161 detentis,
1683 2111 1733 2147 vvis
1755 2096 1852 2150 felices

1006 2186 1034 2236 et
1049 2183 1173 2250 exprcditi
1192 2182 1224 2234 ad
1241 2182 1366 2235 coelestia
1382 2182 1562 2250 perveniatis.
1580 2186 1680 2237 elmon.

1042 2273 1098 2324 Nec
1115 2271 1141 2323 iu
1159 2270 1256 2340 aliquo
1273 2274 1397 2322 vestrum
1423 2271 1496 2323 lleus
1512 2271 1640 2324 inveniat
1654 2272 1730 2342 qrred
1752 2275 1851 2343 expul-

1005 2360 1086 2412 sione
1100 2359 1133 2411 sit
1154 2358 1284 2422 dianam,
1302 2358 1349 2412 sed
1363 2358 1440 2429 quod
1457 2360 1608 2428 praemium
1627 2365 1770 2415 mercatur
1786 2363 1852 2414 bea-

1005 2455 1076 2502 tnm.
1095 2451 1196 2501 Amen.

1042 2536 1121 2600 Quod
1136 2536 1208 2605 ipsc.

1314 2620 1470 2661 uouisset
1495 2621 1547 2661 ιιι.

1043 2714 1231 2784 llrruiipolcns
1247 2715 1330 2776 lleus,
1349 2713 1396 2783 qui
1418 2713 1602 2781 lirrigcnitum
1619 2730 1702 2767 surim
1722 2714 1853 2768 adorem

925 2843 929 2851 .
1008 2803 1111 2857 direxit
1125 2819 1286 2863 erroneam,
1304 2818 1354 2872 per
1368 2801 1464 2870 ipsum
1481 2817 1529 2854 vos
1544 2802 1577 2855 ad
1593 2803 1771 2856 mansionem
1787 2818 1852 2872 per·

1008 2891 1092 2945 ducat
1106 2907 1270 2960 supernam.
1287 2895 1388 2944 brnen.

973 2980 993 3036 C
1045 2981 1076 3033 Et
1105 2979 1221 3032 interim
1249 2994 1334 3031 vosa
1363 2976 1476 3031 leonum
1505 2981 1533 3029 et
1560 2979 1692 3048 lnporum
1720 2978 1854 3034 defendat

1007 3066 1133 3133 insidiis,
1169 3066 1259 3119 donec
1296 3064 1332 3118 ad
1368 3080 1467 3117 secura
1499 3081 1602 3133 pascua
1643 3067 1850 3122 conscendatis.

1008 3159 1109 3209 Amen.

1045 3245 1080 3298 Ut
1092 3243 1143 3298 liat
1157 3243 1191 3298 de
1210 3242 1289 3297 robis
1305 3240 1443 3312 gaudium
1460 3240 1488 3294 ιιι
1505 3241 1592 3307 coelis,
1608 3241 1685 3312 quod
1701 3258 1753 3312 per
1767 3243 1855 3298 fidem

1007 3332 1157 3387 diabolum
1172 3331 1313 3386 devicistis
1329 3331 1359 3385 ιιι
1374 3328 1467 3384 terris.
1485 3332 1586 3384 Amen.

1046 3420 1127 3486 Quod
1140 3421 1211 3492 ipse.

1321 3503 1478 3546 conculca
1502 3504 1546 3543 rr.

1044 3580 1201 3635 Misericors
1226 3581 1299 3634 beris
1325 3578 1520 3633 misericordes
1542 3594 1591 3631 ros
1612 3577 1705 3646 faeiat,
1725 3582 1757 3632 ut
1779 3578 1857 3634 vobis

1009 3669 1235 3724 misericordiam
1251 3668 1403 3736 dignanter
1417 3666 1574 3737 impendat.
1591 3669 1692 3720 brnen.

1046 3759 1077 3812 Et
1090 3758 1129 3810 ita
1151 3772 1201 3809 ros
1222 3756 1320 3810 doceat
1337 3755 1477 3825 judicare,
1503 3769 1538 3806 ue
1561 3754 1662 3807 rnerito
1684 3770 1734 3808 vos
1755 3755 1858 3811 debeat

1010 3847 1210 3901 condemnare.
1226 3847 1328 3898 Anien.

1046 3936 1100 3990 Sed
1123 3934 1280 3987 imitatores
1303 3933 1450 4003 patientie
1472 3931 1577 3987 Cbristi
1601 3930 1724 3998 allectos,
1753 3932 1783 3987 in
1811 3933 1857 3987 lu·

1011 4029 1074 4078 tura
1087 4021 1178 4094 gloria
1192 4021 1346 4089 constituat
1356 4022 1384 4074 in
1401 4036 1493 4074 aevrrm
1509 4035 1631 4075 securos.
1647 4023 1749 4076 Amen.

1046 4111 1128 4177 Qiiod
1147 4111 1219 4182 ipse.

1327 4194 1484 4236 uouisset
1513 4194 1541 4233 r.

976 4280 998 4334 D
1047 4270 1219 4327 Obedientes
1241 4286 1290 4324 vos
1313 4270 1452 4323 llominus
1478 4271 1594 4338 prestet
1618 4267 1781 4338 apostolica
1808 4268 1856 4323 do·

143 4343 278 4398 Effflndal
301 4356 388 4412 ⁸⁰90?
409 4355 460 4393 V⁰⁵
486 4338 624 4392 ⁰⁰ffll¹¹¹¹⁸
649 4335 784 4407 spiritum
808 4335 908 4405 &salim
927 4341 956 4391 ⁰t
1011 4361 1119 4425 ctrina,
1149 4364 1181 4411 ut
1217 4357 1345 4412 heredes
1374 4358 1447 4410 llatis
1484 4356 1692 4411 benedictionis
1730 4362 1855 4412 aeternae.

106 4447 237 4503 precum,
260 4429 392 4500 spiritum
418 4426 574 4497 agnitionis
600 4430 627 4478 et
652 4422 813 4478 dilectionis
836 4439 904 4491 suas,
929 4428 957 4477 et

107 4525 213 4575 sanctae
229 4517 298 4589 spei.
318 4519 417 4569 Amen.

141 4606 312 4678 Requiescal
329 4618 415 4674 snper
438 4616 486 4656 ros
506 4600 625 4670 spiritus
647 4599 794 4670 sapientia
817 4603 845 4652 et
867 4598 956 4652 intel-

105 4694 206 4759 lectus,
222 4692 342 4763 spiritus
355 4688 467 4743 consilii
483 4693 513 4741 et
527 4685 715 4754 fortitudinis,
731 4685 849 4756 spiritns
864 4685 955 4740 scien·

105 4784 152 4837 tia>¹
178 4788 207 4837 et
227 4778 352 4854 pietatis,
374 4777 542 4847 repleatque
566 4790 615 4827 vos
641 4773 743 4844 spiritu
765 4772 878 4826 timoris
901 4774 955 4828 uo-

106 4871 186 4925 mini.
204 4875 304 4924 nmen.

139 4958 265 5029 Spiritus
286 4955 348 5026 ejus
372 4952 422 5023 qui
441 4949 585 5005 suscitavit
603 4951 700 5004 Jesum
725 4949 889 5016 amortuis,
904 4950 955 5004 ha·

105 5044 176 5102 bitet
191 5046 222 5100 in
243 5044 331 5109 robis,
349 5046 380 5094 nt
400 5039 626 5094 immortalitatis
651 5037 713 5106 ejus
738 5037 955 5108 participatione

106 5150 157 5207 per
169 5133 283 5189 infinita
297 5130 402 5186 secula
417 5127 572 5200 gaudeatis.
588 5130 689 5181 Amen.

139 5223 223 5289 Quod
238 5222 310 5293 ipse.

458 5306 524 5359 ltenr
540 5304 607 5357 olio.

142 5417 218 5470 Dens
233 5412 283 5485 qui
304 5410 485 5482 regeneravit
508 5425 556 5463 ros
571 5424 606 5464 ex
629 5423 703 5478 aqna
718 5410 746 5460 et
764 5403 871 5476 Spiritu
889 5419 954 5457 san-

106 5509 161 5565 eto,
179 5503 240 5573 ipse
252 5516 303 5553 vos
319 5500 347 5553 in
364 5515 415 5552 sno
430 5498 585 5552 constituat
599 5510 697 5565 regno.
712 5497 813 5547 Amen.

1010 4452 1111 4501 Amen.

1048 4537 1079 4589 Et
1093 4551 1190 4589 earum
1212 4535 1344 4606 precibus
1367 4534 1401 4588 de
1423 4533 1565 4604 profundo
1587 4534 1673 4604 bujrrs
1698 4535 1800 4590 niundi
1822 4535 1858 4590 li·

1010 4623 1110 4689 berati,
1127 4639 1193 4677 cum
1208 4622 1249 4676 eis
1264 4638 1440 4693 possessores
1456 4622 1604 4691 gaudeatis
1628 4624 1711 4694 regni
1727 4625 1855 4696 superni.

1010 4718 1111 4767 Amen.

1000 4832 1011 4847 ·
1046 4803 1081 4857 Ut
1100 4817 1164 4855 cum
1188 4799 1465 4855 animadversionem
1485 4800 1591 4870 judicis
1605 4805 1757 4872 pavescent
1779 4800 1856 4854 mala

1009 4890 1155 4956 facientes,
1172 4888 1248 4943 oculi
1269 4887 1383 4942 llomini
1404 4888 1588 4943 demulceant
1605 4905 1655 4942 vos
1669 4889 1856 4944 exsultantes.

1009 4981 1110 5032 Anien.

1321 5063 1477 5103 nnurutct
1500 5062 1545 5101 vr.

1045 5137 1190 5208 baptisma
1212 5135 1290 5207 qrrod
1315 5136 1462 5207 accepistis
1484 5136 1514 5189 in
1538 5135 1662 5200 Christo,
1679 5135 1741 5207 ejus
1765 5136 1858 5207 gratia

1009 5224 1180 5280 conservetis
1196 5225 1318 5279 illaesum
1334 5225 1363 5278 in
1380 5224 1499 5279 mundo.
1515 5226 1615 5279 Amen.

1046 5315 1081 5369 Ut
1106 5314 1134 5367 in
1156 5313 1219 5384 ipso
1236 5313 1410 5368 commortui
1431 5312 1565 5383 peccatis,
1590 5313 1620 5367 in
1641 5312 1767 5367 novitate
1791 5312 1859 5369 vitre

1009 5418 1123 5472 semper
1137 5402 1297 5456 ambuletis.
1314 5405 1417 5456 Amen.

1046 5492 1078 5544 Et
1099 5490 1178 5544 emm
1207 5491 1367 5544 tenteritate
1384 5490 1487 5544 mentis
1508 5494 1536 5545 et
1559 5489 1664 5560 lingua.
1686 5490 1746 5545 sire
1761 5491 1859 5561 operia
