3930 6098
101 243 171 295 ¹153
607 242 789 298 uatuattttt
810 241 982 299 aristone
1002 241 1048 298 DE
1067 239 1344 297 ctuocurflstta

100 372 271 427 Innumeras
285 369 425 426 concessit
438 387 508 442 opes
522 370 595 426 mihi
609 371 740 427 eonditor
754 372 845 441 orbis;
966 378 989 430 Α
1005 373 1121 427 Francia
1137 387 1183 425 me
1197 371 1306 442 genuit,
1327 371 1439 441 genitor
1452 369 1569 429 nomine
1586 370 1670 427 Saxo.

136 459 264 529 Sumpsit
279 460 362 530 inops
378 460 514 523 modicas,
531 476 641 531 pauper
657 467 685 516 et
704 461 832 532 exiguas.
1040 461 1183 517 oromatis
1193 461 1285 514 merui
1301 477 1407 515 nomeu
1421 460 1528 515 habere
1545 476 1661 515 novum.

100 548 235 603 Proesulis
250 547 389 613 cilicium,
406 548 513 620 populo
528 549 712 618 acclamante,
731 549 836 621 recepi.
1005 549 1054 603 Dic
1070 549 1219 621 relegens:
1237 548 1374 619 Requiem
1390 553 1487 604 teneat
1497 549 1654 605 Adsentius
1669 551 1786 620 almam,

136 636 251 692 Semina
264 636 397 691 distribui
411 637 525 708 parcius
544 639 619 692 alma
641 639 731 710 gregi.
1039 638 1109 693 Cum
1121 652 1208 708 grege
1218 638 1371 692 candidulo
1386 654 1474 709 regua
1489 638 1572 693 beata
1586 644 1697 709 petens.

101 725 239 780 Ecclesiae
254 725 358 781 Christi
373 725 452 781 cultu
466 726 622 781 venerabar
636 728 756 782 honesto
774 743 781 784 :
1002 728 1061 782 Rex
1072 726 1135 781 coeli
1152 726 1306 781 adveniens
1320 727 1469 797 plasmatis
1484 726 1605 782 reddere
1619 727 1718 799 digua,

134 814 245 869 Pecceti
261 813 329 869 hinc
343 814 456 869 veniam
468 814 603 870 coelicolm
618 815 778 871 obtineant.
1038 817 1070 870 lu
1079 814 1257 885 paradisiaco
1266 814 1397 886 granum
1412 816 1505 886 pende
1516 816 1600 871 viam.

100 901 235 958 Carmina
245 903 310 958 laete
325 902 395 958 olim
408 902 510 970 cecini,
527 919 604 959 nuuc
619 904 711 959 tristia
725 903 815 974 tingo,
1000 902 1123 959 Obsecro
1144 918 1197 974 per
1215 903 1324 957 trinum
1348 903 1511 966 Dominum,
1532 908 1679 960 contestor
1698 908 1728 960 at
1747 920 1851 975 uuum,

136 991 258 1046 Funeris
270 991 421 1063 exsequias
436 1008 518 1046 musa
532 997 654 1047 venusta
664 996 756 1063 parat.
1037 992 1173 1048 Hauseoli
1187 996 1300 1063 septum
1313 991 1393 1048 nulla
1406 1007 1508 1047 manus
1525 994 1620 1049 violet.

99 1274 297 1357 (Opiternium
312 1276 501 1357 subsequens,
518 1296 571 1337 suo
586 1275 648 1336 Ioco
663 1277 815 1348 omissum,
831 1274 936 1336 seriem
952 1273 1065 1335 claudit
1083 1274 1211 1357 Opmrn
1226 1275 1390 1339 Rotromnr'
1408 1276 1594 1340 Corbeieueis
1612 1277 1765 1352 monachi,
1786 1296 1852 1360 quaa

726 1354 816 1418 dobes
829 1373 923 1436 stupro
938 1356 970 1415 rie
984 1354 1039 1416 boc
1053 1354 1227 1436 volumine.)

684 1651 1249 1776 -RATRAMNI

790 1856 993 1903 conulensis
1016 1857 1159 1903 uouactu

436 2007 787 2116 EPIaTOLA
830 2006 924 2115 DE
970 2004 1519 2119 CYNOCliPHALlS

556 2200 609 2265 AD
634 2199 874 2265 RlMBERTUM
898 2198 1194 2267 PRESBYTERUM
1218 2198 1402 2265 SCRIPTA.

658 2337 743 2402 (Apud
756 2337 901 2399 oudinum,
915 2337 948 2388 de
963 2337 1057 2402 Script.
1070 2336 1240 2425 ecclenlom.
1255 2336 1300 2400 ll.)

140 2598 246 2653 Divinos
275 2595 375 2666 gratie
403 2591 570 2648 muneribus
597 2591 747 2658 honorato,
780 2589 1091 2660 plurimum-Brileto
1111 2590 1335 2656 uobisdireotre‚
1358 2589 1576 2645 damnatorem
1603 2589 1719 2645 illorum
1732 2589 1855 2662 diligen·

105 2686 200 2759 quein
216 2685 328 2739 Christo
341 2681 487 2754 diligendo
503 2681 642 2735 Riuaanro
660 2679 818 2734 venerabili
834 2678 951 2750 presby·
1005 2679 1064 2733 tius
1082 2678 1294 2750 significarunt,
1310 2679 1450 2734 nonnulla
1466 2678 1616 2734 docuerint
1631 2694 1695 2749 qum
1719 2679 1854 2734 humanae

103 2781 176 2842 tero,
194 2774 360 2828 Rarasuuue
376 2771 579 2841 sempiternam
593 2770 623 2823 iu
649 2768 771 2823 Domino
784 2768 849 2822 lesu
870 2767 951 2822 Chri·
1005 2767 1114 2821 rationi
1134 2768 1340 2839 potiusquam
1362 2767 1474 2822 bestiali
1494 2766 1675 2822 sensibilitati
1702 2767 1855 2822 convenire

104 2869 148 2919 ,to
164 2864 295 2918 salutem,
1007 2855 1163 2910 sidentur:
1187 2856 1294 2910 scilicet
1313 2855 1390 2926 quod
1411 2854 1555 2909 societatis
1575 2856 1706 2925 quadarn
1718 2856 1787 2926 jura
1800 2870 1853 2910 cu·
1884 2900 1887 2905 .

140 2952 219 3018 tluod
246 2956 351 3006 nostrae
372 2947 522 3020 petitionis
547 2960 689 3001 memores
708 2943 812 3010 effecti,
837 2942 951 3013 scripsi·
1007 2941 1143 3009 modiant,
1183 2942 1259 3014 quod
1287 2943 1421 2997 villarum
1457 2942 1630 2996 cohabitatio
1670 2942 1855 3014 testificatum

104 3042 155 3097 stis
168 3041 250 3096 nobis
269 3041 317 3094 illa
336 3055 401 3110 qum
415 3039 450 3091 de
474 3033 737 3105 cenocephalorum
749 3041 762 3066 ⁸
781 3036 882 3085 natura
897 3046 953 3100 po·
1008 3031 1084 3100 quod
1102 3031 1164 3102 agri
1187 3032 1329 3085 culturam
1345 3036 1487 3098 exercent,
1502 3031 1579 3102 quod
1594 3035 1621 3084 et
1646 3031 1762 3101 frugum
1777 3046 1852 3085 mes-

103 3131 198 3186 luistis
211 3144 393 3201 cognoscere,
410 3142 467 3181 non
484 3125 594 3179 modice
611 3139 658 3177 me
674 3120 848 3176 laetificastis.
872 3118 953 3185 Quod
1008 3119 1357 3191 siouecolligitur;quod
1374 3120 1496 3174 verenda
1515 3136 1571 3173 nou
1596 3119 1752 3174 bestiarum
1777 3134 1856 3175 more
1932 3116 1940 3141 ¹

104 3237 170 3275 aero
200 3220 236 3274 ad
263 3234 297 3272 ea
319 3232 384 3288 quae
413 3212 574 3287 postulastis
599 3211 717 3265 minime
745 3208 953 3279 rescripserim,
1007 3207 1155 3278 detegant,
1175 3208 1224 3262 sed
1252 3208 1379 3263 humana
1405 3207 1697 3274 aelerrlverecundia,
1717 3223 1783 3279 quac
1811 3223 1857 3263 res

106 3309 243 3364 noveritis
266 3305 448 3376 negligentia.
465 3308 580 3373 torpore
604 3313 787 3370 nequaquam
811 3297 866 3351 hoc
886 3312 953 3350 con·
1008 3295 1127 3367 pudoris
1141 3300 1186 3350 est
1198 3295 1356 3364 indicium,
1369 3297 1445 3367 quod
1465 3296 1495 3350 iu
1511 3311 1565 3351 usu
1580 3295 1726 3366 tegminis,
1738 3312 1798 3352 uon
1812 3313 1858 3351 so·

106 3398 223 3469 tigisse,
242 3410 340 3449 verum
362 3393 429 3464 quia
453 3390 588 3445 delatoris
613 3385 953 3460 praesentianouaffece·
1009 3384 1069 3439 lum
1085 3384 1183 3455 pelles,
1201 3384 1401 3439 verumetiam
1424 3390 1559 3439 elvestes
1575 3401 1624 3439 eos
1653 3385 1758 3440 habere
1786 3385 1857 3440 scri·

103 3491 160 3552 rat,
177 3498 348 3554 suspensum
368 3479 463 3535 irrisae.
488 3479 568 3532 Nunc
591 3481 688 3530 autern
713 3474 847 3529 veniente
867 3473 955 3528 fratre
1008 3471 1123 3543 psistis:
1139 3472 1201 3527 hac
1223 3473 1300 3527 enim
1329 3473 1426 3527 omnia
1450 3473 1619 3528 rationalem
1642 3473 1856 3544 quodammodo

104 3573 250 3630 sarwardo
276 3571 311 3625 ad
339 3586 390 3624 uos
414 3572 444 3622 et
470 3567 506 3622 ad
526 3581 576 3620 ros
601 3568 756 3634 remeante,
785 3563 852 3617 data
876 3578 955 3617 occa·
1008 3559 1156 3615 testificari
1184 3560 1315 3616 ridentur
1343 3562 1384 3615 eis
1410 3563 1502 3616 inesse
1528 3563 1668 3618 animans.
1696 3562 1766 3617 Nam
1792 3578 1858 3617 cum

105 3658 325 3727 sione,.solliciti
348 3657 466 3722 fuimus,
491 3655 616 3709 breuiter
635 3653 769 3708 iutimare
783 3666 848 3722 quae
872 3650 955 3705 nobis
1009 3647 1120 3704 dicatur
1133 3648 1233 3704 civitas
1245 3666 1306 3704 esse
1327 3655 1416 3704 coetus
1431 3650 1583 3705 hominum
1608 3651 1708 3706 eodem
1724 3651 1776 3706 sub
1791 3651 1858 3722 jure

104 3751 274 3805 videbantur
288 3761 374 3817 super
389 3743 576 3816 inquisitione
592 3746 694 3795 vestra.
715 3726 849 3805 Quaeritis
875 3737 954 3792 enim
1008 3737 1117 3806 pariter
1131 3736 1310 3808 degentium,
1326 3737 1430 3807 istique
1455 3739 1539 3793 simul
1558 3738 1723 3793 cohabitare
1742 3754 1794 3810 per
1807 3739 1859 3794 vil·

106 3840 174 3912 quid
210 3837 245 3891 de
273 3831 480 3902 Ceuocephelis
506 3829 622 3885 credere
651 3827 789 3894 debeatis,
827 3826 957 3881 videlicet
1011 3823 1304 3879 larumeoutubernia
1321 3823 1462 3892 dicautur,
1486 3825 1607 3879 civitatis
1623 3824 1769 3880 distinctio
1792 3825 1858 3881 tali·

106 3933 204 3982 utrum
219 3926 253 3980 de
266 3924 336 3978 Adae
360 3922 418 3976 siut
446 3919 535 3989 stirpe
558 3915 714 3988 progeniti,
738 3931 775 3970 en
799 3915 955 3970 bestiarum
974 3883 1064 3968 Cbus
1080 3913 1233 3968 convenire
1249 3929 1305 3967 nou
1322 3913 1373 3968 ebs
1394 3929 1424 3967 re
1438 3913 1574 3968 creditur.
1596 3912 1744 3984 Siquidem
1758 3918 1787 3968 et
1800 3913 1858 3970 col·

107 4016 214 4070 habent
225 4013 337 4068 animas
352 4026 360 4064 ε
376 4024 441 4080 quae
456 4005 576 4079 quaetio
587 4003 791 4076 compendiose
806 4003 846 4058 ita
860 4005 957 4074 potest
1011 4001 1132 4056 lectione
1147 4017 1200 4056 sua
1218 4001 1433 4056 multitudinem
1458 4001 1577 4069 iaciunt,
1591 4006 1620 4056 et
1647 4003 1753 4074 pariter
1773 4001 1858 4058 habi-

108 4090 303 4158 determiniri.
334 4097 363 4153 Si
389 4094 540 4151 bominum
571 4093 669 4163 generi
683 4091 841 4163 deputandi
878 4095 954 4159 sunt,
1011 4095 1072 4145 tare
1100 4090 1216 4145 nonnisi
1230 4091 1282 4145 sub
1298 4090 1419 4161 alicujus
1438 4092 1502 4161 jure
1514 4090 1688 4145 conditionis
1711 4095 1856 4162 poteraut.

108 4192 179 4246 nulli
200 4189 320 4245 dubium
347 4185 431 4241 debet
461 4182 553 4238 sideri
574 4181 653 4252 quod
667 4179 755 4252 primi
779 4180 906 4235 hominis
921 4180 955 4235 de
1012 4179 1065 4235 Ubi
1080 4196 1146 4234 vero
1171 4179 1219 4251 jus
1246 4179 1364 4252 aliquod
1402 4185 1542 4248 servatur,
1573 4195 1713 4234 consensu
1741 4195 1858 4252 quoque

109 4278 266 4353 propagine
283 4273 491 4333 descenderint.
512 4273 610 4343 Neque
634 4269 712 4325 euim
727 4270 769 4325 fas
786 4275 828 4324 est
851 4270 956 4324 huma·
1011 4269 1176 4324 animorum
1192 4284 1250 4324 una
1268 4268 1440 4323 continetur.
1458 4268 1555 4339 Neque
1567 4268 1615 4339 jus
1631 4268 1747 4340 aliquod
1764 4272 1859 4340 potest

107 4384 176 4423 nam
192 4367 267 4422 credi
292 4365 408 4420 aliunde
433 4359 536 4416 deduci
556 4357 699 4429 originem
715 4372 803 4429 quam
819 4357 906 4428 primi
920 4356 956 4412 de
1011 4371 1082 4424 esse,
1117 4356 1194 4428 quod
1231 4372 1387 4411 consensus
1412 4355 1574 4411 communis
1602 4371 1661 4412 non
1689 4355 1856 4413 decreverit.

107 4453 235 4526 parentis
258 4450 428 4507 substantia.
444 4447 525 4514 Quod
547 4445 571 4500 si
593 4443 706 4499 bestiali
727 4443 826 4515 generi
849 4459 957 4498 conuu-
1009 4444 1114 4499 Verum
1142 4445 1229 4499 talem
1258 4451 1362 4516 praeter
1398 4430 1564 4500 moralitatis
1594 4445 1775 4518 disciplinam
1806 4462 1859 4502 nec

107 4544 266 4606 merantur,
291 4538 407 4594 nomine
435 4541 549 4591 mutum
576 4531 752 4596 hominibus,
779 4547 837 4587 non
852 4537 956 4586 natura
1010 4532 1156 4597 constitui,
1178 4548 1231 4586 nec
1245 4533 1382 4588 custodiri
1403 4533 1676 4606 aliquandopotuit.
1703 4536 1765 4590 lam
1790 4551 1858 4591 vcro

107 4627 332 4685 communicant.
349 4626 428 4681 luter
442 4624 504 4679 hac
525 4621 674 4677 sciendum
701 4635 767 4674 vero
783 4620 806 4674 si
828 4619 955 4675 contenti
1010 4637 1093 4692 agros
1107 4620 1210 4687 colere,
1237 4625 1342 4675 terrem
1365 4621 1557 4690 proscindere,
1584 4626 1743 4679 sementem
1764 4624 1858 4679 rurali

108 4719 247 4773 luerimus
275 4715 410 4786 opinione
435 4716 607 4773 nostrorum,
629 4709 761 4764 videlicet
786 4707 955 4764 ecclesiasti·
1009 4707 1101 4765 fenori
1125 4707 1305 4775 concredere,
1329 4708 1398 4762 artis
1418 4709 1554 4778 peritiam
1577 4710 1764 4765 demonstret.
1787 4709 1857 4776 011oe

108 4823 207 4862 corum
232 4805 393 4871 doctorum,
409 4802 485 4856 iuter
513 4799 617 4855 bestias
645 4797 742 4869 potius
768 4813 854 4868 quam
880 4796 956 4853 inter
1008 4813 1056 4852 res
1071 4796 1127 4851 uisi
1149 4796 1261 4850 ratione
1291 4797 1420 4867 preditis
1441 4797 1667 4869 haudquaquam
1691 4797 1787 4853 favere
1809 4814 1857 4854 cu·

107 4897 238 4951 homines
255 4891 411 4964 deputandi
435 4894 512 4955 sunt,
537 4887 679 4958 siquidem
694 4891 723 4940 et
746 4885 839 4940 forma
854 4884 955 4955 capitis
1008 4885 1164 4958 guoscitur.
1193 4883 1306 4940 Etenim
1334 4884 1452 4940 rationis
1489 4891 1532 4941 est
1565 4901 1681 4940 causam
1709 4887 1856 4959 requirere

108 4989 137 5039 et
151 4984 271 5038 latratus
283 4995 398 5044 muum,
414 4994 472 5032 non
487 4976 652 5031 horriinibus
667 4974 716 5030 sed
731 4973 830 5029 bestiis
847 4972 955 5028 similes
1009 4975 1185 5046 singularum
1202 4973 1358 5038 actionum,
1375 4974 1425 5029 ubi
1440 4989 1544 5029 causa:
1572 4989 1638 5045 quoe
1663 4991 1708 5029 res
1735 4975 1857 5047 pingues

107 5071 239 5127 ostendit.
268 5068 423 5125 Hominum
448 5065 573 5135 denique
600 5068 644 5117 est
667 5061 825 5117 rotundum
849 5059 954 5114 vertice
1009 5062 1227 5128 elliciatlerras,
1243 5078 1307 5133 quae
1323 5079 1408 5117 causa
1432 5062 1570 5117 sementis
1599 5063 1761 5119 ubertatem
1786 5079 1859 5135 pro-

108 5162 214 5215 coelum
231 5157 369 5228 aspicere,
389 5168 492 5208 canum
514 5166 581 5206 vero
595 5151 721 5220 oblongo
735 5148 828 5219 capite
846 5151 953 5202 rostro·
973 5151 1113 5230 „ducam
1129 5165 1253 5220 quarum
1277 5150 1339 5204 sine
1363 5149 1483 5204 scientia
1509 5150 1685 5222 agriculture
1709 5166 1859 5224 nunquam

108 5263 163 5318 que
178 5246 300 5301 deducto
321 5248 426 5297 terrum
449 5238 563 5295 intueri.
580 5238 615 5292 Et
637 5235 951 5306 hurninesloquuutur,
1008 5238 1094 5309 digua
1108 5237 1217 5308 poterit
1229 5237 1363 5293 exerceri.
1387 5238 1475 5292 Porro
1491 5243 1660 5311 tegumenta
1685 5255 1770 5295 nosse
1786 5256 1856 5296 con-

108 5351 193 5390 caues
209 5348 274 5389 vere
289 5333 404 5387 latrant.
423 5330 529 5383 Verum
545 5342 603 5399 quo
620 5325 724 5381 litterae
741 5341 758 5380 a
778 5328 873 5380 vestra
886 5324 953 5379 cha·
1011 5325 1107 5397 licere,
1119 5325 1163 5382 vel
1176 5328 1260 5398 pelle,
1278 5326 1321 5381 vel
1336 5325 1401 5381 lane
1415 5326 1545 5398 linoque,
1566 5327 1695 5383 studium
1711 5332 1755 5384 est
1767 5328 1859 5384 ratio-

144 5519 156 5544 ·
177 5510 222 5566 Sic
237 5509 316 5564 miss.
330 5507 447 5579 ubique.
