3930 6098
111 247 160 299 987
660 245 687 300 S.
710 245 845 301 RElllGll
866 245 1112 304 LUGDUNENSIS
1132 246 1300 303 eerscoel.
1806 250 1851 302 988

110 375 261 430 sitionibus
283 375 350 447 quid
376 377 418 430 rel
433 376 469 430 ab
490 376 562 447 ipso,
579 377 621 429 rel
642 376 792 442 acetaris,
816 376 874 430 sive
890 382 957 431 tunc
975 380 1097 448 Aquam
1113 378 1218 433 Paulus
1231 375 1280 446 qni
1299 375 1406 441 docuit,
1424 396 1438 424 (ι
1454 391 1505 446 per
1518 374 1643 431 visibilia
1656 375 1809 432 visibilium
1823 383 1848 432 et

110 465 256 536 objectum
279 464 374 529 luerit,
392 464 450 520 sive
464 482 554 536 nsque
575 466 660 520 liodie
683 465 757 537 apud
773 482 820 520 eos
836 466 957 537 objicia-
1011 465 1200 519 invisibilium
1232 478 1402 534 cognoscere
1436 463 1601 517 Creatorem
1623 463 1697 530 (Col.
1724 480 1743 530 1,
1766 466 1813 533 lb),
1833 490 1845 513 ι»

107 557 166 621 tur,
179 553 287 624 pariter
302 559 449 609 exsecutus
464 563 514 608 cst.
1011 555 1096 626 cepit
1113 555 1278 625 predicare.

145 642 291 695 Secundus
316 649 411 696 antem
442 643 603 714 (Pendulus)
628 643 714 697 etiam
740 644 878 715 quosdam
906 644 956 715 qui
1048 648 1102 698 l.·
1129 643 1201 709 Quia
1215 648 1280 697 ante
1296 642 1393 696 omnia
1413 642 1526 708 secula,
1553 647 1582 696 et
1599 647 1756 714 antequam
1775 644 1847 714 quid·

110 730 243 784 adversus
275 745 341 782 eum
375 730 541 801 scripserint
571 730 640 796 lere,
675 748 722 785 sex
753 747 872 786 numero
895 748 955 787 me·
1010 730 1846 804 quamtaceretaprincipioDeus,quosroluitpredesti·

109 818 239 872 moravit.
266 820 321 872 Nec
336 825 430 873 tannen
452 820 577 890 aliquem
597 837 696 873 eorrrm
714 821 748 874 ad
765 837 825 874 rem
843 822 877 875 de
898 837 956 892 qua
1008 823 1088 876 navit
1110 825 1145 877 ad
1168 838 1301 893 regnum,
1325 826 1352 875 et
1373 837 1447 892 quos
1469 820 1560 875 voluit
1585 821 1798 892 predestinavit
1817 823 1845 877 ad

107 908 257 976 queritur,
295 907 448 962 sufficienti
483 910 593 963 ratione
626 909 795 963 satisfecisse
828 925 957 981 conque·
1008 910 1170 965 interitum.

1044 1003 1070 1053 2.
1087 1001 1150 1054 «Et
1175 998 1224 1070 qui
1249 998 1447 1069 predestinati
1471 998 1592 1052 suntad
1615 996 1776 1064 interitum,
1799 999 1844 1052 sal·

1007 1088 1067 1142 vari
1092 1105 1148 1143 non
1171 1094 1307 1158 possunt;
1324 1092 1352 1140 et
1374 1088 1423 1158 qni
1443 1086 1639 1158 predestinati
1662 1091 1731 1140 sunt
1751 1086 1785 1141 ad
1804 1104 1842 1141 re·

1008 1190 1109 1245 guum,
1128 1175 1219 1246 perire
1233 1190 1291 1228 uon
1307 1179 1434 1245 possunt.

1044 1266 1070 1317 3.
1092 1286 1105 1314 a
1120 1265 1154 1318 Et
1174 1264 1247 1318 Dens
1261 1279 1318 1316 non
1331 1262 1393 1315 vult
1410 1279 1509 1316 omnes
1525 1262 1657 1316 homines
1673 1263 1766 1317 salvos
1780 1263 1843 1328 lieri,

1008 1353 1057 1407 sed
1079 1369 1128 1407 eos
1151 1357 1264 1406 tantum
1280 1351 1329 1422 qui
1352 1352 1505 1404 salvantur.
1534 1352 1567 1405 Et
1584 1351 1661 1422 quod
1684 1350 1753 1404 dicit
1776 1355 1843 1420 Apo·

1008 1442 1098 1495 stolus
1116 1457 1122 1494 :
1142 1461 1152 1490 ι
1172 1440 1227 1505 Qui
1239 1439 1301 1493 vult
1316 1455 1416 1492 omnes
1427 1438 1559 1492 homines
1571 1440 1664 1492 salros
1676 1438 1742 1492 lieri
1756 1440 1777 1505 ,l
1787 1441 1841 1492 lin.

1007 1548 1036 1597 ιι,
1073 1530 1143 1596 lt·
1179 1528 1244 1582 illos
1275 1526 1331 1582 dici
1361 1542 1460 1581 omnes
1492 1526 1541 1597 qni
1573 1527 1777 1582 tantummodo
1797 1527 1841 1579 sal·

106 999 228 1049 stuscst.

142 1085 212 1138 Nam
244 1085 345 1139 tertius
371 1087 538 1156 (Dabanas),
573 1104 631 1140 non
661 1088 694 1141 ad
719 1087 870 1141 Ecclesiam
898 1104 954 1142 no-

107 1178 207 1238 stram,
232 1174 282 1228 sed
305 1175 339 1231 ad
363 1175 516 1245 quomdam
542 1175 630 1229 alinm
652 1177 818 1247 episcopum
845 1177 956 1246 specia-

107 1261 174 1315 liter
200 1262 356 1332 scripsisse,
389 1265 506 1334 etquid
531 1265 566 1318 de
592 1264 644 1317 hac
675 1280 706 1318 re
727 1264 769 1318 illi
797 1265 953 1319 tenendum

107 1350 166 1404 sive
188 1351 350 1405 docendum
371 1352 540 1422 esset(sicut
560 1352 586 1406 ei
609 1351 701 1406 risum
723 1354 776 1419 est)
792 1352 954 1423 exposuisse

108 1442 136 1491 et
149 1437 282 1491 delinisse
297 1440 488 1508 cognoscitur.

143 1525 211 1590 Que
227 1526 324 1580 omnia
337 1543 402 1580 cum
416 1527 594 1598 legissemus,
612 1533 640 1581 et
654 1533 741 1598 prout
758 1528 893 1582 Dominus
908 1527 955 1582 de·

109 1613 160 1678 dit,
176 1613 295 1669 sollicite
318 1619 345 1668 et
359 1615 483 1669 tideliter
497 1622 707 1682 tractassemus,
723 1616 815 1670 visum
836 1617 953 1670 omnino
1007 1622 1120 1672 rantur.

108 1702 190 1756 nobis
215 1708 257 1757 est
285 1705 361 1775 quod
385 1709 413 1758 et
435 1704 691 1774 interrogantibus,
716 1711 744 1760 ut
771 1705 877 1760 dictum
899 1710 952 1774 est,
1043 1708 1069 1761 4.
1088 1728 1101 1756 a
1129 1705 1257 1762 Christus
1282 1722 1339 1759 non
1364 1705 1442 1760 renit
1465 1709 1497 1759 ut
1519 1719 1621 1759 omnes
1648 1704 1779 1771 salvaret,
1800 1718 1842 1757 nec

107 1790 317 1847 venerabilibus
331 1792 410 1857 viris,
431 1796 459 1846 et
474 1793 600 1863 ipsarum
616 1792 799 1863 opinionum,
816 1809 880 1864 que
894 1799 953 1848 tam

106 1878 250 1933 laciniose
272 1883 299 1933 et
312 1880 447 1934 involute
464 1885 613 1951 ponuntur
636 1881 806 1936 necessitate
821 1888 952 1951 cogente,

107 1983 218 2021 necnon
234 1972 263 2022 et
281 1969 489 2040 simpliciorum
504 1975 590 2041 atque
610 1971 805 2041 ignorantium
820 1969 953 2041 fratrum,

107 2071 179 2127 quos
194 2057 294 2111 talium
310 2059 501 2128 questionum
518 2059 628 2113 incerto
644 2060 782 2113 fluctuare
806 2059 953 2130 cognosci·

106 2160 181 2212 mus,
211 2147 426 2216 perturbatione
453 2147 604 2217 compulsi,
635 2148 798 2202 nullatenus
826 2149 952 2219 (qualem

86 2278 89 2287 .
106 2233 214 2287 donare
230 2233 368 2289 Dominus
383 2233 518 2305 dignatus
528 2235 626 2302 luerit)
639 2237 856 2306 responsionem
872 2236 952 2300 fidei,

105 2338 164 2376 non
187 2339 221 2376 ex
244 2323 345 2377 nostro
365 2340 459 2388 sensu,
476 2323 525 2377 sed
551 2340 583 2377 ex
603 2324 815 2394 Scripturarum
841 2330 951 2379 sancta·

105 2425 169 2464 rum
193 2410 337 2466 immobili
360 2413 490 2481 veritate,
515 2418 543 2466 el
564 2413 795 2467 beatissimorum
819 2414 950 2468 ecclesia·

106 2498 241 2553 eticorum
267 2501 382 2554 Petrum
411 2500 611 2554 fundatissima
634 2501 811 2568 anctoritate,
837 2502 952 2556 subtra-

105 2587 173 2641 here
191 2587 355 2654 debeamus,
376 2594 526 2658 qnatenus,
544 2589 715 2658 inquantum
738 2591 875 2644 Dominus
891 2590 951 2661 opi·

105 2675 192 2728 tulari
206 2676 351 2745 dignatur,
369 2683 397 2730 et
420 2677 585 2748 nobisipsis
600 2693 633 2731 ex
649 2677 813 2747 hujusmodi
831 2694 952 2749 respon-

108 2761 197 2816 sionis
212 2762 308 2817 studio
326 2763 390 2817 tidei
404 2762 524 2817 firmitas
539 2773 690 2835 augeatur,
706 2770 734 2819 et
748 2766 811 2819 aliis
828 2767 877 2837 qui
893 2766 953 2821 beo

104 2850 224 2905 lortasse
240 2850 335 2922 legere
352 2852 503 2921 soluerint,
520 2869 605 2924 quam
621 2854 746 2909 lideliter
761 2855 857 2909 divina
878 2855 951 2909 veri-

104 2942 147 2993 tas
163 2939 199 2993 sit
214 2941 362 3006 servanda,
386 2958 472 3011 quam
488 2947 650 2997 reverenter
671 2949 699 2997 et
713 2944 880 2998 obedienter
901 2960 951 3014 pa-

104 3031 185 3082 terna
201 3030 354 3084 auctoritas
369 3030 525 3100 sequenda,
544 3031 712 3102 diligentius
731 3037 759 3086 et
774 3033 953 3087 manifestius

103 3116 274 3174 declaretur.

383 3225 496 3280 carui
521 3227 669 3282 Paruum

236 3334 272 3386 De
282 3334 386 3401 primo,
402 3337 513 3401 quaeest
527 3333 678 3401 llincmcri,
695 3336 819 3404 epistota.

139 3433 253 3490 Primus
276 3436 367 3505 igitur
391 3436 451 3506 qui,
475 3441 608 3505 utsupra
629 3436 764 3503 diximus,
781 3437 952 3493 miserabilis

104 3523 180 3577 illius
205 3524 336 3577 nronaclri
352 3529 381 3578 et
401 3529 494 3577 actum
519 3523 664 3589 describit,
680 3529 708 3578 at
724 3526 885 3580 doctrinam
906 3544 952 3582 re·

103 3610 227 3681 darguit,
240 3615 268 3664 et
277 3612 492 3666 damnationem
504 3614 630 3683 exponit,
643 3619 793 3685 postquam
805 3631 871 3669 eum
881 3615 953 3670 dixit

105 3699 178 3752 ultro
194 3699 249 3754 sibi
269 3700 464 3770 predicatoris
479 3717 587 3756 nomen
603 3702 801 3773 assumpsisse,
817 3707 903 3774 atque
915 3705 952 3760 ad

103 3787 239 3842 barbaras
265 3794 292 3843 et
317 3805 444 3860 paganas
468 3794 568 3860 gentes
591 3791 668 3845 velut
689 3791 951 3863 evangelizaturum

102 3877 271 3948 perrexisse,
299 3878 344 3932 his
358 3878 452 3933 verbis
470 3879 573 3933 seriem
592 3879 803 3949 predicationis
819 3881 880 3951 ejus
903 3897 950 3936 ex·

104 3967 234 4039 sequitur
249 3967 355 4021 dicens.

446 4089 606 4128 nrncuinus.

139 4179 241 4233 «Alio
274 4179 509 4249 predicationem
531 4194 612 4232 suarn
643 4195 723 4232 orsus
756 4179 837 4233 initio
863 4197 950 4252 quam

1007 1812 1107 1868 passus
1124 1801 1166 1850 est
1177 1811 1229 1867 pro
1244 1794 1389 1858 omnibus,
1406 1793 1461 1847 nisi
1475 1792 1660 1848 solummodo
1676 1808 1731 1863 pro
1746 1792 1788 1847 his
1799 1791 1841 1862 qui

1008 1884 1148 1955 passionis
1161 1884 1223 1954 ejus
1237 1883 1382 1936 salvantur
1398 1880 1542 1952 mysterio.

1045 1977 1070 2027 5.
1098 1991 1111 2023 a
1137 1973 1169 2026 Et
1191 1976 1342 2042 postquam
1367 1970 1478 2040 primus
1500 1969 1587 2023 horno
1616 1967 1709 2023 libero
1740 1967 1840 2022 arbitrio

1008 2062 1119 2128 cecidit,
1143 2076 1228 2114 nemo
1253 2064 1384 2114 nostrum
1400 2058 1434 2113 ad
1450 2058 1523 2112 hene
1545 2056 1703 2128 agendum,
1727 2057 1773 2111 sed
1790 2061 1841 2110 tan·

1006 2149 1156 2204 tummodo
1180 2148 1216 2202 ad
1244 2149 1318 2201 mate
1339 2146 1483 2218 agendum
1505 2145 1596 2201 libero
1621 2149 1720 2217 potest
1748 2145 1787 2200 uti
1804 2160 1840 2198 ar·

1006 2238 1133 2293 billio.»

1352 2339 1509 2379 responsio.

1043 2417 1076 2470 Et
1090 2419 1193 2469 cetera
1207 2429 1272 2486 que
1289 2414 1349 2484 jam
1365 2414 1400 2468 de
1416 2412 1478 2466 aliis
1501 2411 1572 2466 actis
1588 2411 1652 2482 ejus
1670 2426 1729 2464 non
1749 2410 1783 2465 de
1796 2409 1840 2464 do-

1007 2505 1106 2559 ctrine
1127 2508 1226 2557 tenore
1254 2501 1428 2572 exsequitur.
1454 2511 1465 2537 ι
1490 2500 1546 2553 lloc
1567 2498 1666 2569 itaque
1687 2497 1770 2552 nobis
1789 2497 1841 2552 licet

1007 2610 1040 2648 ex
1063 2598 1143 2664 parte
1159 2591 1327 2646 incredibile
1346 2590 1488 2656 videatur,
1515 2586 1590 2657 quod
1610 2586 1744 2641 videlicet
1767 2584 1842 2656 gend·

1007 2683 1060 2737 bus
1083 2681 1283 2752 ignorantibus
1307 2678 1461 2733 Dominum
1484 2675 1652 2746 predicans,
1680 2673 1840 2745 pretermit-

1006 2764 1067 2825 tere
1083 2769 1217 2840 potuerit,
1235 2773 1266 2821 nt
1283 2782 1340 2821 non
1355 2782 1404 2819 eos
1419 2766 1513 2836 primo
1524 2763 1656 2818 omnium
1667 2763 1703 2817 ed
1719 2762 1841 2833 penitere

1006 2859 1075 2913 tiam
1091 2861 1274 2930 provocaret,
1294 2872 1345 2909 nec
1367 2854 1407 2908 eis
1422 2854 1498 2907 inter
1512 2857 1673 2906 creaturam
1689 2856 1720 2906 et
1742 2852 1839 2905 Creatc

971 2963 1067 3031 Crem
1098 2945 1304 3000 rationabiliter
1327 2943 1489 2998 discernere
1516 2940 1713 3012 persuaderet,
1738 2945 1770 2994 ut
1791 2941 1839 3008 jam

1006 3052 1063 3090 non
1087 3036 1223 3099 colerent,
1241 3054 1254 3082 e
1273 3048 1365 3103 neque
1381 3030 1520 3085 servirent
1534 3033 1675 3083 creature
1693 3049 1706 3073 n
1724 3044 1773 3098 per
1786 3027 1838 3079 ido·

1005 3123 1127 3179 lolatrie
1150 3137 1287 3189 errorem,
1306 3142 1319 3171 ιι
1338 3120 1388 3174 sed
1404 3118 1499 3190 potius
1515 3117 1654 3181 Creatori,
1678 3116 1731 3188 qui
1744 3121 1785 3170 est
1797 3115 1837 3168 be·

1006 3212 1137 3268 nedictus
1164 3212 1194 3264 in
1210 3210 1313 3265 secula
1337 3208 1422 3279 (Rom.
1443 3223 1462 3270 r,
1489 3208 1548 3274 25);
1573 3206 1653 3259 need
1678 3203 1836 3274 questiones

1006 3301 1057 3366 eis,
1073 3300 1160 3354 etiam
1174 3298 1308 3353 fidelibus
1329 3301 1357 3351 et
1370 3294 1462 3350 doctis
1479 3293 1676 3358 difficillimas,
1699 3293 1734 3346 de
1749 3289 1837 3346 divinis

1003 3389 1120 3462 judiciis
1144 3393 1172 3441 et
1188 3385 1447 3458 predestinationis
1472 3399 1504 3437 ac
1518 3381 1728 3452 redemptionis
1751 3384 1835 3450 myste-

1004 3477 1049 3532 rio
1073 3475 1256 3546 proposuerit
1277 3490 1284 3527 :
1302 3480 1400 3528 tamen
1423 3471 1678 3542 pretermittentes
1701 3471 1784 3541 hujus
1803 3465 1835 3521 rei

1004 3570 1062 3620 tarn
1086 3565 1238 3619 absurdam
1264 3567 1293 3617 et
1315 3562 1502 3631 incongruam
1531 3558 1734 3630 objectionem,
1762 3554 1835 3626 magis

1005 3654 1148 3710 credimus
1171 3652 1247 3706 inter
1260 3651 1358 3706 fideles
1379 3650 1423 3704 vel
1445 3648 1530 3703 etiam
1550 3646 1715 3702 sacerdotes
1737 3646 1833 3700 illarum

1004 3742 1130 3815 partium
1151 3742 1219 3796 talia
1235 3755 1350 3794 morere
1370 3742 1397 3792 et
1412 3752 1570 3808 proponere
1593 3737 1733 3807 potuisse,
1748 3733 1834 3805 quibus

1006 3847 1176 3905 magnarum
1205 3836 1234 3884 et
1263 3844 1400 3883 novarum
1423 3841 1522 3881 rerum
1546 3826 1625 3881 velut
1650 3842 1741 3880 noros
1766 3828 1833 3892 atque

1004 3920 1190 3976 admirandus
1213 3918 1382 3990 predicator
1406 3915 1629 3980 existimaretur,
1656 3929 1743 3985 quam
1765 3914 1832 3966 tante

1005 4024 1070 4063 eum
1100 4007 1241 4061 fatuitatis
1263 4011 1291 4059 et
1313 4004 1440 4059 stultitiae
1465 4002 1670 4068 exstitissent
1695 4001 1832 4071 imputetur

1005 4094 1136 4150 omnium
1160 4109 1256 4147 rerum
1272 4091 1434 4146 divinarum
1456 4089 1571 4160 penitas
1595 4088 1705 4158 ignaris
1721 4093 1776 4141 tam
1789 4085 1831 4138 im-

1003 4188 1125 4253 portune
1149 4187 1177 4236 et
1192 4184 1365 4252 prepostero
1378 4179 1448 4232 tatia
1467 4176 1632 4247 ingessisse,
1656 4175 1759 4246 quibus
1774 4168 1829 4242 apud

101 4265 237 4331 loannes,
259 4265 446 4336 quidixit:·
472 4266 672 4321 l'oenitcntiam
692 4267 767 4338 agite
791 4269 949 4339 appropin·
970 4272 1053 4326 Deos
1076 4286 1134 4325 non
1162 4269 1330 4336 audiendus,
1359 4267 1408 4321 sed
1436 4266 1533 4335 potius
1561 4264 1677 4336 penitus
1704 4261 1830 4321 ridendus,

103 4375 117 4399 n
135 4353 233 4423 querit
253 4353 331 4408 enim
346 4369 468 4424 regnum
483 4355 619 4409 celorum
637 4356 746 4421 (llcttlr.
763 4373 804 4425 nr,
821 4360 863 4424 t);
890 4364 949 4414 »et

1003 4365 1031 4414 et
1046 4359 1080 4413 ab
1095 4358 1226 4412 omnium
1240 4356 1358 4411 auribus
1373 4353 1709 4424 arcendusjudicaretur.

634 4481 734 4538 NDTAE
755 4482 917 4538 uuvattu
938 4484 1110 4542 uocroets
1129 4483 1323 4539 sonuerunt.

139 4583 151 4607 ³
167 4573 368 4645 Lugdunensis
391 4575 514 4629 Ecclesia
536 4577 621 4630 hacce
645 4577 840 4648 disputatione
854 4584 952 4648 patro·

102 4644 210 4699 oinium
226 4645 413 4700 Gottesrbalci
427 4647 539 4701 videtur
549 4648 703 4718 suscipere,
720 4650 787 4702 licet
798 4665 865 4703 eum
881 4667 952 4718 pre-

102 4722 315 4785 sumptuosum,
333 4716 504 4771 insolentem
520 4723 548 4770 et
567 4719 757 4773 miserabilem
777 4720 952 4775 monachum

103 4788 238 4858 appellet.
260 4788 521 4855 Presumptuosom
540 4789 655 4857 quidem
670 4791 745 4860 quod
764 4793 847 4855 ultro,
865 4791 952 4845 idest

101 4859 241 4912 renitente
262 4858 373 4924 abbate,
400 4859 608 4928 predicationis
622 4860 748 4913 ollicium
764 4860 799 4914 ad
820 4860 952 4915 infideles

104 4929 271 4998 susceperit,
295 4933 394 4982 contra
417 4929 493 4999 quod
512 4929 580 4982 dicit
603 4931 779 5000 Apostolus:
797 4932 886 4984 Nemo
904 4948 948 4985 as·

104 5007 198 5053 stimat
212 4999 265 5052 sibi
281 4999 421 5053 honorem
437 4999 493 5052 nisi
507 5005 623 5053 vocetur
637 5017 654 5053 a
668 5002 726 5055 Deo
741 5007 878 5072 tanquam
892 5005 950 5055 Aa·

103 5086 174 5138 ron;
198 5075 226 5123 et
243 5070 414 5134 :Quomodo
437 5070 633 5139 predicabant
656 5072 708 5125 nisi
730 5072 881 5126 mittantur
898 5088 905 5125 :
923 5077 951 5127 et

23 5206 26 5211 1
103 5140 162 5194 hec
177 5140 271 5211 prima
284 5141 352 5193 mali
367 5139 445 5193 itlius
458 5140 545 5204 labes,
563 5141 620 5194 imo
637 5142 725 5196 Lerna
741 5143 869 5197 omnium
886 5159 950 5196 sno-

102 5226 165 5265 rum
188 5212 339 5265 malorum.
357 5211 527 5264 insolentem
551 5227 616 5264 vero
639 5210 711 5265 forte
729 5214 804 5283 qnod
830 5230 880 5266 sua
894 5214 949 5268 do·

102 5286 209 5351 gmate,
234 5282 269 5335 ab
284 5281 418 5334 omnibns
440 5280 498 5334 lere
522 5281 686 5335 doctoribus
700 5299 734 5336 eo
752 5288 883 5352 tempore
903 5300 948 5338 re·

102 5353 231 5420 probata,
248 5351 370 5406 nimium
384 5352 516 5422 jactaret,
529 5357 557 5405 et
573 5352 603 5405 in
620 5353 721 5424 vulgus
732 5353 866 5408 insolenti
881 5370 949 5423 qna·

102 5420 167 5475 dam
184 5423 342 5477 ambitione
364 5430 393 5476 et
414 5438 479 5476 cnm
497 5422 620 5476 maximo
635 5423 724 5477 totius
736 5424 867 5479 Ecclesiae
883 5426 947 5479 Gal·

104 5491 202 5544 tienne
233 5493 405 5547 detrimento
438 5492 646 5548 disseminaret.
683 5494 872 5549 Miserabilcm
896 5495 946 5549 do-

105 5576 195 5629 turim,
215 5563 288 5631 quud
306 5563 426 5635 llagellis
441 5563 542 5617 tandin
559 5565 647 5621 fuerit
664 5564 843 5634 dilaceratus,
858 5565 949 5620 donec

1006 4596 1124 4634 accenso
1139 4581 1213 4633 circa
1228 4594 1257 4632 se
1273 4578 1340 4645 igne
1361 4575 1490 4630 libellum
1514 4590 1597 4628 sunm
1617 4573 1744 4645 propriis
1759 4567 1829 4647 manis

1006 4651 1059 4705 bus
1076 4651 1104 4704 in
1129 4652 1259 4704 llammas
1273 4647 1436 4718 projiceret,
1452 4652 1480 4700 et
1498 4651 1607 4699 eterno
1622 4647 1700 4698 relnt
1721 4640 1830 4716 incendio

1006 4726 1210 4776 concremaret.
1229 4721 1258 4773 ln
1273 4719 1327 4772 hoc
1341 4717 1474 4788 supplicii
1486 4732 1578 4786 genus
1593 4716 1740 4770 invehitur
1752 4725 1831 4785 praeu·

1005 4808 1062 4862 pue
1085 4791 1208 4846 Ecclesia
1221 4789 1420 4858 Lugdunensis
1434 4803 1498 4841 curn
1521 4786 1649 4853 singulas
1672 4786 1734 4857 ejus
1748 4795 1831 4864 propo·

1006 4862 1133 4927 sitiones,
1150 4861 1232 4914 unica
1250 4861 1443 4929 demptaque
1459 4862 1500 4912 est
1515 4857 1550 4910 de
1566 4856 1657 4911 libero
1675 4856 1798 4913 arbitrio.
1809 4847 1832 4929 el

1005 4934 1085 5003 pium
1109 4937 1137 4987 et
1151 4930 1323 4986 catholicum
1341 4945 1457 4984 sensnm
1479 4927 1605 4994 benigna
1618 4932 1648 4980 et
1668 4926 1748 4981 suavi
1763 4922 1834 4994 explu-

1005 5005 1118 5058 catione
1141 5003 1237 5057 reduci
1251 5016 1332 5071 posse
1347 5001 1481 5054 eltlrmet.
1507 4996 1585 5053 Unde
1603 5013 1662 5051 non
1686 4995 1834 5073 simplicitet

1004 5076 1099 5144 arguit
1113 5074 1188 5145 qood
1203 5073 1231 5127 in
1247 5087 1314 5127 enm
1329 5071 1416 5141 virgis
1431 5068 1518 5124 inerit
1533 5068 1768 5123 animadversum
1778 5076 1834 5137 icer-

1004 5149 1066 5199 tum
1085 5152 1128 5199 est
1141 5145 1219 5198 enim
1231 5143 1295 5213 jure
1308 5142 1417 5212 optimo
1432 5138 1528 5210 puniri
1551 5138 1704 5193 hereticos
1722 5146 1753 5192 et
1764 5149 1836 5191 nora·

1004 5220 1089 5279 tores,
1116 5215 1257 5296 siquidem
1282 5228 1341 5266 non
1369 5211 1465 5266 minus
1489 5209 1657 5290 reipublice
1685 5209 1837 5264 Christiane

1003 5285 1157 5356 perniciosi
1190 5290 1256 5338 sunt
1283 5298 1370 5365 quam
1393 5281 1441 5336 elii
1475 5280 1598 5351 quilibet
1621 5280 1777 5360 scelerati),
1801 5271 1838 5331 sed

1003 5357 1079 5428 quod
1103 5358 1164 5426 ejus
1187 5353 1402 5427 propositiones
1420 5352 1546 5432 benigne
1568 5355 1666 5422 potrus
1688 5347 1840 5405 debuissent

1001 5428 1143 5508 explicare
1167 5425 1279 5498 prelati
1302 5423 1378 5479 iltius
1401 5429 1540 5494 temporis
1555 5435 1643 5493 wem
1669 5421 1699 5477 in
1723 5436 1789 5476 eum
1809 5417 1840 5471 in

1002 5514 1109 5552 sevire.
