3930 6098
104 240 156 292 859

670 242 840 297 tithlALOl
860 243 1115 304 stauattltttsts
1134 245 1280 304 tuentis
1349 282 1355 298 ·
1800 252 1845 302 atu

135 376 218 430 Prius
230 375 261 429 in
282 375 361 430 vobis
380 374 472 428 diluat
496 389 583 429 omne
604 377 680 446 quod
699 375 749 430 illa
769 376 866 432 tritura
881 393 945 432 exa·
965 382 990 434 Α
1003 379 1114 447 tundat,
1133 386 1218 451 atque
1238 381 1300 451 ipso
1321 384 1435 452 pastore
1458 398 1508 436 vos
1527 381 1562 435 ad
1580 384 1760 434 aeternorum
1778 395 1840 450 gau·

101 464 258 519 minatione
280 462 433 533 puniturus
456 467 507 526 est,
536 468 568 516 ut
588 478 653 525 cnm
675 464 770 534 justus
800 464 948 520 advenerit

96 553 195 624 juder,
229 567 287 606 non
316 550 346 604 iu
379 551 460 605 vobis
489 550 617 605 inveniat
655 553 731 623 quod
765 554 944 610 condemnet.

102 645 203 695 Amen.

135 731 196 794 Quo
210 729 350 797 veniente,
368 744 426 783 non
443 728 594 784 incurratis
605 729 779 800 supplicium
793 737 944 800 aeteruum,

100 817 148 871 sed
165 816 248 870 donis
263 816 458 871 remuneremi
473 817 665 888 sempiternis.
682 821 780 874 Amen.

135 906 216 970 Quod
232 907 293 977 ipse
309 911 444 977 praestare
458 906 603 976 dignetur.
659 944 665 955 .

137 995 311 1050 Benedictio.

453 1086 517 1139 ltem
533 1086 599 1139 utici.

137 1191 220 1257 Deus,
238 1190 288 1260 qui
304 1206 352 1244 vos
368 1193 396 1243 et
410 1189 516 1260 prioris
533 1191 670 1244 adventus
685 1190 777 1261 gratia
791 1192 943 1262 reparavit,

101 1282 129 1332 et
143 1277 309 1331 insecundo
324 1277 457 1332 daturum
475 1294 505 1332 se
520 1279 602 1333 vohis
616 1295 740 1350 regnum
760 1296 824 1334 cnm
841 1278 946 1335 sanctis

101 1366 211 1436 angelis
239 1365 414 1435 repromisit,
444 1366 583 1421 adventus
604 1368 647 1422 sui
677 1384 726 1421 vos
752 1368 945 1424 illustratione

100 1453 265 1508 sanctificet.
283 1457 385 1508 Amen.

136 1542 254 1597 Vincula
267 1547 360 1597 vestra
375 1543 510 1598 dissolvat
523 1549 678 1617 autequam
696 1545 800 1614 veniat,
822 1551 854 1601 ut
873 1546 944 1602 libe·

100 1632 155 1686 rati
169 1648 186 1686 a
201 1632 320 1686 vinculis
335 1637 527 1703 peccatorum,
543 1634 668 1689 interriti
687 1636 868 1691 tremendum
884 1637 946 1708 ejus

100 1720 268 1791 exspectetis
285 1721 447 1776 adventum.
462 1725 564 1776 Amen.

134 1810 168 1864 Et
183 1826 268 1880 quem
286 1811 395 1865 venisse
410 1811 440 1866 in
460 1812 543 1866 terris
563 1828 615 1882 pro
638 1817 732 1868 vestra
745 1814 836 1869 salute
851 1815 945 1870 credi-

99 1899 146 1964 tis,
162 1903 373 1970 venturumque
384 1900 417 1954 nd
429 1900 572 1970 judicium
586 1901 742 1964 sustinetis,
757 1902 824 1973 ejud
840 1903 944 1958 adven·

100 1990 145 2039 tus
164 1986 285 2055 gloriam
300 1986 437 2057 impavidi
453 1987 622 2041 mereamini
637 1988 775 2043 contueri.

135 2073 216 2138 Quod
234 2073 295 2143 ipse
311 2079 444 2144 praestare
461 2075 605 2147 dignetur.

135 2163 309 2218 Benedictio.

150 2304 306 2342 euuuutcrto
327 2304 445 2343 tuosius
464 2305 595 2344 bodiniel
616 2306 770 2345 aeritimi
789 2305 894 2344 boethi,

135 2394 240 2460 Excita,
260 2394 389 2461 Domine,
406 2395 563 2465 potentiam
589 2401 678 2463 tuane,
700 2400 728 2449 et
751 2396 816 2450 veni
835 2396 870 2450 ad
891 2396 947 2449 sal·

101 2482 246 2536 vationem
261 2483 363 2553 populi
387 2483 439 2548 tui,
459 2499 546 2555 quem
566 2484 712 2554 acquisisti
727 2484 866 2555 sauguine
884 2489 945 2552 tuo,

101 2586 137 2624 ne
161 2570 190 2623 in
216 2571 277 2640 ejus
300 2570 459 2641 perditione
483 2588 575 2625 saevus
596 2573 644 2625 ille
667 2573 776 2626 exultet
800 2572 945 2640 inimicos,

101 2675 188 2729 quem
200 2659 337 2713 adventus
354 2659 395 2713 tui
411 2660 538 2729 potentia
552 2659 662 2715 dudum
676 2661 802 2715 liberasti
813 2677 866 2732 per
880 2677 946 2732 gra·

100 2747 181 2802 tiam.
199 2750 300 2801 Arnen.

136 2835 178 2890 Sit
196 2836 334 2891 fortitudo
350 2837 473 2891 dexterae
498 2844 553 2893 ture
573 2839 607 2893 ad
628 2838 834 2909 protectionem
861 2838 946 2907 hujus

101 2924 217 2978 iamiliae
233 2931 299 2991 ture,
316 2942 368 2996 pro
380 2943 435 2997 qua
444 2926 576 2996 dignatus
585 2944 614 2981 es
625 2928 679 2980 hoc
691 2932 820 2998 tempore
831 2942 946 2980 carnem
966 2977 987 3032 C
1001 2989 1091 3041 Amen

100 3011 220 3066 induere
237 3014 416 3083 virginalem.
432 3019 532 3069 Amen.

138 3102 173 3155 Ut
187 3103 256 3156 dvrni
277 3103 476 3158 infirmitatem
497 3111 625 3159 nostram
649 3111 697 3159 tua
717 3106 871 3160 clementia
890 3121 947 3159 uon

101 3187 227 3258 ignoras,
245 3208 360 3246 omnem
377 3194 451 3248 hauc
462 3194 616 3248 Ecclesiam
631 3200 710 3248 tuam
725 3200 781 3249 tuce
791 3193 947 3248 divinitatis

101 3280 201 3350 clypeo
213 3286 354 3350 protegas.
372 3285 473 3337 Amen.

137 3368 220 3432 Quod
235 3369 296 3438 ipse
311 3375 457 3439 praestere.

138 3456 312 3510 Benedictio.

120 3585 152 3625 ltt
176 3585 302 3626 vrorum
324 3587 461 3628 NATALIS
482 3587 595 3628 DOMINI
619 3587 678 3627 vet.
699 3587 928 3628 THEOPHANIAE.

137 3687 225 3750 Deus,
241 3687 292 3757 qui
305 3686 368 3742 Filii
385 3687 429 3741 sni
446 3687 558 3743 Domini
579 3689 669 3742 nostri
690 3689 754 3742 lesu
775 3687 879 3744 Christi
894 3689 947 3742 hn-

103 3775 225 3830 militate
235 3774 379 3844 jacentem
395 3777 533 3831 mnndum
550 3777 739 3847 dignatusest
754 3776 876 3846 erigere,
890 3794 948 3832 snae

101 3881 150 3917 vos
163 3864 369 3919 benedictionis
384 3880 500 3936 capaces
517 3865 653 3936 dignetur
667 3865 790 3919 allicere.
807 3869 909 3919 Amen.

138 3954 174 4007 Ut
198 3959 323 4008 veterem
349 3955 525 4025 deponentes
544 3955 637 4008 Adam
663 3970 728 4007 cum
756 3953 865 4007 actibus
889 3953 947 4007 suis

104 4042 183 4096 illius
199 4044 412 4097 couversatione
434 4043 544 4107 vivatis,
563 4043 613 4112 qui
635 4047 700 4112 post
722 4043 812 4095 Deum
836 4049 948 4096 creatus

103 4141 145 4186 est
160 4132 189 4185 in
202 4132 315 4203 J'vrstitia
328 4137 356 4185 et
370 4132 519 4185 sanctitate
532 4131 668 4185 veritatis.
685 4135 786 4184 Arnen.

138 4220 239 4290 Sicque
265 4220 299 4273 ab
323 4236 356 4273 co
380 4220 465 4273 hodie
490 4218 742 4273 sanctificationem
767 4219 945 4287 mereamini,

103 4313 243 4378 quatenus
263 4307 440 4361 nativitatem
453 4307 605 4362 Salvatoris
618 4308 664 4361 die
679 4308 803 4362 crastina
818 4308 940 4363 celebra·

102 4395 171 4463 turi,
195 4395 431 4450 convenientibus
451 4396 492 4449 illi
517 4395 660 4468 obsequiis
680 4397 807 4451 existatis
829 4397 945 4468 accepti.

102 4487 203 4538 etmen.

138 4573 217 4637 Quod
233 4571 292 4642 ipse
307 4576 452 4643 praestare.

139 4661 313 4716 Benedictio.

105 4806 131 4845 B·
155 4805 186 4844 tu
211 4803 310 4844 NOCTE
333 4803 470 4844 ueritis
488 4801 603 4842 bonithi
627 4800 728 4842 rtt1tt0
754 4800 945 4841 GALLlClUH·

137 4894 325 4964 Omnipotens
348 4895 430 4959 Oeus,
451 4893 500 4965 qui
520 4892 716 4947 incarnatione
737 4891 882 4962 Unigeniti
902 4893 947 4947 sui

103 4983 204 5038 mundi
219 4983 349 5037 tenebras
364 4983 509 5052 effugavit,
526 4987 554 5035 et
570 4981 631 5050 ejus
654 4981 780 5050 gloriosa
802 4980 949 5036 nativitate

103 5073 176 5126 hanc
190 5071 410 5125 sacratissimam
430 5076 542 5124 noctem
562 5069 720 5137 irradiavit,
745 5069 852 5139 etluget
867 5087 882 5121 a
896 5086 949 5123 vo-

103 5160 146 5214 his
162 5159 293 5212 tenebras
314 5158 460 5220 vitiorum,
483 5164 512 5211 et
532 5158 650 5212 irradiet
669 5157 756 5212 corda
779 5162 872 5211 vestra
887 5158 949 5212 luce

103 5248 253 5300 virtutum.
271 5249 370 5299 Amen.

139 5334 249 5404 Quique
265 5335 326 5404 ejus
340 5333 538 5389 sacratissimae
559 5333 717 5388 nativitatis
731 5333 870 5402 gaudium
887 5350 948 5388 ma·

103 5438 193 5485 guum
208 5424 369 5491 pastoribus
386 5424 539 5491 changeio
556 5423 646 5475 volavit
661 5422 798 5483 nuntiari,
816 5422 883 5491 lipsa
899 5437 950 5474 su·

106 5526 218 5579 pervus
240 5511 445 5566 benedictionis
465 5527 524 5565 sure
545 5510 741 5581 gratissimum
766 5510 888 5565 imbrem
903 5508 948 5562 in·

1001 467 1116 523 diorum
1130 485 1235 539 pascua
1248 473 1355 523 aeierna
1368 468 1521 538 perducat.
1539 473 1642 522 Amen.

1037 558 1070 611 Et
1095 558 1144 628 qui
1173 574 1224 628 per
1249 558 1311 627 ejus
1336 557 1562 611 incarnationem
1586 562 1704 611 terrena
1728 556 1838 610 ccelesti·

1000 643 1053 700 bus
1079 645 1204 712 sociavit,
1226 650 1341 698 aeternae
1361 643 1438 714 pacis
1460 650 1488 698 et
1512 645 1595 699 honae
1618 645 1776 700 voluntatis
1796 661 1839 699 ue·

1000 739 1076 789 ctare
1088 751 1138 788 vos
1162 735 1281 804 repleat,
1298 739 1326 787 et
1344 732 1470 802 ,coelestis
1489 732 1600 788 militiae
1625 738 1775 788 consortes
1787 734 1838 789 eili-

1000 822 1180 876 ciathmen.

1035 908 1117 974 Quod
1132 909 1192 980 ipse
1203 914 1349 981 praestare.

1037 996 1209 1051 Benedictio.
1279 1034 1281 1038 -
1349 988 1354 996 “

1045 1118 1070 1156 a.
1094 1117 1126 1157 1rv
1147 1117 1247 1157 auore
1270 1117 1404 1157 varanis
1427 1116 1557 1167 nentur,
1580 1117 1678 1158 aaran
1702 1117 1798 1157 avara.

1035 1191 1224 1260 Omnipotens
1253 1191 1337 1252 lteris,
1368 1189 1417 1260 qui
1448 1205 1533 1243 ovuue
1561 1204 1654 1259 genus
1686 1189 1832 1243 humanum

999 1279 1127 1333 tenebris
1160 1277 1336 1333 infidelitatis
1359 1278 1545 1345 obcecatum,
1576 1277 1742 1331 visitatione
1773 1293 1833 1330 vera

1000 1367 1071 1422 lucis
1098 1367 1183 1421 hodie
1207 1367 1367 1435 illustrarit,
1394 1367 1454 1436 ipse
1474 1381 1521 1420 ru·
1544 1366 1719 1421 intrinsecus
1747 1371 1774 1420 et
1799 1381 1833 1420 er·

1000 1456 1138 1510 trinsecus
1153 1456 1252 1527 gratioe
1272 1471 1331 1509 sum
1352 1455 1550 1510 benedictione
1571 1455 1728 1509 illuminet.
1744 1456 1852 1508 Amen:

1037 1546 1071 1600 Ut
1085 1545 1221 1615 pannosis
1236 1545 1421 1599 tenebrarum
1441 1543 1576 1614 operibus
1594 1543 1725 1613 abjectis,
1749 1542 1832 1597 lucidis

998 1634 1118 1703 justitiae
1151 1635 1328 1688 vestimentis
1359 1633 1498 1693 adornati.
1530 1633 1665 1686 decenter
1700 1631 1830 1698 incedatis,

999 1728 1115 1794 patrum
1140 1723 1271 1777 videlieet
1298 1722 1435 1792 exemplis
1461 1721 1582 1789 calciati,
1607 1719 1736 1775 castitate
1764 1736 1830 1773 renes

1000 1811 1127 1879 accincti,
1145 1812 1290 1866 Christum
1305 1811 1409 1878 induti,
1432 1815 1511 1864 scuto
1530 1810 1598 1864 tidei
1619 1809 1734 1874 muniti,
1750 1808 1828 1879 gladio

1000 1901 1088 1954 sancti
1103 1900 1224 1970 Spiritus
1242 1901 1357 1964 armati,
1378 1900 1461 1969 galea
1480 1898 1541 1969 spei
1558 1897 1697 1966 decorati,
1723 1897 1827 1950 charita·

999 1988 1035 2044 tis
1052 1989 1136 2059 pallio
1151 1989 1288 2059 cooperti.
1305 1994 1406 2042 Amen.

1035 2078 1181 2141 Quatenus
1206 2078 1258 2130 hoc
1281 2076 1383 2130 amictu
1408 2092 1460 2145 per
1483 2074 1610 2128 hostiurn
1636 2090 1739 2128 cuneos
1762 2071 1825 2126 illesi

999 2170 1190 2229 transeuntes,
1215 2171 1244 2219 at
1259 2165 1412 2229 immunes,
1432 2166 1468 2218 ad
1491 2181 1588 2236 regem
1605 2168 1738 2225 vestrum,
1758 2177 1823 2232 aqueus

1000 2253 1031 2308 in
1046 2255 1186 2325 praesepio
1207 2254 1355 2324 parvulum
1375 2253 1503 2306 invenire
1523 2258 1660 2323 pastores,
1682 2252 1710 2305 in
1725 2263 1822 2320 regnum

1000 2346 1137 2397 coelorum
1152 2342 1323 2413 perveniatis
1336 2347 1461 2396 ovantes.
1478 2343 1580 2395 Amen.

1037 2433 1118 2497 Quod
1134 2433 1195 2503 ipse
1210 2436 1356 2503 praestare.

1037 2522 1211 2578 Benedictio.

1188 2645 1215 2684 a.
1239 2645 1270 2683 ra
1295 2644 1346 2683 uva
1370 2642 1507 2682 atratis
1531 2640 1660 2680 nonius.

1037 2719 1190 2774 Benedicat
1219 2735 1268 2772 vos
1287 2714 1470 2786 onvoipoteus
1496 2716 1578 2779 Beris,
1603 2717 1774 2780 vostramque
1794 2706 1819 2760 ad

1001 2825 1126 2878 superna
1150 2807 1249 2861 excitet
1276 2806 1475 2866 intentionem,
1507 2804 1557 2873 qui
1587 2802 1660 2855 hanc
1689 2795 1819 2852 sacratissi-

1001 2913 1079 2952 mam
1092 2897 1167 2952 diem
1188 2896 1334 2950 nativitate
1354 2894 1417 2947 Filii
1438 2893 1481 2945 sui
1506 2892 1572 2945 iecit
1596 2908 1658 2944 esse
1677 2890 1818 2941 solemnem.

1038 3075 1070 3128 Et
1086 3071 1228 3143 quicum,
1246 3069 1296 3141 qui
1310 3068 1392 3139 panis
1413 3072 1454 3122 est
1481 3066 1660 3136 angelornm,
1676 3064 1705 3117 in
1726 3058 1816 3133 prascp'

1002 3161 1132 3217 Ecclesiae
1145 3160 1240 3213 cibum
1260 3157 1326 3212 ferit
1345 3172 1405 3209 esse
1432 3155 1562 3208 lidelium
1582 3151 1756 3214 animalium,
1777 3147 1819 3215 ipse

1001 3267 1049 3305 vos
1070 3255 1098 3303 et
1119 3247 1297 3318 inpraesenti
1316 3245 1419 3298 saeculo
1442 3244 1595 3314 degustare
1618 3241 1702 3294 iaciat
1724 3244 1819 3292 oetruio

1002 3353 1065 3390 rum
1087 3335 1267 3390 dulcedinem
1287 3331 1468 3402 gaudiorum,
1495 3333 1522 3382 et
1536 3329 1565 3382 iu
1589 3328 1686 3382 futuro
1709 3323 1820 3396 perducat

1002 3426 1036 3478 ad
1055 3425 1213 3478 satietatem
1232 3421 1294 3495 [ot.,
1316 3419 1491 3488 societatem]
1513 3422 1687 3471 aeternorum
1710 3409 1818 3485 premio·

1004 3530 1077 3568 rnm.
1096 3515 1188 3568 Amen

1038 3602 1149 3671 Quique
1166 3602 1227 3669 ejus
1244 3597 1394 3651 infantiam
1409 3593 1620 3649 vilibnsvolnit
1634 3593 1712 3647 indui
1731 3585 1818 3661 pannis,

1003 3690 1063 3762 ipse
1078 3707 1126 3743 vos
1141 3686 1300 3743 coelcstium
1310 3684 1546 3739 vestimentorum
1563 3682 1682 3735 inducat
1694 3690 1818 3734 ornamen-

1015 3781 1046 3834 's.
1065 3783 1165 3833 Amen.

1001 3786 1023 3834 n
1038 3868 1119 3932 Quod
1135 3867 1194 3936 ipse
1206 3868 1340 3934 prestare
1353 3861 1498 3930 dignetur,
1513 3858 1595 3928 cujus
1606 3871 1737 3926 regnum.

1190 3986 1217 4025 a.
1242 3984 1273 4024 vn
1298 3982 1413 4022 varani
1435 3979 1657 4021 S.sreruart1.

1030 4056 1122 4125 heris,
1143 4058 1192 4129 qui
1213 4059 1241 4110 B.
1266 4055 1444 4123 Stephanum
1468 4055 1707 4122 protomartyrem
1726 4057 1817 4100 corona·

1002 4151 1051 4214 vii,
1073 4153 1101 4202 et
1120 4145 1294 4201 consessione
1316 4142 1392 4204 fidei,
1411 4147 1440 4195 et
1459 4155 1551 4211 agone
1574 4138 1713 4208 martyrii,
1735 4135 1818 4188 menies

1001 4242 1108 4292 vestras
1127 4232 1284 4287 circumdet
1305 4230 1334 4282 in
1356 4229 1489 4299 primenti
1518 4228 1623 4281 sucula
1649 4215 1818 4290 curonajusti·

1002 4327 1060 4391 iia,
1077 4331 1105 4379 et
1128 4324 1158 4376 iu
1173 4322 1269 4376 futuro
1289 4319 1425 4390 perducat
1448 4334 1497 4371 vos
1516 4316 1551 4370 ad
1572 4330 1709 4368 coronam
1733 4306 1816 4382 glorie.

1003 4421 1101 4470 Amen.

1039 4501 1116 4555 illius
1134 4501 1251 4553 obtentu
1272 4497 1380 4550 tribuat
1399 4495 1478 4548 vobis
1501 4493 1549 4547 Oei
1571 4499 1599 4545 et
1613 4490 1731 4561 proximi
1750 4478 1816 4539 chari·

1002 4595 1060 4644 tete
1076 4604 1189 4658 semper
1204 4587 1368 4650 exrrborurc,
1385 4584 1435 4654 qui
1450 4584 1523 4637 hauc
1538 4580 1650 4635 studuit
1665 4579 1745 4633 etiarn
1763 4574 1816 4625 inter

1003 4676 1192 4746 lapidantium
1208 4674 1332 4742 impetus
1348 4672 1484 4726 obtinere.
1498 4676 1598 4724 Arnen.

1039 4766 1100 4829 Quo
1125 4763 1186 4833 ejus
1208 4760 1338 4828 exemplo
1359 4758 1497 4820 roborati,
1521 4763 1548 4810 ot
1563 4754 1758 4810 intercessione
1773 4757 1815 4799 mu·

1003 4853 1066 4918 niti,
1083 4851 1119 4905 ab
1133 4866 1167 4904 eo
1190 4865 1275 4919 quem
1295 4850 1354 4917 ipse
1380 4864 1397 4900 a
1420 4845 1525 4900 destris
1545 4845 1594 4898 Oei
1622 4843 1692 4896 vidit
1715 4840 1815 4893 saniem

1004 4940 1173 4995 mereamini
1187 4937 1326 4992 benedici.
1344 4939 1444 4989 Amen.

1039 5030 1120 5093 Quod
1132 5028 1192 5098 ipse
1208 5032 1344 5096 praestare
1360 5024 1505 5093 dignetur,
1519 5021 1568 5091 qni
1584 5036 1650 5074 curu
1665 5021 1749 5072 Patre.

1207 5149 1233 5187 B.
1257 5147 1289 5186 ΙΝ
1314 5144 1429 5184 detail
1450 5142 1475 5182 S.
1496 5140 1647 5181 tonans.

1040 5241 1227 5311 Omnipotens
1248 5239 1321 5291 Deus
1340 5236 1475 5306 dignetur
1494 5232 1574 5285 vobis
1598 5247 1652 5301 per
1677 5216 1821 5283 intercessit

1004 5346 1069 5385 nem
1091 5329 1119 5382 B.
1140 5325 1258 5380 loannis
1277 5322 1399 5394 apostoli
1418 5326 1446 5374 et
1470 5318 1653 5389 evangelistar
1672 5312 1822 5373 benedicere

1004 5419 1051 5489 qni
1069 5433 1119 5487 per
1134 5431 1200 5469 eum
1214 5429 1317 5468 arcana
1339 5410 1417 5464 verbi
1443 5409 1486 5463 sui
1510 5408 1602 5462 voluit
1625 5408 1752 5461 Ecclesia
1766 5410 1824 5454 reve·

1005 5508 1073 5560 lare.
1090 5509 1192 5559 husen.
