3930 6098
202 303 253 358 lii
767 292 948 350 natatum
968 289 1202 348 CDDBEIENSiS
1222 290 1377 347 ltottacltt
1900 291 1948 344 til

202 442 310 491 menta.
329 428 438 505 Coi-'pus
452 432 561 497 autem,
578 429 608 484 in
627 445 684 500 quo
701 444 801 499 passus
830 433 872 482 est
902 427 1041 492 Christus,
1058 428 1080 479 Α
1100 428 1290 497 praestolatur,
1306 425 1462 497 jnxtailtud
1481 423 1654 496 Sapientia:
1670 425 1816 480 accessisti
1829 425 1867 479 od
1880 442 1952 480 mni·

202 520 485 592 etsaugnisejusde
502 517 651 588 laterequi
678 517 1045 583 tliixit,ressuut.llarun1
1101 518 1304 585 compotorum
1333 515 1478 583 dittpenter
1503 513 1612 567 erilande
1639 528 1699 582 qua
1729 514 1955 585 ritisentoppe

200 629 268 666 reio
285 626 379 665 rerum
394 606 529 679 mysteria
547 605 617 659 dicit
632 622 692 658 esse
716 609 893 659 sacramenta
919 603 1047 675 corporis
1101 607 1164 663 sito,
1188 606 1273 657 sciens
1300 605 1366 671 qino
1399 604 1467 655 totio
1497 606 1521 654 te
1542 607 1646 670 oportet
1677 616 1834 669 preparare
1859 602 1952 668 (l’ror.

201 705 229 754 rt
242 697 390 769 sanguinis
406 695 519 760 Christi,
536 710 600 764 qiam
617 693 798 748 celebrantur
812 694 848 747 ob
873 678 1043 747 memoriam
1102 708 1179 756 xiiii,
1201 695 1236 757 i).
1267 688 1464 744 Accederead
1496 704 1622 742 mensam
1652 689 1952 757 potenits‚estdivi11i

202 786 357 842 Dominicae
369 783 520 856 passionis,
550 797 607 835 non
630 782 721 834 solum
739 796 791 851 per
804 795 902 833 omues
927 777 1047 848 ll’asclne

201 875 394 929 solemnitates
410 871 529 943 singulis
545 869 638 937 annis,
655 885 755 924 rerum
773 869 858 923 etiam
882 867 1004 939 singulis
1019 867 1046 920 in

203 960 398 1016 annodiebus.

238 1049 357 1104 xxxiii.
386 1050 418 1103 Et
441 1064 505 1101 cum
520 1063 610 1101 unrim
628 1045 663 1100 sit
676 1045 794 1116 [corpeus
811 1035 1001 1111 Dominicnm,
1018 1043 1047 1098 in

201 1153 258 1208 quo
273 1137 360 1190 semel
376 1152 476 1207 passus
490 1141 547 1199 est;
560 1140 588 1189 et
608 1133 818 1204 unussauguis‚
841 1134 889 1206 qui
901 1134 1047 1205 prosalute

203 1225 303 1279 nriindi
319 1225 399 1279 lusus
414 1229 473 1278 est:
497 1229 623 1277 attamen
650 1229 826 1276 sacramenta
855 1223 982 1294 ipsarum
999 1237 1047 1276 rc·

202 1330 266 1368 rum
289 1313 647 1383 iocabulaisumpserunt,
669 1317 702 1366 ut
730 1311 862 1365 dicantur
888 1327 989 1382 corpus
1020 1313 1049 1363 et

203 1402 319 1473 sangnis
344 1401 459 1469 Christi,
487 1417 551 1455 cum
581 1405 698 1471 propter
713 1399 927 1453 similitudinem
951 1414 1047 1452 rerum

1101 780 1271 851 participem
1288 778 1434 833 libaminis
1449 776 1511 831 lieri
1531 792 1537 830 :
1554 777 1740 830 consideratis
1755 792 1821 831 reio
1836 776 1948 848 apposi·

1101 875 1209 936 torum,
1222 867 1335 923 Domini
1350 865 1476 937 eorporis
1487 870 1514 919 el
1527 865 1677 937 sanguinis
1692 873 1735 919 est.
1748 865 1949 936 intelligentia.

1102 957 1211 1022 Quibus
1239 957 1369 1029 quisquis
1398 954 1561 1026 participat,
1578 954 1707 1007 advertat
1722 971 1751 1007 sa
1767 955 1832 1008 talia
1849 954 1951 1008 debere

1100 1060 1273 1116 praeparare,
1295 1048 1325 1097 ut
1352 1044 1414 1113 ejus
1440 1042 1568 1096 imitator
1596 1041 1707 1096 existat
1725 1042 1948 1109 commoriendo,

1102 1134 1183 1204 cujus
1209 1132 1377 1187 memoriam
1409 1130 1520 1196 mortis,
1553 1146 1610 1184 non
1628 1131 1721 1185 solum
1736 1131 1887 1195 credendo,
1904 1147 1949 1185 re·

1102 1237 1166 1275 rum
1179 1220 1265 1273 eliam
1280 1219 1422 1289 gustando
1435 1219 1598 1272 conlitetur.

1137 1310 1247 1365 XXXlX.
1275 1310 1344 1363 item
1368 1307 1469 1362 heatus
1499 1308 1651 1377 Apostolus
1668 1307 1701 1361 ad
1726 1306 1881 1362 llebraeos:
1904 1309 1951 1362 To·

1103 1399 1136 1453 lis
1150 1400 1225 1452 enim
1240 1396 1348 1451 decebat
1368 1401 1397 1449 ut
1412 1395 1488 1449 nobis
1504 1400 1569 1449 esset
1583 1398 1721 1464 poietisea,
1741 1401 1862 1462 sanctus,
1878 1398 1951 1450 inno

204 1489 475 1561 quasinnuunt‚sic
497 1488 793 1558 clipellentur:sicut
818 1487 923 1540 Pascha
939 1491 968 1540 et
993 1488 1047 1541 Re·
1102 1486 1350 1556 cees,impotlntus,
1378 1483 1774 1552 seerenotmopeecotoribns,
1808 1489 1833 1538 ct
1863 1486 1950 1539 eccel-

203 1580 341 1632 surrcctio
366 1577 478 1631 Domini
495 1582 642 1642 iocantur,
660 1592 724 1646 quir
740 1591 790 1646 per
804 1574 931 1644 singulos
957 1591 1049 1629 annos
1101 1579 1158 1630 sior
1180 1576 1252 1629 cretis
1277 1576 1378 1640 (rictus.
1411 1573 1462 1638 Qui
1477 1588 1528 1626 nou
1551 1572 1628 1626 habet
1644 1577 1839 1628 raecessttotem.
1863 1589 1949 1642 quem·

203 1667 393 1732 celelnantur,
419 1680 483 1718 cnm
512 1663 599 1717 semel
623 1663 651 1716 iu
677 1663 973 1734 scipsopassussitel
1000 1679 1048 1717 re·
1102 1661 1416 1722 hdmodnmsncerdotes,
1437 1662 1559 1731 quotidie
1578 1662 1883 1731 tostiusoffirreprins
1902 1677 1948 1732 pro

204 1753 370 1817 siuiexerit,
387 1752 514 1806 neodies
538 1751 581 1805 illi
606 1751 664 1821 jain
681 1752 790 1820 possint
817 1751 954 1816 revocari,
980 1726 1158 1822 qno-Baete
1174 1752 1289 1815 delictis,
1317 1750 1586 1820 deindepropopnli
1604 1766 1610 1804 :
1629 1751 1675 1804 boc
1691 1753 1841 1817 ertiint'ecit
1861 1753 1947 1816 senari,

202 1844 279 1896 niani
303 1842 514 1912 preterierant.
538 1839 727 1910 Appellantur
744 1845 839 1893 tanien
857 1840 972 1893 illorum
998 1856 1050 1893 ro·
1103 1840 1281 1910 sentinando
1300 1843 1428 1895 Dominus
1443 1840 1518 1894 iesus
1535 1840 1658 1895 Christus
1670 1839 1748 1898 (tiele.
1766 1855 1816 1907 ru,
1832 1840 1877 1904 26,
1893 1841 1945 1906 ai).

202 1932 302 1986 cabulo
316 1930 376 1984 dies
391 1929 495 2001 quibus
511 1928 651 1982 memoria
667 1928 821 1981 Dominicm
837 1927 976 1999 passionis
991 1928 1048 1982 sire
1103 1930 1183 1995 Driod
1200 1930 1287 1984 semel
1298 1927 1385 1999 placit,
1411 1943 1487 1980 nuuc
1513 1928 1640 1997 quotidie
1654 1926 1836 1998 frequentat:
1862 1926 1945 1981 semel

204 2018 420 2074 resurrectionis
444 2025 698 2085 commemoratur,
725 2015 916 2087 idcircoquod
934 2016 1048 2070 illorum
1102 2018 1179 2072 eiiim
1195 2016 1384 2088 propeccatis
1412 2014 1512 2085 populi
1537 2031 1566 2067 se
1590 2015 1703 2081 obtulit,
1720 2016 1882 2069 celebratur
1904 2021 1944 2070 ta·

200 2106 419 2160 similitudinem
449 2104 575 2159 habeant
603 2104 713 2157 dierum
744 2104 848 2174 uiribus
862 2104 990 2158 Salvator
1004 2121 1046 2159 se·
1103 2122 1169 2159 ineu
1191 2106 1251 2159 liaeo
1266 2106 1364 2159 eadem
1394 2105 1499 2157 oblatio
1515 2103 1636 2173 singulis
1652 2120 1703 2174 per
1719 2104 1817 2158 lideles
1830 2104 1943 2174 diebus,

200 2196 255 2249 mel
273 2210 372 2264 passus
387 2198 429 2246 est
442 2191 568 2246 etsemel
585 2191 747 2246 resurrexit.
1103 2193 1196 2247 sedin
1213 2193 1358 2264 mysterio,
1391 2198 1422 2247 ut
1451 2191 1524 2263 quod
1554 2192 1690 2246 Dominus
1718 2193 1799 2248 iesus
1823 2192 1946 2247 Christus

235 2281 467 2338 titillatione
495 2280 754 2346 dicimus:tt0tie,
782 2280 825 2334 iel
845 2281 978 2344 cras‚iel
994 2298 1048 2352 pe-
1101 2281 1234 2336 semelse
1251 2280 1373 2335 oiieieus
1400 2281 1578 2351 adimplevit,
1608 2281 1661 2335 hoc
1683 2285 1711 2335 in
1728 2282 1791 2352 ejus
1805 2282 1944 2352 passionis

200 2372 309 2438 iendis,
338 2369 452 2425 Domini
482 2368 589 2423 Pascha
613 2372 665 2433 est,
682 2368 726 2421 rel
753 2368 950 2436 Resurrecti03
981 2384 1047 2423 cum
1102 2369 1271 2425 memoriam
1296 2370 1422 2441 quotidie
1445 2375 1561 2439 geratur
1582 2386 1634 2440 per
1663 2371 1866 2441 mysteriorum
1881 2371 1946 2425 cele·

201 2458 450 2529 dicsilli‚quibus
472 2458 533 2511 haec
556 2461 637 2526 gesta
661 2462 738 2526 saint,
768 2456 938 2527 multisjam
965 2457 1047 2511 aunis
1101 2458 1273 2513 bratiouom.

200 2547 401 2620 pistoriensi.
431 2545 476 2601 Sic
501 2544 588 2599 etiarn
614 2544 742 2598 dieamus
772 2544 923 2598 Dominum
946 2544 1047 2599 immo·
1136 2546 1178 2601 XL
1202 2547 1259 2601 lt'ec
1274 2550 1368 2600 tamen
1385 2545 1455 2599 ialso
1476 2545 1581 2600 dicitur
1598 2546 1673 2617 quod
1691 2546 1720 2600 in
1751 2548 1896 2618 mysteriis
1919 2548 1945 2603 il·

200 2637 251 2690 lari
280 2634 396 2706 quando
421 2633 563 2704 passionis
587 2633 648 2701 ojus
662 2637 840 2685 sacramenta
854 2633 1044 2700 celebrantur,
1101 2634 1135 2689 lis
1149 2635 1287 2688 Dominus
1305 2635 1349 2688 rcl
1362 2634 1528 2687 immoletur
1548 2634 1590 2687 vel
1606 2634 1731 2704 patiatur
1758 2636 1945 2706 quoniamil·

199 2740 263 2778 rum
280 2723 367 2776 semel
386 2720 925 2793 prosaltitemundisitimmolatusin
942 2725 1045 2774 semet·
1101 2722 1155 2776 lins
1183 2723 1284 2777 mortis
1307 2728 1393 2793 atque
1421 2722 1563 2793 passionis
1592 2721 1702 2777 liabens
1717 2723 1943 2791 similitudinem,

199 2813 273 2882 ipso,
309 2811 382 2865 sicut
410 2810 562 2881 Apostolus
582 2811 639 2864 ait:
671 2809 794 2866 Christus
821 2822 919 2876 passus
943 2813 1045 2878 estpro
1100 2827 1222 2883 quarum
1236 2812 1359 2866 existunt
1371 2810 1649 2881 repraesentationes.
1666 2812 1743 2866 Unde
1768 2812 1943 2867 Dominicora

198 2900 285 2965 nobis,
301 2899 375 2954 cobis
390 2897 546 2967 relinquens
557 2899 707 2967 exemptum
718 2901 747 2951 nt
766 2899 919 2966 sequemini
931 2899 1045 2966 oesttpiu
1099 2915 1203 2971 corpus
1218 2905 1246 2954 et
1261 2900 1377 2971 sanguis
1403 2899 1568 2954 Dominicus
1596 2899 1786 2971 appellantur,
1811 2903 1943 2973 quoniam

199 2990 258 3057 rjus
283 2990 308 3057 (l
334 2990 406 3043 l'rtr.
439 3003 470 3055 u,
495 2988 551 3054 il).
577 2987 638 3041 Nou
667 2985 744 3040 enim
773 2985 850 3056 qiiod
874 2984 1044 3055 qriotidiein
1062 3024 1081 3079 c
1100 2989 1164 3058 ejus
1193 2995 1311 3042 sumunt
1337 2989 1572 3059 appellationem,
1602 2989 1684 3059 cujus
1711 2990 1838 3044 existunt
1857 3007 1944 3046 sacra·

199 3077 432 3148 scipsopatiatnr
451 3075 526 3144 quod
544 3075 631 3128 semel
660 3073 734 3127 iecit.
751 3073 918 3144 Exemplum
942 3075 1047 3139 {autem
1101 3081 1240 3131 mentum.
1258 3076 1622 3132 llincheatuslsidorusiu
1649 3077 1729 3131 libris
1753 3077 1943 3150 Etymologia·

200 3164 281 3221 nobis
296 3163 413 3235 reliquit
438 3161 514 3233 quod
539 3162 568 3216 in
584 3161 721 3232 mysterio
739 3161 853 3215 Domini
876 3162 1005 3233 corporis
1020 3167 1048 3216 et
1100 3182 1163 3220 rom
1180 3165 1238 3236 (tib.
1258 3181 1372 3235 vncop.
1400 3165 1443 3237 lli)
1461 3166 1501 3220 sic
1515 3165 1573 3220 ait:
1592 3184 1605 3217 s
1622 3165 1798 3220 Sacrificium
1827 3167 1942 3234 dictum,

199 3252 484 3324 sanguinisquotidie
499 3250 680 3304 credentibus
696 3256 896 3321 praesentatur,
921 3256 952 3304 ut
972 3250 1048 3322 quis·
1100 3255 1181 3326 qnasi
1195 3270 1306 3309 sacrum
1327 3253 1445 3319 lacteam,
1467 3255 1535 3326 quia
1554 3270 1638 3325 prece
1660 3254 1777 3324 mystica
1792 3271 1942 3310 consecra·

199 3342 263 3413 qriis
278 3341 313 3394 ad
330 3339 401 3393 illud
416 3338 575 3406 accesserit,
591 3336 711 3401 noverit,
728 3352 757 3388 so
782 3336 963 3406 passionibus
985 3337 1048 3406 eJus
1099 3344 1186 3397 tanin
1196 3343 1364 3397 memoriam
1372 3359 1424 3413 pro
1433 3343 1514 3396 nobis
1530 3342 1686 3398 Dominicae
1697 3342 1849 3414 passionis.
1859 3343 1943 3400 Unda

199 3428 299 3484 sociari
314 3427 427 3493 debere,
449 3440 572 3496 quarum
585 3424 740 3494 imaginem
753 3423 782 3477 in
797 3423 884 3477 sacris
904 3424 1047 3494 mysteriis
1100 3431 1163 3497 hoc,
1181 3447 1214 3485 ao
1232 3431 1362 3501 jubente,
1385 3446 1488 3502 corpus
1510 3430 1614 3486 Christi
1641 3437 1669 3486 et
1690 3431 1864 3502 sangninem
1879 3431 1944 3488 dici·

198 3581 375 3655 contigitdie
392 3598 449 3654 quo
464 3598 493 3636 so
509 3580 610 3635 mortis
626 3578 805 3635 exactoribus
821 3578 951 3651 permisit
977 3596 1045 3650 sup·
1098 3586 1136 3640 tis
1155 3585 1332 3640 sustinuerit.
1363 3586 1468 3641 Verum
1500 3587 1561 3641 liaec
1583 3587 1679 3641 omnia
1705 3602 1763 3641 non
1783 3586 1945 3659 impediunt

198 3655 286 3726 plicio
300 3654 402 3708 cineis.
432 3655 496 3706 llac
516 3657 560 3706 est
583 3669 650 3705 iera
665 3656 694 3705 ct
707 3657 841 3705 constans
858 3652 986 3705 Ecclesiae
1000 3667 1045 3705 ca·
1099 3657 1169 3728 quin
1187 3672 1290 3726 corpus
1303 3657 1406 3711 Christi
1420 3657 1481 3727 jam
1498 3657 1656 3728 gloriosum
1672 3658 1702 3712 in
1718 3658 1789 3712 coelo
1808 3658 1943 3713 Euchari-

199 3727 312 3780 tirolieae
333 3723 479 3790 doctrina3
495 3739 580 3794 quain
598 3723 771 3776 Ratiamnns
786 3722 971 3792 singulariter
998 3738 1045 3776 ex·
1099 3727 1153 3781 etia
1167 3727 1399 3797 permansionem
1417 3729 1519 3782 habeat
1544 3728 1631 3783 modo
1659 3728 1802 3799 spirituali
1817 3729 1943 3784 sensibus

198 3796 461 3922 ponitetenncleat
485 3794 576 3847 verbis
593 3794 824 3864 epistolusancti
847 3792 1045 3864 trigestiniad
1098 3798 1501 3868 nonsubjectoetcorporali‚
1520 3800 1563 3852 uti
1592 3799 1773 3869 recognoscit
1795 3800 1859 3870 ipse
1888 3800 1941 3856 as-

209 3867 385 3931 contractum,
408 3865 559 3945 Utcunque
585 3865 716 3925 sessim,
737 3863 880 3917 abnuente
898 3865 976 3918 Sixto
997 3863 1045 3917 Se·
1098 3869 1267 3924 namnusin
1280 3869 1411 3938 pistrinus
1432 3871 1475 3922 sui
1488 3870 1619 3949 opusculi
1644 3870 1723 3936 locis,
1754 3874 1782 3923 et
1796 3871 1940 3940 spectatio

197 3938 279 3992 riensi
302 3939 339 4006 (u)
368 3935 492 3990 intendit
514 3950 610 3989 animo
639 3935 835 3988 deinonstraie
859 3934 985 4005 aliquam
1015 3934 1044 3988 iu
1099 3941 1217 3994 num28
1246 3946 1273 3992 ει
1288 3941 1322 3994 30
1337 3945 1422 3993 antea
1436 3939 1539 4008 citatis,
1552 3946 1581 3994 et
1595 3955 1675 3994 uum.
1694 3942 1765 3994 teet
1779 3942 1825 4007 99,
1839 3941 1939 4012 inqui·

196 4007 373 4063 Euciiarisliti
397 4008 518 4074 liguram
544 4005 708 4058 0⁰¹18i⁵¹er0·
742 4006 806 4060 illic
832 4005 963 4075 ampliori
984 4004 1045 4058 dis·
1099 4010 1152 4064 bus
1179 4010 1219 4064 ait
1245 4010 1324 4064 iustis
1339 4011 1497 4079 theologus,
1513 4010 1585 4078 quod
1599 4012 1651 4064 iste
1667 4013 1747 4078 proreta
1762 4016 1788 4064 et
1802 4011 1879 4065 cotie
1896 4011 1939 4080 oni

196 4074 1045 4160 captationennuiiidigent;rerbasanetiaugustiniinvi-
1098 4095 1194 4148 coeptus
1222 4086 1247 4134 et
1274 4084 1387 4148 surianis
1413 4081 1514 4137 Christi
1543 4083 1702 4135 nominator
1728 4085 1754 4135 et
1779 4083 1885 4136 existit.
1910 4079 1938 4135 lit

196 4150 322 4203 ctissime
349 4144 560 4216 proliauthanc
579 4147 665 4198 t'insso
698 4151 868 4200 senteutiam
898 4145 1045 4199 llatranini
1071 4185 1073 4188 >
1097 4151 1291 4222 intelligamus
1313 4151 1687 4205 exiisliocsacramentum
1715 4153 1935 4206 nousolnmaa

196 4224 224 4272 et
238 4217 380 4273 Pascliasii
393 4231 467 4268 notio
482 4218 632 4282 saeculo‚el
646 4222 799 4286 utrumque
814 4217 868 4270 hoc
880 4216 942 4269 loco
954 4216 1044 4270 sancti
1098 4237 1210 4276 sumere
1227 4238 1331 4276 nomen
1349 4223 1390 4276 rei
1405 4223 1487 4293 cujus
1505 4227 1547 4276 est
1561 4226 1782 4285 sacramentum,
1803 4223 1852 4277 aed
1883 4234 1936 4276 reu
1958 4276 1963 4287 ,

111 4301 119 4313 ·
196 4287 346 4353 hunristbii
380 4285 537 4340 studiossse
564 4287 637 4339 hanc
664 4288 823 4349 veritatem,
861 4285 1043 4341 paschasium
1098 4291 1190 4362 ipsam
1203 4309 1263 4346 esse
1279 4299 1307 4347 et
1319 4293 1449 4347 existere,
1470 4294 1556 4348 porro
1577 4309 1610 4348 εχ
1626 4293 1670 4348 115³
1686 4292 1798 4347 viderur
1822 4290 1936 4347 dilucide

196 4359 303 4412 scilicet
329 4361 451 4437 impiam
470 4356 504 4408 iifl
536 4356 662 4437 COtpol'e
685 4363 722 4437 ‘ei'
749 4357 894 4427 Sanguine
928 4357 1042 4423 Christi,
1098 4363 1239 4434 applicata
1271 4364 1416 4418 roliintata
1449 4363 1603 4418 intendisse
1636 4362 1766 4418 eamdem
1795 4363 1934 4418 veritatem

197 4445 262 4500 prag.
278 4430 340 4492 oia,
358 4427 400 4480 lit.
416 4428 474 4480 Cet
486 4427 517 4479 D.
537 4426 668 4479 Elllictim
685 4434 773 4496 igitur
788 4433 882 4481 eareat
899 4427 1044 4481 studiosus
1098 4433 1267 4488 confirmare
1282 4449 1370 4504 quam
1389 4436 1523 4504 exposuit
1542 4450 1621 4488 utrm.
1646 4437 1688 4496 ld.
1716 4433 1745 4488 iu
1763 4449 1822 4504 qrio
1847 4434 1889 4488 ait
1906 4431 1933 4486 da

195 4502 283 4555 lector
298 4496 432 4551 utriusvis
447 4497 561 4566 opsonii
576 4502 626 4550 aut
649 4499 796 4621 utriuscpre
813 4513 880 4551 nea
902 4498 1041 4552 memoria
1095 4503 1244 4573 speciebus
1272 4505 1354 4573 panis
1378 4510 1406 4559 et
1431 4504 1490 4559 rini
1510 4504 1684 4576 sannibus
1707 4519 1813 4575 corpeus
1841 4499 1955 4559 Christi·

196 4570 307 4624 excidat
322 4582 448 4637 iiiiquam
465 4573 674 4621 sacramentum
691 4567 748 4621 Euc
760 4569 885 4632 sacristiae,
899 4575 1040 4638 quatenus
1095 4574 1244 4640 delitescit,
1258 4590 1311 4628 reon
1326 4575 1399 4644 qnod
1417 4575 1535 4628 duarum
1551 4577 1606 4630 sint
1622 4578 1774 4629 existentia
1797 4590 1887 4629 rerum
1897 4575 1932 4626 in·

196 4643 405 4694 sacramentum
419 4653 480 4691 esse
496 4639 676 4703 memoriam,
692 4653 856 4707 expressam
874 4639 1039 4709 imaginem,
1095 4649 1135 4698 tir
1148 4645 1355 4700 redimentem
1370 4661 1377 4699 ς
1396 4650 1424 4698 at
1439 4661 1519 4700 urim.
1536 4646 1580 4710 ιι,
1597 4646 1625 4699 iu
1643 4661 1700 4716 qiio
1712 4646 1858 4715 conceptis
1869 4642 1930 4698 reri·

195 4710 413 4765 similitudinem
424 4713 453 4762 et
466 4709 587 4789 liguram
597 4710 833 4778 corporistlhiisti
849 4710 996 4763 morientis
1012 4717 1041 4764 ot
1093 4713 1138 4768 his
1152 4715 1235 4769 docet
1250 4717 1338 4784 uliud,
1354 4719 1403 4783 qui
1413 4722 1507 4784 posteo
1521 4730 1618 4784 coeptu
1631 4715 1664 4769 de
1680 4717 1793 4783 Virpine
1803 4719 1928 4786 sumptae

195 4779 1039 4849 cruciliaictsauguuicmoll'undentisingrntiametsaln1
1093 4790 1118 4839 et
1144 4801 1196 4854 pro
1222 4786 1492 4840 solntecredeutium
1516 4789 1546 4839 in
1575 4800 1824 4854 crncesuspensum
1842 4784 1950 4839 nostra*

195 4859 252 4908 tem
268 4850 417 4906 lrouriunm
431 4855 472 4915 3et
488 4850 812 4973 propter-enimpositum
829 4850 933 4904 habere
944 4867 1040 4920 corpo·
1092 4858 1198 4910 secutis
1210 4856 1342 4921 cohibuit,
1359 4861 1384 4908 et
1398 4871 1470 4910 eaeo
1490 4858 1634 4924 soripninis
1648 4856 1750 4910 nicetam
1764 4855 1874 4924 effudit,
1888 4866 1929 4908 nott
1945 4864 1949 4873 ’

196 4920 533 4989 risnomeuctsangninis
554 4936 601 4972 esu
623 4918 1038 4992 Christi:necquidquamcsse
1092 4927 1177 4980 sotum
1199 4941 1254 4993 quo
1267 4925 1468 4989 redimeremur,
1495 4929 1683 4981 verumetiam
1705 4931 1874 4995 potaremur.
1906 4923 1946 4977 lit·

194 5010 279 5066 spiram
299 4993 379 5046 lesus
395 4991 522 5069 Christus
537 4990 597 5059 ipse
613 4991 644 5043 in
665 4991 767 5044 arbore
789 4992 881 5044 crucis
901 4991 1039 5046 anhelans
1093 5011 1173 5049 urim.
1190 4998 1224 5049 25
1244 4999 1315 5051 et28
1332 5013 1338 5051 :
1358 4998 1418 5065 lpse
1433 5013 1551 5066 iramque
1566 5000 1615 5066 qui
1628 5012 1699 5051 nune
1711 4999 1740 5050 in
1755 4997 1876 5051 Ecclesia
1887 5008 1929 5048 en·

194 5074 223 5120 et
241 5063 390 5119 ellundeus
408 5076 576 5140 sanguinein
593 5077 644 5130 pro
661 5061 753 5115 nuliis.
768 5060 845 5125 Quod
863 5062 978 5132 quidem
994 5063 1039 5116 his
1091 5068 1335 5134 nipotentioirtute
1349 5082 1446 5135 punem
1471 5073 1497 5122 ot
1514 5071 1609 5122 citium
1634 5069 1724 5121 insui
1744 5071 1866 5136 corporis
1879 5076 1928 5119 aar·
1945 5098 1950 5127 1

193 5132 402 5191 conditionibus
425 5146 522 5211 resera
548 5147 577 5183 ιιι
607 5131 783 5212 Eucharistia
815 5148 871 5186 nou
901 5133 1036 5197 consistit.
1091 5152 1151 5190 nom
1166 5142 1191 5191 et
1205 5139 1314 5206 proprii
1328 5139 1432 5192 cruoris
1454 5138 1557 5192 aridum
1583 5139 1768 5208 spiritualiter
1799 5133 1928 5192 conuenit·

193 5209 240 5263 sed
258 5202 481 5260 solummodum
502 5216 670 5255 memoriam
696 5207 723 5254 et
737 5202 964 5269 similitudinem,
979 5219 1037 5256 nou
1092 5206 1171 5270 Quod
1202 5208 1317 5278 quidem
1333 5223 1487 5261 asermone
1503 5213 1531 5262 ot
1545 5209 1705 5263 elocutione
1723 5207 1866 5263 Paschasii
1884 5212 1929 5260 nott
1947 5252 1964 5264 .

193 5294 273 5331 sectis
302 5292 334 5329 oc
358 5274 418 5328 dies
446 5272 588 5326 Paschatis
605 5272 664 5325 dies
689 5274 905 5327 rerurrectionis
933 5289 1038 5327 nuncu·
1091 5277 1397 5347 dillert,quemnemo
1423 5279 1509 5332 liomo
1537 5279 1640 5333 litteris
1668 5284 1799 5332 assuetus
1830 5274 1944 5334 dontio·

194 5355 278 5417 patin
294 5343 407 5399 tremelai
423 5342 552 5414 pluribus
566 5341 671 5395 abliiuc
683 5343 767 5396 annis
780 5351 807 5396 et
826 5343 937 5398 saeculis
951 5344 1035 5398 Chii·
1090 5346 1176 5401 tidem
1192 5363 1278 5417 qriam
1294 5348 1476 5403 defendimus
1496 5350 1627 5403 eamdem
1643 5351 1781 5403 tuendam
1802 5347 1929 5420 recepisit

193 5427 252 5469 stirs
268 5416 407 5469 Dominus
436 5412 524 5468 semel
540 5413 638 5466 eadem
656 5413 714 5467 sive
735 5413 821 5466 simili
834 5414 879 5467 dic
893 5413 1034 5482 revixerit,
1090 5417 1298 5488 inepistolaad
1325 5419 1529 5488 Erndg-ardum
1547 5421 1607 5474 :Et
1627 5424 1712 5474 totum
1745 5421 1874 5488 spiritale
1897 5412 1929 5472 td

193 5494 221 5538 et
236 5487 296 5538 dies
309 5485 409 5538 mortis
428 5489 456 5537 et
468 5481 611 5609 passionis
629 5483 700 5537 feria
719 5490 806 5541 serta.
858 5499 902 5538 nie
918 5491 1036 5539 vocatur
1090 5488 1163 5556 qnod
1181 5488 1373 5545 celebrotnrc'n
1400 5492 1449 5546 boc
1468 5496 1648 5558 sacramento,
1674 5491 1740 5560 quio
1766 5486 1929 5561 aperierat
1960 5504 1963 5509 ·

192 5558 299 5621 sancte,
315 5553 382 5608 licet
391 5553 466 5625 pluri
488 5570 521 5609 us
533 5552 731 5608 abhincaonis
740 5553 826 5608 semel
835 5500 949 5609 isleras
961 5570 1036 5610 mor·
1090 5561 1138 5626 qni
1151 5560 1281 5626 vivificet.

279 5673 446 5726 Bibliotheca
462 5679 570 5736 sauctae,
588 5675 634 5725 lib.
648 5689 682 5737 rr,
694 5675 794 5726 observ.
811 5676 863 5724 tito.
