3930 6098
110 230 172 282 lost

666 219 693 273 S.
716 219 853 275 uelttttll
876 217 1112 276 LUGDUNENSIS
1133 216 1294 275 ertscort

1786 224 1842 276 rtet

106 363 166 416 sive
179 361 306 431 angelica
320 357 485 413 conditione
499 355 541 409 vel
553 354 729 410 beatitudine
740 354 846 409 sentire
861 356 949 424 cupit,
970 354 1059 417 ahts
1075 354 1198 425 geminis
1222 355 1298 409 Isaac
1325 357 1354 409 et
1381 355 1515 409 Rebeccae
1539 355 1580 411 ita
1606 356 1720 412 dicens:
1753 380 1766 407 κ
1784 359 1844 414 Cum

106 449 236 505 attendat
267 446 391 501 lideliter
420 444 546 498 divinam
578 443 788 508 auctoritatem,
823 442 951 496 attendat

52 561 59 570 ·
107 537 286 593 fidelissimos
308 532 436 588 Ecclesiae
460 533 555 586 Patres
571 530 736 585 fidelissime
759 530 948 600 disputantes,

107 624 236 680 attendat
251 622 338 677 etiam
359 620 486 675 conciliis
507 618 670 689 aggregatis
694 617 821 688 idipsum
844 617 950 671 firmis-

107 713 177 766 sime
193 710 377 776 detinieotes3
392 714 420 763 et
441 724 500 762 non
519 708 600 777 juxta
619 706 742 775 impium
762 704 949 775 Pelagiauum

106 800 202 855 credat
223 799 348 869 primum
364 797 512 851 hominem
535 796 596 849 solo
613 811 662 849 suo
683 793 802 847 arbitrio
826 793 855 846 ιιι
876 792 951 846 hono

105 888 181 959 quod
196 892 343 956 acceperat
357 899 525 956 permanere
541 883 677 953 potuisse,
693 881 841 936 sedetiam
857 879 951 950 ipsum

3 1042 7 1047 ¹
106 976 236 1048 quandiu
262 974 339 1029 stetit
365 973 462 1028 divina
487 971 580 1043 gratia
606 970 735 1041 adJutom
767 967 867 1035 luisse;
900 983 952 1022 nec

105 1065 335 1135 omnipotentem
357 1063 457 1129 Deum,
483 1065 515 1114 ut
537 1060 614 1115 idem
641 1063 727 1113 homo
749 1057 778 1111 ιιι
802 1056 951 1111 sanctitate

105 1159 134 1208 st
159 1153 271 1224 Justitia
294 1155 478 1222 permaneret
510 1147 709 1203 tantummodo
738 1145 872 1211 voluisse,
902 1143 951 1198 sed

1007 441 1084 496 enim
1108 442 1230 496 necdum
1246 441 1307 496 nati
1332 447 1437 507 essent,
1456 447 1506 497 aut
1529 443 1642 514 aliquid
1664 444 1792 515 egissent
1801 447 1843 502 bo-

1007 545 1077 584 num
1099 531 1142 583 vel
1159 529 1278 594 malum,
1300 535 1331 584 nt
1355 530 1512 585 secundum
1535 532 1708 587 electionem
1731 536 1845 605 proposi·

1006 622 1068 671 tum
1096 618 1145 672 llei
1169 622 1298 673 maneret
1320 635 1377 672 non
1402 636 1434 673 ex
1456 619 1603 690 operibus,
1622 622 1670 675 sed
1695 630 1845 677 exvocante

1007 706 1113 759 dictum
1139 711 1200 760 est:
1236 707 1324 777 llaj0r
1347 708 1451 762 serviet
1474 708 1590 775 minori,
1619 710 1695 764 sicut
1718 710 1845 781 scriptum

1007 797 1066 848 est:
1092 795 1178 849 Jacob
1202 794 1299 858 dilexi,
1329 797 1399 849 Esau
1424 800 1519 850 autem
1550 796 1618 851 odio
1646 797 1737 852 habui
1768 800 1844 868 (Rom

1006 899 1045 949 ιι,
1075 885 1118 947 to,
1139 885 1217 953 etc).
1243 903 1258 934 ιι
1281 884 1427 939 Manifesta
1451 885 1526 939 enim
1550 885 1605 940 hoc
1631 886 1734 941 odium
1750 887 1797 943 Dei
1821 889 1845 944 in

1007 971 1079 1025 Esau
1096 987 1131 1024 ex
1147 972 1250 1025 merito
1272 971 1326 1026 fuit
1349 972 1497 1043 originalis
1516 974 1640 1043 peccati3
1663 973 1715 1028 illa
1736 990 1800 1028 vero
1813 976 1847 1030 di·

1006 1059 1090 1114 lectio
1106 1059 1156 1114 Dei
1176 1060 1205 1112 in
1220 1060 1317 1125 Jacob,
1333 1076 1398 1115 cum
1414 1061 1515 1116 eodem
1542 1061 1740 1116 damnationis
1755 1065 1844 1118 merito

1006 1149 1153 1200 teneratur
1176 1147 1327 1218 obligatos,
1357 1164 1390 1202 ex
1419 1148 1480 1203 sola
1507 1149 1635 1220 gratuita
1663 1150 1846 1206 misericordia

6 2662 9 2669 ’
104 2650 288 2720 omnipotens
312 2651 385 2704 lleus
410 2648 605 2719 pergratiam
632 2664 713 2702 suam
737 2646 951 2719 pradestinavit

105 1247 137 1297 ut
149 1256 318 1313 permanere
333 1239 424 1308 possit
438 1239 525 1293 etiam
538 1236 715 1306 adjutorium
728 1235 848 1290 dedisse.

442 1361 554 1417 CAPUT
574 1361 618 1415 lV.

105 1491 176 1543 Item
199 1488 232 1542 de
253 1489 342 1557 primo
365 1485 494 1554 capituto.
520 1513 553 1523 -
579 1483 784 1538 Predeste'notto
810 1482 952 1536 electorum

317 1572 370 1611 non
384 1561 424 1610 est
437 1571 471 1609 ee
484 1557 610 1624 precisis
624 1555 737 1608 meritis.

1006 1234 1124 1300 exstitit,
1152 1234 1225 1290 sicut
1256 1236 1333 1291 idem
1360 1238 1514 1308 Apostolus
1541 1238 1682 1294 contiuuo
1709 1239 1845 1311 subjungit

1006 1321 1128 1377 dicens:
1158 1344 1172 1374 a
1203 1323 1274 1388 Quid
1296 1340 1365 1394 ergo
1389 1325 1536 1381 dicemus?
1556 1327 1696 1398 Nunquid
1721 1327 1845 1400 iniquitas

1007 1411 1080 1481 apud
1098 1412 1208 1466 Deum?
1221 1412 1316 1481 Absit3
1336 1413 1423 1483 lloysi
1442 1413 1518 1468 euim
1536 1414 1627 1469 dicit:
1644 1415 1845 1471 llisereborcui

1008 1499 1140 1554 misertus
1161 1515 1220 1566 ero,
1246 1505 1273 1555 et
1298 1501 1523 1556 misericordiam
1549 1502 1695 1573 prestabo
1711 1503 1845 1575 cujusmi·

1007 1586 1123 1641 serebor
1142 1588 1233 1658 (Rom.
1259 1604 1296 1654 ιιι,
1321 1591 1361 1653 ll,
1386 1593 1411 1644 ct
1430 1590 1483 1659 13).
1515 1609 1528 1641 ι
1555 1591 1633 1644 Hanc
1655 1606 1733 1645 vere
1758 1590 1846 1662 gratie

140 1682 206 1736 Post
221 1681 280 1735 hec
295 1679 480 1750 subjungitur
493 1678 521 1731 in
535 1678 595 1748 jam
610 1677 686 1731 dicto
702 1676 795 1746 primo
809 1674 950 1745 capitulo:
972 1659 1034 1729 Bet
1062 1675 1171 1729 nullius
1197 1676 1292 1731 meriti
1314 1677 1482 1732 electionem
1503 1678 1591 1732 etiam
1614 1679 1650 1733 ad
1674 1680 1845 1735 Timotheum

143 1771 262 1824 ‹llomo
277 1768 368 1822 libero
388 1766 508 1821 arbitrio
529 1765 603 1819 male
624 1770 706 1818 utens
721 1764 847 1834 peccavit
864 1767 892 1816 et
907 1779 951 1816 ce·
1006 1764 1133 1818 scribens
1166 1764 1207 1819 ita
1236 1765 1370 1820 inculcat.
1400 1787 1414 1815 a
1443 1766 1497 1821 Sed
1525 1768 1673 1822 collabora
1705 1768 1845 1839 Evangelio

104 1857 182 1922 cidit,
198 1860 227 1911 et
249 1856 339 1910 factus
361 1860 404 1909 est
429 1870 520 1908 nrassa
542 1852 711 1924 perditionis
734 1853 822 1906 totius
839 1850 952 1922 generis
1006 1853 1165 1907 secundum
1186 1853 1321 1908 virtutem
1340 1854 1399 1916 liei,
1417 1855 1535 1925 quinos
1555 1856 1691 1910 liberavit
1705 1861 1735 1911 et
1750 1857 1846 1910 vocavit

104 1944 234 2000 humaui.
262 1945 334 1998 lions
358 1948 454 1997 autem
478 1942 570 1997 bonus
592 1946 619 1996 et
638 1943 732 2012 justus
756 1940 887 2011 elegitex
904 1954 951 1993 ea·
1006 1940 1154 1994 vocatione
1180 1947 1287 2010 sancta,
1313 1957 1371 1997 non
1395 1944 1552 1998 secundom
1576 1959 1665 2015 opera
1683 1944 1844 2006 nostramet

105 2033 171 2087 dem
203 2048 296 2087 massa
333 2030 518 2102 perditionis,
548 2030 704 2084 secundum
742 2029 949 2100 prescientiam
1006 2029 1163 2082 secundum
1183 2031 1362 2101 propositum
1387 2047 1470 2086 snum
1491 2035 1519 2086 et
1540 2033 1676 2103 gratiam,
1703 2050 1769 2105 qne
1791 2034 1845 2088 data

104 2137 197 2187 suam,
214 2136 287 2191 quos
308 2118 499 2190 pergratiam
521 2117 735 2188 predestinavit
751 2117 786 2171 ad
808 2116 904 2182 vitam,
924 2119 952 2169 et
1005 2122 1048 2171 est
1067 2117 1150 2172 nobis
1172 2117 1202 2172 in
1223 2119 1334 2173 Christo
1356 2119 1423 2174 lesu
1444 2125 1511 2175 ante
1536 2126 1670 2192 tempora
1698 2122 1843 2176 secularia.

104 2210 192 2263 vitam
208 2209 266 2263 illis
290 2207 504 2278 predestinavit
525 2211 703 2260 eternam.»
723 2207 753 2260 ln
771 2205 876 2276 quibus
890 2220 952 2258 ver·
1004 2206 1044 2275 (ll
1061 2205 1130 2260 Tim.
1144 2221 1162 2273 1,
1186 2209 1213 2272 8,
1233 2208 1273 2277 9).
1294 2208 1388 2261 »lton
1407 2207 1504 2279 itaque
1526 2210 1686 2264 secundom
1705 2211 1845 2280 prescien-

103 2296 147 2351 his
174 2296 251 2368 qood
280 2296 389 2351 dictum
412 2299 454 2349 est
472 2294 507 2349 de
529 2296 586 2349 lleo
611 2295 685 2349 bono
714 2298 742 2347 et
766 2294 854 2364 justo,
883 2293 951 2365 quia
1005 2293 1075 2347 tiam
1093 2295 1262 2349 meritorum
1286 2296 1372 2366 elegit
1397 2297 1469 2350 Deus
1493 2313 1527 2352 ex
1553 2313 1649 2352 massa
1674 2299 1843 2369 perditionis,

104 2407 118 2435 e
135 2385 223 2457 elegit
240 2402 272 2440 ex
288 2386 386 2440 eadem
403 2400 497 2439 massa
510 2383 682 2454 perditionis
701 2383 859 2437 secundum
875 2398 949 2452 pre·
1004 2397 1077 2452 quos
1104 2382 1211 2438 laceret
1238 2384 1312 2439 tilios
1346 2385 1524 2456 adoptionis3
1554 2386 1604 2441 sed
1634 2388 1727 2458 gratis
1754 2386 1842 2456 elegit,

103 2475 254 2528 scientiam
283 2489 379 2540 suam,
410 2488 483 2543 quos
507 2488 559 2543 per
587 2472 707 2541 gratiam
737 2470 951 2542 pradestinavit
1005 2486 1077 2541 quos
1100 2471 1135 2525 ab
1158 2472 1208 2527 illa
1234 2472 1312 2542 justa
1336 2473 1521 2528 damnatione
1545 2476 1700 2547 aqualiter
1724 2476 1844 2530 omnibus

103 2563 139 2617 ad
163 2563 261 2629 vitam,
287 2582 301 2613 s
324 2561 480 2632 probamus
503 2560 619 2630 quidem
652 2559 728 2630 quod
755 2561 859 2613 eleetos
883 2575 950 2613 suos
1005 2558 1101 2613 debita
1115 2560 1338 2617 misericorditer
1351 2561 1492 2619 liberavit.

103 2738 139 2793 ad
161 2737 259 2803 viem,
276 2742 304 2791 et
323 2737 410 2791 vitam
435 2736 491 2790 illis
514 2735 730 2806 predestinavit
751 2741 898 2802 eternam,
919 2740 951 2789 ot
1349 2704 1461 2760 CAPUT
1483 2707 1514 2760 v·

103 2833 132 2882 et
156 2827 211 2898 ipsi
232 2826 295 2880 vite
311 2830 435 2892 eterne,
457 2830 485 2878 et
499 2824 556 2878 vita
580 2830 686 2879 eterna
709 2824 777 2894 ipsis
794 2825 831 2879 sit
844 2825 951 2895 prede·
1007 2826 1042 2879 tle
1069 2825 1159 2879 eodem
1177 2828 1306 2896 capituto.
1332 2858 1366 2866 -
1386 2827 1502 2897 lleprobi
1526 2827 1722 2898 predestinati
1744 2829 1782 2884 od
1806 2831 1840 2882 ir·

104 2915 226 2971 stinata‘l
248 2916 406 2985 Utrumque
430 2913 506 2967 enim
534 2918 577 2968 est
601 2929 699 2967 verum
723 2918 752 2966 et
775 2912 900 2967 dilucide
914 2913 950 2967 ab
977 2957 989 2976 ,
1041 2899 1376 2982 “filiumlttmpfaevff'tum
1386 2904 1582 2983 Ptcfflium·-
1597 2900 1705 2954 DWW
1716 2903 1841 2970 imm

103 3006 240 3076 Apostolo
264 3004 405 3075 positum,
430 3002 471 3056 ait
491 3017 617 3072 namque
638 3003 673 3056 de
697 3002 950 3073 predestinatione
970 2964 990 3012 ι’
1040 2967 1327 3036 haetpraedm‘m‘w
1340 2971 1838 3040 '‘em‘mwmpeuumdp‘mm

103 3093 259 3148 electorum
284 3091 445 3146 advitam:
469 3110 483 3138 «
509 3089 586 3155 Quos
614 3094 710 3143 autem
738 3089 952 3160 predestinavit
1040 3088 1176 3160 Sequitur
1189 3090 1220 3144 in
1235 3091 1335 3146 eodem
1347 3091 1492 3163 capitulo:

102 3181 156 3236 hos
185 3185 214 3236 et
234 3178 360 3245 vocavit;
384 3183 413 3233 et
428 3194 501 3249 quos
517 3177 639 3246 vocavit,
661 3178 714 3232 hos
737 3183 766 3232 et
785 3178 952 3249 justificavit
1042 3199 1055 3225 ιι
1076 3178 1319 3245 Ceterosautem,
1337 3194 1409 3249 quos
1426 3179 1748 3252 justitiaetJ'ndicioin
1760 3196 1839 3236 massa

104 3286 175 3341 quos
190 3273 286 3324 autem
310 3267 483 3338 justificavit,
508 3266 571 3320 illos
594 3271 623 3320 et
646 3266 837 3337 magnificavit
863 3267 949 3337 (Rom.
1004 3264 1175 3335 perditionis
1197 3266 1325 3338 reliquit,
1344 3267 1489 3337 perituros
1512 3270 1669 3338 prescivit,
1686 3269 1737 3325 sed
1753 3272 1839 3324 nonut

103 3376 161 3427 vnr,
178 3360 231 3427 30).
254 3375 269 3410 o
293 3359 327 3411 Et
342 3356 418 3428 qood
440 3356 547 3410 eisdem
576 3356 672 3410 electis
698 3355 785 3410 vitam
814 3362 951 3410 eternam
1004 3353 1135 3425 perirent
1165 3354 1393 3425 predestinavit3
1423 3373 1538 3428 penam
1566 3362 1666 3413 autem
1694 3359 1759 3425 illis,
1785 3359 1839 3430 qnia

103 3445 359 3519 praedestinaverit,
384 3444 423 3498 ita
443 3444 500 3498 alio
525 3444 584 3498 loco
600 3443 683 3497 dicit:
708 3465 723 3492 «
743 3445 774 3498 ln
791 3461 869 3516 spem
885 3445 951 3501 vite
1002 3443 1097 3514 iustus
1112 3447 1164 3510 est,
1181 3443 1395 3514 predestinavit
1410 3450 1557 3500 eternam.
1574 3449 1614 3501 Ac
1629 3462 1683 3519 per
1697 3448 1753 3503 hoc
1767 3461 1838 3501 omn

104 3541 231 3603 eterne,
248 3547 334 3604 quam
348 3531 489 3603 promisit,
502 3531 619 3602 quinon
634 3531 782 3599 mentitur,
800 3534 872 3588 Deus
886 3538 951 3588 ante
1007 3531 1057 3585 Dei
1082 3532 1364 3603 praedestinationem
1394 3535 1593 3590 tantummodo
1620 3535 1761 3605 dicimus,
1790 3550 1839 3608 qne

104 3626 233 3692 tempora
248 3625 356 3674 eterna
373 3620 440 3689 (Tit.
456 3636 476 3684 ι,
494 3621 565 3688 ιι.»
1007 3619 1042 3673 ad
1070 3618 1178 3673 donum
1204 3619 1330 3691 pertinet
1353 3621 1464 3692 gratie,
1492 3625 1541 3676 aut
1566 3625 1602 3677 ad
1634 3623 1840 3678 retributionem

139 3709 192 3764 Sed
210 3710 262 3763 hoc
286 3726 338 3763 nos
357 3714 452 3763 movet
474 3724 525 3762 cor
554 3708 583 3762 in
613 3709 665 3763 hac
692 3709 867 3777 delinitione,
896 3727 952 3780 qua
1002 3706 1132 3776 justitie.
1163 3731 1176 3757 ι
1201 3710 1233 3763 Ιιι
1256 3709 1362 3780 quibus
1383 3709 1477 3764 verbis
1499 3710 1606 3765 mirum
1639 3715 1683 3766 est
1711 3710 1840 3783 quomodo
1865 3774 1867 3779 ,

104 3797 291 3869 pergratiam
307 3797 359 3852 Dei
375 3801 402 3851 et
423 3797 506 3852 electi
521 3798 556 3852 ad
580 3798 666 3852 vitam
687 3803 835 3866 eternam,
851 3799 953 3853 atrita
1006 3796 1144 3850 asseritur
1164 3797 1349 3867 omnipotens
1375 3798 1449 3852 Dens
1472 3802 1600 3866 ceteros,
1629 3799 1659 3855 id
1685 3805 1731 3856 est
1758 3812 1841 3855 omnes

103 3892 211 3942 eterna
231 3886 333 3941 iisdem
356 3886 453 3940 electis
475 3885 601 3940 creditur
624 3895 796 3958 preparata,
821 3887 899 3958 ipsos
914 3892 952 3942 ta·
1006 3884 1151 3955 reprobos,
1183 3886 1261 3956 justo
1281 3886 1390 3957 judicio
1416 3903 1468 3941 suo
1495 3886 1526 3941 in
1554 3903 1650 3942 massa
1683 3887 1840 3959 perditionis

104 3991 172 4030 men
200 3976 304 4029 electos
335 3974 440 4044 absque
467 3974 526 4027 ulla
553 3975 826 4029 commemoratione
853 3976 952 4046 gratie
1006 3973 1172 4043 reliquisse,
1202 3990 1254 4029 nec
1276 3979 1376 4029 tamen
1405 3975 1634 4046 predestinasse,
1663 3977 1714 4032 sed
1745 3982 1839 4032 tantun

103 4064 260 4119 secundum
291 4061 500 4134 prescientiam
524 4078 604 4117 suam
636 4064 710 4117 lleus
739 4064 857 4135 elegisse
877 4064 952 4118 dica·
1006 4061 1153 4132 prescisse
1175 4062 1327 4133 perituros.
1348 4063 1377 4119 Si
1394 4064 1472 4119 enim
1493 4066 1604 4136 justum
1631 4065 1776 4135 judicium
1802 4062 1839 4120 llei

103 4157 166 4219 tur;
182 4152 264 4225 qnasi
275 4152 369 4223 gratia
384 4151 420 4205 sit
440 4151 514 4222 qnod
531 4151 612 4205 electi
630 4151 800 4221 perveniunt
814 4152 849 4206 ad
864 4152 952 4205 vitam
1005 4149 1065 4220 jam
1094 4149 1124 4204 in
1148 4149 1204 4203 illis
1232 4151 1386 4221 praecessit,
1402 4156 1431 4207 et
1458 4152 1560 4208 eodem
1586 4153 1668 4221 justo
1690 4153 1839 4225 judicioin

104 4241 214 4311 gratie,
231 4240 306 4310 quod
330 4239 386 4292 vita
400 4245 506 4293 eterna
531 4238 586 4292 illis
600 4243 642 4292 est
662 4241 837 4310 preparata;
853 4245 884 4294 ut
898 4256 948 4294 au·
969 4249 1101 4305 Dmassa
1120 4237 1291 4308 perditionis
1312 4244 1376 4294 sunt
1397 4239 1535 4311 deputati,
1559 4243 1709 4313 quomodo
1724 4260 1782 4298 non
1802 4239 1839 4295 uti

103 4332 161 4382 tem
191 4327 365 4397 eligerentur
400 4342 456 4379 non
479 4325 564 4379 luisse
591 4326 724 4396 gratiam,
750 4327 798 4381 sed
825 4331 950 4383 tantum-
1002 4325 1110 4397 judicio
1122 4326 1183 4397 jam
1197 4327 1355 4396 perditioni
1368 4333 1435 4383 sant
1449 4328 1579 4400 deputati
1593 4334 1623 4385 et
1636 4328 1840 4402 predestinati?

104 4415 190 4470 modo
210 4414 430 4485 prescientiam.
456 4413 536 4478 Quod
552 4414 702 4469 manifeste
718 4416 894 4471 contrarium
909 4420 952 4472 est
1007 4415 1048 4468 lta
1069 4414 1139 4469 dum
1153 4415 1183 4469 in
1199 4416 1252 4470 hac
1268 4416 1437 4472 delinitione
1452 4418 1541 4473 divini
1558 4418 1664 4488 judicii
1687 4421 1790 4476 veritas
1802 4433 1838 4473 ne·

105 4504 251 4559 catholice
267 4502 344 4569 srdei,
365 4502 433 4574 quia
455 4503 641 4574 omnipotens
662 4506 737 4558 Deus
761 4505 792 4558 in
813 4506 952 4561 electione
1006 4507 1099 4573 gatar,
1115 4505 1178 4575 ipso
1194 4505 1280 4560 etiam
1297 4506 1465 4577 negantium
1478 4508 1643 4563 testimonio
1659 4510 1837 4565 confirmatur.

105 4608 206 4648 eorum
221 4608 293 4663 quos
314 4591 527 4662 predestinavit
550 4597 578 4646 et
592 4592 703 4646 vocavit
717 4593 751 4647 ad
766 4593 852 4648 vitam
868 4599 950 4649 eter-
1006 4591 1156 4656 Quomodo
1171 4593 1248 4648 enim
1268 4595 1413 4664 prescivit
1427 4597 1639 4664 tantummodo,
1657 4603 1686 4653 et
1708 4614 1767 4653 non
1780 4611 1837 4670 pre·

105 4698 182 4749 nam,
205 4697 265 4736 non
289 4696 389 4735 eornm
411 4681 486 4734 bona
509 4681 612 4735 merita
637 4682 790 4751 prescivit,
813 4688 950 4754 tanquam
1005 4679 1169 4744 destinavit,
1194 4683 1270 4751 quod
1293 4681 1423 4752 ipsorum
1445 4683 1624 4738 confessione
1644 4685 1726 4757 justo
1748 4683 1838 4757 judicic

104 4770 169 4824 ideo
188 4785 237 4824 eos
262 4769 404 4840 elegisset,
430 4768 498 4839 quia
520 4784 553 4822 ex
578 4769 738 4839 semetipsis
762 4770 854 4824 bonos
877 4771 952 4825 futu·
1003 4768 1064 4838 jam
1085 4770 1230 4825 decrevit?
1251 4771 1309 4826 Cur
1328 4788 1425 4827 veram
1450 4776 1479 4828 et
1497 4773 1656 4844 perlectam
1671 4775 1838 4846 predestina-

104 4873 152 4912 ros
167 4858 330 4928 presciret:
347 4856 397 4910 sed
418 4854 478 4925 ipsa
502 4856 610 4924 electio,
637 4861 670 4910 ut
693 4872 725 4910 ex
748 4872 840 4911 massa
855 4859 951 4929 perdi·
1004 4859 1114 4914 tionem
1140 4859 1210 4929 justi
1232 4859 1334 4930 judicii
1358 4862 1417 4927 liei,
1442 4878 1499 4933 quo
1524 4867 1634 4918 eterno
1659 4865 1779 4919 consilio
1801 4874 1837 4915 suo

104 4946 190 5001 tionis
212 4963 276 5001 vasa
301 4944 502 5001 misericordie
526 4943 629 4999 fierent
658 4945 765 5016 absque
791 4946 851 5000 ullo
875 4947 951 5002 bono
1005 4947 1048 5001 vel
1075 4948 1169 5018 justos
1197 4949 1234 5003 ad
1259 4948 1357 5017 vitam,
1380 4951 1425 5005 vel
1449 4950 1565 5022 iniquos
1588 4945 1837 5023 preordinavited

105 5035 218 5102 merito,
244 5036 303 5089 sola
327 5032 419 5105 gratia
442 5033 506 5099 fuit,
531 5048 584 5103 per
605 5050 692 5104 quam
714 5034 829 5090 discreti
853 5039 953 5107 sunta
1006 5052 1131 5106 poenam,
1154 5036 1185 5090 in
1206 5043 1287 5107 parte
1310 5038 1394 5092 audet
1419 5039 1506 5093 homo
1527 5039 1658 5110 accipere
1683 5047 1712 5096 et
1733 5042 1762 5096 in
1775 5041 1836 5113 parte

104 5124 173 5180 tiliis
196 5123 367 5194 perditionis
382 5126 410 5176 et
425 5123 554 5192 adoptati
576 5122 606 5175 in
627 5123 703 5176 lilios
724 5123 788 5178 vite
813 5128 841 5178 et
859 5140 952 5179 resur·
1005 5124 1131 5195 negare?
1154 5125 1235 5196 quasi
1256 5126 1437 5197 omnipotens
1462 5129 1535 5182 Deus
1556 5128 1628 5200 quid
1648 5131 1728 5202 J'usto
1748 5124 1836 5202 judicic

105 5211 250 5265 rectionis.
267 5211 342 5263 llanc
356 5223 482 5278 namque
500 5207 668 5262 electionem
690 5225 748 5263 non
772 5210 950 5278 meritorum,
1006 5227 1057 5267 suo
1073 5212 1108 5267 de
1123 5213 1220 5267 electis
1241 5220 1316 5268 esset
1333 5214 1460 5269 facturus
1480 5221 1507 5271 et
1526 5218 1686 5287 prescierit
1700 5225 1730 5274 et
1745 5216 1834 5291 prede

106 5299 155 5353 sed
167 5297 268 5369 gratie
285 5298 323 5366 (io
349 5313 406 5368 qua
421 5313 478 5350 non
501 5297 620 5367 alicujus
636 5297 711 5350 hona
733 5297 865 5368 prescita
885 5303 953 5354 sunt
1006 5301 1168 5369 stinaverit;
1185 5301 1254 5373 quid
1269 5308 1365 5358 autem
1381 5305 1483 5360 codem
1496 5305 1576 5376 justo
1585 5307 1695 5377 judicio
1711 5309 1833 5378 derepro·

106 5402 201 5456 opera,
217 5388 265 5443 sed
289 5387 350 5441 sola
371 5388 482 5439 tentum
508 5386 605 5440 divina
620 5386 816 5440 misericordia
840 5403 952 5458 prepa-
1004 5389 1049 5443 bis
1063 5394 1137 5444 esset
1152 5396 1294 5461 gesturus,
1313 5393 1468 5462 prescierit
1494 5399 1616 5464 tantum,
1634 5413 1688 5451 nac
1708 5391 1833 5468 predesti-

106 5476 180 5544 rato)
196 5475 378 5531 commendat
399 5474 482 5530 nobis
497 5474 650 5545 diligenter
669 5476 821 5546 Apostolus
837 5476 871 5531 de
885 5479 953 5531 dno·
1007 5477 1128 5548 neverit,
1144 5494 1208 5533 cum
1231 5478 1262 5534 ιιι
1276 5484 1399 5553 utraque
1425 5485 1505 5553 parte
1528 5498 1621 5538 unum
1647 5484 1685 5541 sit
1703 5484 1833 5557 judicium,
