3930 6098
123 209 192 264 58³⁴
662 206 919 265 warlarensem
940 207 1153 267 enbutnusts
1172 210 1328 271 aobaclss

160 339 214 395 Fac
227 338 298 396 velis
311 338 408 393 animo
420 351 505 392 nosse
520 335 646 409 benigno
663 353 670 392 :
986 340 1011 395 Α
1025 338 1141 410 Sceptra
1154 344 1303 412 regentem
1449 344 1518 400 lura
1530 349 1668 404 retentas.

161 429 238 484 Nulli
253 429 300 484 hie
315 442 439 497 namque
453 426 550 481 subest
564 442 646 481 mens
660 425 708 496 pia
724 427 826 499 eulpae,
1028 411 1148 466 Μυῠᾶῦῦ
1163 414 1273 468 ῦᾶθῑὸῑ·
1451 417 1592 488 Temp0ra
1607 419 1736 474 Christus

162 517 273 573 Christo
287 516 364 587 quod
379 515 474 586 poluit
490 520 590 586 sponte
606 515 719 571 dicavit.
1027 483 1334 625 (Lqssffigefreffimp
1449 484 1709 629 ssgnrgeffldffiyrgn

419 621 677 677 couunaballo.
1029 626 1181 679 Nominem
1196 630 1350 697 postquam
1451 629 1659 685 Temperatur

160 739 171 764 ¹
189 729 262 794 Vero,
276 742 358 781 sume
374 729 387 771 b
401 726 507 781 librum
523 725 579 782 tide
591 730 745 794 sacratum,
1027 694 1126 750 Clam
1136 701 1163 750 ‘³¹
1180 696 1266 751 “¹¹¹ss
1449 700 1545 770 Teque
1564 706 1718 757 tremescat

158 816 185 871 s,
1027 766 1188 821 Caesariana
1448 771 1579 842 Purpura
1595 788 1704 844 regem.

179 831 275 871 ancara
288 814 365 869 hunc
379 831 509 869 reserans
523 816 680 887 legensque
695 819 803 885 mente,

156 903 345 959 scribendum
360 902 424 970 tibi,
439 918 525 974 quem
538 903 587 975 pio
603 907 706 974 rogatu

159 992 335 1063 Hortatuqua
349 991 444 1061 jubes,
462 991 553 1046 amice
568 991 669 1046 duleis.

157 1083 216 1137 Noc
229 1097 295 1135 uam
311 1080 473 1151 gratificum
488 1080 561 1135 libro
575 1079 684 1136 videbis

157 1168 305 1239 Digestum
320 1167 446 1222 breviter
460 1166 511 1221 tibi
526 1167 636 1222 sciendi

157 1258 294 1323 Questurn
309 1272 373 1311 cum
387 1256 528 1327 replicans
542 1256 698 1328 volensque
712 1271 828 1326 munus,

158 1347 198 1400 De
210 1346 290 1415 jusso
305 1344 439 1416 inspicies
455 1345 551 1399 labore
564 1344 690 1400 taudem.

1339 875 1556 933 PROPOSITIO.

1026 961 1159 1017 Carmine
1174 962 1224 1034 qui
1237 978 1340 1033 vacuas
1352 966 1464 1036 captavi
1475 967 1580 1037 saepius
1593 983 1691 1035 auras,

1025 1050 1165 1106 Rumores
1183 1052 1262 1124 vulgi
1276 1054 1432 1124 quoerendo
1447 1055 1552 1109 stultus
1565 1056 1687 1123 inanes3

1025 1140 1185 1210 aggrediar
1197 1141 1313 1197 tandem
1328 1158 1425 1198 veram
1436 1143 1471 1198 de
1483 1145 1610 1200 carmine
1621 1144 1739 1201 laudem

1025 1227 1168 1296 Quaerere,
1184 1234 1212 1284 et
1227 1235 1366 1285 aeternnm
1382 1232 1454 1286 mihi
1467 1234 1618 1288 conciliare
1633 1234 1775 1299 lavarem,

1025 1316 1199 1388 Spectandae
1213 1318 1337 1374 breviter
1349 1320 1466 1390 signans
1480 1327 1627 1393 actusque,
1644 1323 1791 1395 virosque,

1025 1411 1117 1478 Atque
1132 1406 1192 1461 dies
1205 1407 1260 1462 lixo
1274 1408 1368 1463 reditu
1381 1417 1391 1443 ⁰
1407 1409 1538 1464 volvente
1552 1427 1604 1482 per
1617 1411 1728 1476 orbem,

156 1522 227 1575 Μ
242 1521 369 1576 deserui,
382 1527 487 1575 smum
503 1522 679 1593 modumque
1025 1495 1129 1550 Ordine
1145 1513 1209 1567 quaa
1226 1498 1347 1551 lustrent
1360 1498 1487 1552 scribens
1503 1500 1641 1554 solemnia
1656 1501 1821 1572 quemqne‘l

155 1613 311 1682 Aggressus
328 1611 431 1664 veteris
444 1625 583 1681 nomque
596 1563 689 1681 κεῖθ’
988 1618 1008 1673 Β
1026 1584 1075 1638 llic
1091 1584 1162 1639 mihi
1178 1601 1385 1658 nonuunquam
1401 1593 1563 1642 sanctorum
1578 1588 1705 1652 uomina,
1721 1591 1799 1658 leges

155 1699 284 1754 Romano
299 1698 414 1769 eqoquio
427 1697 549 1771 probare
563 1697 662 1753 libros·
1025 1673 1165 1728 Carminis
1182 1673 1329 1738 excedens,
1345 1675 1392 1729 sed
1409 1691 1465 1729 non
1482 1676 1641 1731 mutilanda
1658 1677 1778 1731 vocandi

154 1784 323 1856 meusque,
340 1791 420 1839 ,uum
436 1785 571 1856 perennis
585 1784 638 1838 ω
1022 1762 1070 1816 Est
1084 1778 1217 1830 censura;
1235 1763 1325 1817 honos
1339 1763 1452 1819 veniam
1467 1765 1575 1835 pietate
1591 1765 1733 1820 merebor.

150 1873 272 1937 Nomen,
290 1872 364 1926 lama
379 1873 465 1942 gerit,
483 1874 575 1940 Pater,
592 1887 644 1943 per
660 1871 769 1940 orbem,
1226 1869 1449 1926 CONPRENSlO
1467 1870 1670 1935 ΤΕΜΡΟΗΗΜ,

151 1960 205 2025 Qui
221 1959 325 2015 Christi
343 1959 494 2014 Ecclesiam
511 1959 605 2026 doces,
622 1965 651 2014 et
665 1975 751 2014 omne
1173 1973 1303 2026 uenatus,
1325 1974 1437 2026 uranus,
1456 1974 1545 2019 aruns
1568 1974 1714 2014 nonanus.

150 2050 288 2104 Errorum
303 2048 432 2118 perimis,
449 2048 588 2119 fugasque
602 2048 715 2119 vulgus.
1019 2048 1073 2101 Per
1088 2046 1182 2101 varios
1197 2047 1296 2102 orbem
1313 2062 1410 2101 rerum
1427 2053 1528 2102 natura
1543 2052 1655 2102 meatus

149 2136 195 2190 Sic
209 2145 318 2206 martyr
332 2151 449 2207 quoque
464 2137 604 2207 Cypriane
618 2136 762 2190 Christum
1020 2135 1163 2202 Distiuxit,
1180 2136 1346 2190 moderante
1361 2136 1431 2204 Deo,
1446 2136 1614 2190 mortalibus
1624 2135 1727 2206 aegris;

151 2225 295 2287 Doctrina,
311 2230 397 2295 atque
413 2223 460 2294 pio
475 2240 576 2278 cruore
589 2223 705 2278 clamas.
1017 2224 1142 2278 Alternis
1152 2224 1262 2295 jugiter
1275 2224 1384 2279 vicibus
1396 2230 1566 2296 noctemque
1582 2226 1733 2295 diemque;

151 2313 206 2368 Ore
220 2319 249 2367 et
264 2313 390 2367 Hilarius
405 2312 491 2367 micat
505 2312 589 2367 beato
608 2328 615 2367 :
1016 2312 1151 2366 AEstatem
1168 2319 1253 2383 atque
1268 2312 1394 2378 hiemen,
1423 2312 1566 2378 autumni,
1591 2313 1722 2383 verisque
1746 2318 1861 2384 tepore

149 2401 266 2473 Scriptis
281 2400 449 2455 Ambrosius
463 2404 571 2466 manet,
588 2405 675 2472 atque
692 2399 805 2473 magnis
1019 2398 1199 2470 bissenisque
1214 2400 1299 2454 simut
1315 2400 1472 2455 discretum
1488 2401 1634 2454 mensibus
1647 2416 1768 2455 anuum.

149 2490 240 2545 Pallet
255 2489 420 2561 Gregorius,
436 2489 564 2561 nitetque
577 2490 660 2544 laude
1016 2487 1145 2542 Primum
1161 2504 1282 2559 quaeque
1296 2488 1355 2542 suis
1372 2490 1506 2543 horarum
1521 2493 1654 2559 tempora
1668 2489 1784 2559 punctis

149 2577 306 2645 Dictorum.
325 2578 430 2632 Volitat
442 2579 592 2645 iuvencus,
606 2576 649 2632 illi
1016 2576 1197 2645 Excrescunt,
1211 2583 1272 2631 tum
1287 2576 1330 2631 his
1345 2576 1486 2632 duodenae
1500 2578 1639 2648 temporis
1655 2578 1736 2632 hora¹

149 2665 315 2736 Cony'unctis
332 2666 430 2737 spatiis
444 2668 547 2720 Arator
561 2665 660 2729 haeret,
1016 2666 1089 2720 Luce
1103 2665 1179 2720 diem
1195 2671 1223 2719 et
1237 2665 1362 2720 tenebris
1377 2667 1524 2736 complent
1536 2666 1571 2720 ab
1584 2667 1696 2736 origine
1712 2666 1812 2732 furvis,

148 2753 346 2825 Prudentique
362 2754 453 2808 Derim
467 2754 594 2809 canendo
608 2753 688 2810 vivis.
1016 2754 1154 2826 Nuncqne
1169 2753 1230 2808 dies
1245 2753 1330 2825 parili
1346 2754 1448 2825 spatio,
1465 2759 1619 2824 noctesque
1634 2755 1787 2809 feruutur:

146 2843 249 2898 Nullos
263 2843 303 2897 sic
318 2859 482 2898 memorans
496 2843 589 2898 honor
603 2843 722 2899 revolvit
1017 2843 1097 2896 Nunc
1112 2843 1253 2897 celerante
1269 2843 1316 2898 die
1332 2841 1345 2879 ἃ
1360 2843 1446 2898 luscis
1462 2859 1517 2897 nox
1531 2843 1659 2898 tenditur
1672 2843 1726 2898 alis
1741 2859 1748 2897 :

149 2930 266 3002 Scriptis
283 2932 333 3003 qui
349 2932 476 3003 propriis
488 2938 608 2987 nraneut
621 2932 770 3004 librisque.
978 2918 1099 2985 CNocte
1113 2931 1192 2986 brevi
1207 2947 1308 2986 rursus
1322 2947 1409 2987 curru
1423 2931 1472 2986 lux
1488 2931 1575 2985 incita
1588 2931 1678 2996 lulvo,

148 3020 280 3074 Gaudcas
296 3037 368 3092 quos
381 3021 450 3090 legit
463 3027 492 3076 et
505 3021 669 3092 frequentat
682 3020 768 3086 orbis,
1012 3019 1053 3075 ad
1069 3036 1197 3074 summos
1212 3037 1278 3074 axes
1290 3021 1410 3074 solarem
1426 3019 1557 3091 provebit
1570 3018 1683 3073 orbem.

145 3108 279 3171 Quamvis
294 3114 388 3164 morte
403 3109 481 3164 obita
495 3109 563 3164 hinc
578 3109 671 3165 abisse
686 3114 793 3165 cernat.
1013 3108 1176 3163 Nebdomas
1190 3108 1257 3163 hinc
1271 3113 1380 3180 septem
1396 3108 1595 3180 complectitur
1608 3108 1718 3179 integra
1732 3109 1824 3164 soles:

146 3197 233 3252 Nobis
248 3198 384 3269 exiguum
400 3197 497 3253 subest
512 3198 659 3270 loquendi,
673 3204 703 3253 et
1012 3196 1141 3260 Ouatuor
1155 3196 1350 3252 hebdomades
1364 3198 1512 3269 vulgarem
1527 3197 1639 3252 volvere
1655 3213 1788 3252 mensem

144 3285 293 3342 Scribendi
308 3286 475 3357 ingenium
491 3291 578 3359 negat
591 3286 723 3357 priorum
1012 3285 1167 3352 bimatum
1183 3285 1231 3340 sed
1249 3302 1319 3357 qnos
1333 3285 1407 3340 soles
1420 3291 1545 3340 statuere
1560 3285 1683 3356 priores,

147 3375 204 3429 Nos
219 3391 335 3446 aequare
349 3375 456 3442 locum,
472 3375 621 3446 vicemque
634 3383 732 3430 satam
1011 3373 1118 3428 Ordine
1133 3372 1244 3428 diverso
1261 3390 1373 3428 menses
1387 3389 1567 3445 numeroque
1583 3373 1718 3428 teruntur
1733 3390 1739 3428 :

146 3463 232 3517 Exilis
247 3463 340 3533 copiae
355 3463 482 3535 loquacis
497 3479 575 3518 usus.
1010 3461 1123 3529 lunias,
1138 3463 1255 3533 Aprilis,
1273 3462 1450 3534 September,
1467 3467 1495 3517 et
1510 3462 1577 3517 inde
1591 3461 1765 3528 November,

144 3551 279 3622 aggressi
293 3555 390 3606 tanam
405 3551 452 3606 hic
465 3566 572 3607 novum
587 3550 727 3624 piumque
1013 3549 1059 3603 Bis
1074 3549 1144 3604 hina
1157 3548 1338 3605 hebdomada
1352 3555 1474 3618 constat,
1491 3549 1672 3621 geminisque
1688 3549 1802 3605 diebus.

144 3639 267 3694 Carmen
280 3639 454 3710 proferimus
468 3640 537 3706 Deo,
551 3639 664 3712 tibique
1010 3638 1112 3693 Mensis
1126 3643 1188 3692 tum
1202 3638 1277 3706 tani,
1294 3641 1439 3708 Augustus
1456 3637 1541 3693 simul
1557 3642 1643 3708 atque
1658 3637 1832 3703 December,

144 3727 201 3782 Hoc
217 3727 267 3799 qui
283 3732 378 3782 mente
393 3728 441 3799 pie
455 3744 550 3800 rogas,
567 3729 668 3796 amice,
1011 3727 1138 3788 Nartius,
1155 3726 1310 3792 Octimber,
1325 3726 1472 3797 Maiusque
1487 3729 1515 3780 al
1528 3725 1620 3781 lulius
1637 3724 1715 3779 aucti

144 3817 186 3871 Tu
199 3821 297 3870 nostro
311 3815 437 3888 petimus
448 3818 512 3872 tave
526 3817 628 3873 labori.
1010 3814 1139 3879 Quatuor
1153 3814 1341 3870 hebdomadis
1354 3814 1478 3886 fulgent,
1495 3813 1644 3884 ternisque
1658 3813 1771 3868 diebus.

410 3941 458 3996 AD
478 3940 647 3997 CAESAREM
1010 3903 1093 3958 Solus
1108 3919 1194 3975 quem
1210 3904 1320 3959 Februo
1336 3919 1463 3958 mensem
1480 3904 1572 3957 Numa
1586 3901 1698 3956 addidit
1712 3906 1823 3963 auctor.

523 3980 531 3995 ⁴
595 4045 601 4056 ,
651 3980 668 4056 ’,
785 4048 789 4053 ,
1011 3991 1056 4047 Bis
1071 3992 1153 4046 donis
1165 3996 1278 4047 tantum
1291 3997 1371 4063 patet
1384 3992 1551 4055 octonisque
1567 3990 1679 4045 diebus.

107 4046 206 4170 {qu
221 4044 354 4170 {³5⁸¹{d0’
530 4044 757 4170 ffuffe‘zffi’nta
1009 4081 1151 4152 Tempora
1165 4081 1287 4134 solarem
1303 4080 1443 4134 variantia
1457 4085 1581 4151 quatuor
1594 4093 1715 4141 annum,

106 4132 222 4257 531er
234 4132 385 4257 pfrsflfflum
530 4132 772 4241 ςὲᾗθῑῦωῃωω
973 4169 1076 4271 ὓνετ,
1101 4173 1195 4236 astas,
1225 4175 1392 4236 autumnus,
1424 4168 1537 4222 hiems:
1565 4166 1626 4232 llos,
1655 4165 1776 4233 tructus,
1802 4165 1861 4220 11⁰

106 4257 160 4321 Qui
173 4257 290 4327 pietate,
530 4257 611 4326 Saepe
627 4256 753 4311 reduxit.
1736 4255 1861 4325 [norqu

105 4327 217 4398 erique
233 4327 358 4398 benissflss
483 4363 500 4377 „
529 4332 623 4382 ΑΜΒ
636 4328 712 4381 ⁰⁰¹⁸⁰
1008 4344 1151 4401 Nensibus
1166 4345 1299 4400 alludunt
1313 4344 1434 4416 spatiata
1448 4360 1483 4399 ex
1498 4343 1597 4399 ordine
1612 4343 1714 4399 ternis.

105 4399 347 4524 ssgggffggregrffis‘
531 4397 747 4523 ξὲτὲΐὲοὲᾜέ
1009 4435 1065 4489 llas
1079 4434 1156 4505 leges
1171 4440 1274 4489 natura
1289 4433 1376 4498 dedit,
1394 4448 1452 4504 quo
1467 4438 1597 4503 tempore
1621 4431 1752 4502 primum

1 4594 3 4598 Ι
107 4541 177 4593 Nam
193 4542 266 4594 001„
279 4539 356 4594 orbi,
527 4539 648 4594 Nomine
664 4538 756 4593 ,amp
1009 4522 1147 4578 Conditor
1160 4523 1344 4593 omnipotens
1360 4522 1502 4578 mundum
1515 4521 1660 4587 lormavit,
1675 4525 1705 4576 at
1717 4521 1795 4576 orbis

104 4611 193 4663 tussit
207 4609 333 4664 habenas
529 4610 660 4677 Caesaris,
674 4610 738 4665 orbi
1008 4612 1218 4683 Terrarumque
1234 4610 1325 4667 modis
1339 4610 1483 4666 concrevit
1496 4610 1606 4665 semina
1621 4609 1716 4665 miris.

35 4750 38 4754 Δ
106 4680 230 4735 Ηθῦῑθῑθ
247 4681 338 4735 alim
533 4681 594 4737 34⁰¹
609 4681 671 4735 f⁰f0
687 4695 805 4752 Νὲθωῑ
1008 4699 1064 4753 llas
1079 4700 1164 4754 etiam
1180 4699 1256 4754 docti
1270 4698 1351 4770 prius
1366 4698 1513 4754 advertere
1528 4703 1674 4769 parentas,

105 4751 362 4893 {ffelz‘itfrigqfflemi‘
530 4752 754 4877 Jss'guffgzifflffis
1009 4788 1043 4842 Et
1057 4788 1167 4859 liquere
1182 4788 1249 4856 sais,
1266 4788 1334 4842 anui
1348 4792 1493 4843 crescente
1506 4792 1616 4856 rotatu,

105 4893 201 4961 Teque
212 4892 326 4962 periclis
531 4892 677 4960 Eminuie3
691 4897 756 4964 post
1009 4875 1201 4931 Hebdomadls
1216 4876 1324 4948 pariter
1340 4876 1553 4948 quinquagenis
1567 4874 1751 4948 geminisque

104 4963 169 5035 lpse
183 4963 291 5034 paratis
532 4963 659 5030 Francia,
674 4967 765 5033 temet
1007 4965 1061 5020 Ter
1076 4970 1193 5021 centum
1207 4965 1355 5036 sexagenis
1370 4965 1492 5037 quisque
1508 4964 1619 5020 diebus.

159 1433 307 1499 Quondam
325 1433 515 1504 Hieronymus
529 1449 609 1488 sacer
622 1433 753 1504 quietum

141 5097 153 5125 ·
172 5087 293 5142 ttetrum
319 5087 515 5155 Phaleucium,
542 5088 769 5155 pentametram,
803 5087 955 5144 Hendeca·
1043 5089 1254 5171 erubescite.
1271 5089 1365 5173 Codex
1384 5088 1457 5161 big..
1474 5091 1541 5143 anui
1555 5088 1656 5143 reditu.
1680 5088 1816 5160 Sequent
1828 5088 1861 5128 ⁴

106 5158 247 5285 syqabyeq:
258 5243 342 5283 sume.
358 5230 401 5310 lta
422 5229 578 5283 maluimus
597 5245 685 5300 quam
704 5228 955 5310 quod-legebatur
1008 5160 1379 5287 νθῗῖἰιιιισωοειῗεξιῗῖιῖῗιῖθ
1397 5160 1796 5299 qti‘gnlgser‘ersscrrmdqqrilraefftea
1853 5231 1861 5265 ¹

104 5314 169 5354 uere
184 5315 295 5355 summe.
322 5299 422 5355 Statim
448 5301 518 5355 huna
543 5302 667 5367 relcuom
691 5315 707 5353 e
736 5300 830 5354 codice
858 5301 951 5382 Bigot.
1008 5299 1156 5371 tegebatur
1171 5318 1178 5356 :
1193 5317 1265 5357 nunc
1280 5301 1519 5369 celebrantedies.
1534 5317 1588 5356 aaa
1602 5301 1675 5357 tend.
1693 5302 1745 5368 al,
1760 5303 1861 5355 emer

105 5370 272 5439 scripsimus
287 5370 336 5425 ubi
351 5376 414 5425 arat
427 5371 497 5425 bunc
511 5373 649 5438 resonans.
670 5370 752 5424 llasud
770 5371 855 5442 louge
874 5387 953 5442 eyus·
1007 5371 1137 5426 davimas
1155 5372 1329 5444 opacodiais
1357 5373 1432 5443 big,
1449 5372 1480 5426 iu
1509 5389 1567 5443 quo
1583 5372 1670 5427 etiam
1697 5368 1861 5443 reperiit!¹

105 5439 172 5494 dem
187 5440 293 5496 codicis
318 5440 402 5496 lectio
422 5441 455 5496 de
475 5442 554 5512 jusso
579 5442 719 5511 inspicies,
737 5441 829 5512 magis
850 5441 955 5496 idonea
1007 5457 1106 5497 vocem
1120 5445 1222 5512 Neruis,
1236 5443 1286 5498 abi
1299 5441 1595 5510 editumerattternis.

104 5509 164 5564 visa
178 5515 231 5577 est,
251 5526 337 5582 quam
348 5511 398 5566 illa
413 5512 520 5583 prioris
534 5510 669 5566 editionis
678 5511 712 5566 dc
722 5513 798 5581 jueta
811 5515 885 5582 tusp.
