3930 6098
159 192 211 250 las
733 182 915 244 ntrntnrtt
934 182 1160 242 conantnrtsts
1179 172 1335 241 boiseth
1851 181 1903 237 1³8

160 324 241 397 porei
253 323 338 396 penis
360 321 548 395 corporeique
561 320 620 377 riui
634 319 782 393 spirituale
796 335 899 392 corpus
913 317 1036 390 spiri-lt
1056 316 1134 373 iente
1148 323 1177 373 ct
1190 317 1285 373 inesse
1304 316 1382 390 qnod
1405 330 1504 372 sensns
1520 315 1647 388 corporis
1668 315 1801 387 attingat,
1816 321 1845 373 et
1860 317 1903 374 id·

160 414 303 487 tualisqne
325 413 441 485 sangnis
460 411 569 468 existit:
583 420 596 446 ⁸
617 427 676 467 non
697 409 774 483 quod
800 411 921 465 duarum
947 407 1005 463 sint
1058 407 1133 462 circo
1149 406 1285 462 mutabile
1310 411 1397 478 atque
1419 404 1619 475 corruptibile;
1645 409 1673 461 et
1696 420 1796 461 rursus
1811 406 1905 462 inesse

161 502 319 558 existentiae
334 517 429 557 rernm
448 500 524 556 inter
537 517 567 555 se
590 499 777 565 diversarum,
791 497 917 569 corporis
929 496 1005 552 vide·
1058 496 1134 569 quod
1150 495 1221 552 fides
1229 497 1290 550 sola
1299 494 1465 567 conspiciat,
1478 499 1507 550 et
1520 495 1585 550 ideo
1593 511 1645 550 nec
1655 496 1800 568 corrumpi
1811 513 1903 566 posse,

159 591 227 646 licet
242 596 272 647 et
287 589 413 661 spiritns,
438 605 536 644 rernm
561 604 619 643 una
641 587 801 658 eademqne
824 602 879 651 res,
902 601 1003 641 secun·
1058 601 1111 641 nec
1126 585 1190 640 vitm
1204 584 1358 640 discrimen
1374 583 1511 655 accipere.
1531 583 1700 656 Sireqniras
1715 586 1791 656 qnod
1802 602 1905 656 snper-

158 678 226 734 dnm
242 678 319 733 alind
345 679 452 750 specics
467 676 548 749 penis
567 676 668 731 etvini
683 675 823 741 consistit,
846 673 1003 729 secundum
1058 674 1205 729 ficietenns
1226 675 1310 741 leret,
1335 673 1511 728 elementum
1532 677 1588 739 est;
1614 673 1637 727 si
1661 689 1727 728 vero
1746 675 1907 745 perpendas

158 767 344 822 alludentem
360 782 462 839 corpus
477 770 519 821 est
533 770 562 820 et
576 764 692 835 sangnis
708 763 822 819 Christi.
841 762 1003 818 Secundum
1058 763 1135 835 qnod
1148 761 1269 816 interius
1280 766 1392 832 purgat,
1404 761 1493 816 virtus
1508 760 1600 815 uitalis
1615 766 1667 829 est,
1677 763 1766 816 virtus
1780 763 1904 819 sanctisi-

156 871 282 927 namque
306 854 383 926 qnod
414 858 568 925 utrumqne
601 852 788 922 corporaliter
818 850 1002 922 contingitur,
1058 850 1188 918 cationis,
1209 850 1299 904 virtus
1322 849 1557 904 immortalitatis.
1578 850 1669 920 Igitur
1683 850 1714 905 in
1728 851 1907 922 proprietate

156 944 265 1017 species
279 949 346 997 sunt
367 946 504 997 creaturae
520 956 679 1013 corporeae3
695 943 698 1009 t
713 940 871 994 seeundum
897 943 1003 1011 poten·
1057 940 1163 995 humor
1175 939 1377 1011 corruptibilis,
1390 939 1420 994 in
1431 938 1566 1009 mysterio
1576 954 1642 993 rero
1656 941 1747 994 virtus
1761 940 1905 995 sanabilis.

156 1033 226 1111 tiam
238 1048 305 1087 reru
320 1031 397 1103 quod
415 1030 584 1101 spiritaliter
597 1029 679 1084 iactae
694 1033 770 1094 sunt,
787 1028 924 1102 mysteria
938 1032 1005 1087 snut
1093 1029 1158 1084 xlx.
1180 1028 1224 1084 Sic
1248 1028 1348 1100 itaque.
1373 1027 1479 1083 Christi
1494 1043 1597 1099 corpus
1620 1033 1648 1082 et
1664 1029 1782 1099 sanguis
1806 1043 1907 1099 super·

157 1108 286 1190 corporis
302 1124 330 1173 et
345 1118 493 1190 sanguinis
506 1118 621 1174 Christi.
1058 1117 1207 1172 licietenus
1246 1115 1435 1182 considerata,
1473 1121 1604 1171 creatura
1641 1122 1682 1171 est
1720 1117 1907 1172 mutabilitati

192 1209 269 1264 xvll.
290 1208 509 1264 Consideremus
528 1207 599 1262 sacri
619 1208 728 1262 iontem
747 1205 938 1278 baptismatis,
954 1205 1004 1277 qui
1058 1206 1285 1277 corruptelaeque
1311 1204 1447 1276 subjecta.
1465 1205 1494 1260 Si
1511 1205 1639 1276 mysterii
1663 1222 1731 1261 rero
1746 1206 1908 1278 perpendas

156 1297 221 1351 ions
235 1295 300 1350 ritae
322 1311 381 1350 non
405 1295 548 1350 immerito
573 1299 764 1365 nuncupatur,
795 1293 863 1365 quia
886 1294 1004 1349 descen·
1058 1294 1203 1360 virtutem,
1221 1293 1279 1348 rita
1294 1297 1337 1348 est
1349 1292 1587 1365 participantibus
1602 1310 1631 1348 se
1646 1294 1774 1349 tribuens
1793 1295 1909 1350 immor

158 1383 301 1439 dentesin
324 1399 354 1438 se
377 1382 503 1438 melioris
522 1382 588 1437 vitae
611 1382 737 1437 novitate
757 1381 905 1444 reformat,
929 1380 1004 1436 etde
1058 1383 1208 1456 talitatem.
1231 1381 1243 1417 δ
1263 1383 1324 1436 Non
1346 1397 1415 1454 ergo
1439 1385 1507 1436 sunt
1527 1381 1605 1437 idem
1637 1383 1715 1453 qnod
1739 1387 1906 1449 cernuntur,

156 1476 271 1543 peccato
288 1471 408 1526 mortuis
423 1471 678 1541 viventesjrrstitiae
699 1471 800 1525 donat:
818 1486 887 1524 num
903 1484 1002 1523 secun·
1058 1474 1087 1525 et
1100 1470 1177 1542 qnod
1192 1471 1361 1527 creduntur.
1386 1469 1547 1525 Secundum
1562 1469 1640 1525 enim
1655 1471 1731 1541 qnod
1749 1476 1908 1525 cernuntur

157 1560 226 1615 dnm
239 1561 314 1632 quod
329 1576 412 1632 aquae
435 1560 610 1630 conspicitur
633 1562 806 1615 elementum
829 1575 902 1626 esse,
921 1559 1003 1612 istam
1058 1575 1161 1630 corpus
1203 1562 1324 1630 pascunt
1362 1557 1560 1628 corruptibile,
1596 1558 1658 1628 ipsa
1693 1559 1905 1630 corruptibilia:

157 1649 315 1719 potentiam
330 1649 448 1703 obtinet.
461 1653 595 1704 Attamen
608 1648 663 1702 nisi
675 1647 1004 1702 sanctificationisrirtn·
1020 1625 1040 1680 B
1059 1647 1217 1702 secundnm
1242 1663 1310 1701 vero
1331 1646 1408 1718 qnod
1432 1646 1586 1701 creduntur
1607 1647 1717 1702 animas
1739 1653 1861 1719 pascunt
1876 1647 1907 1702 in

156 1741 214 1791 tem
241 1736 398 1803 obtineret,
423 1736 515 1791 labem
539 1736 675 1792 vitiorum
698 1750 880 1807 nequaquam
896 1734 1005 1790 diluere
1059 1741 1200 1791 aeternnm
1215 1734 1421 1806 victuras‚ipsa
1436 1734 1620 1789 immortalia.

156 1829 264 1897 posset3
288 1823 383 1878 etnisi
398 1823 526 1893 rigorem
549 1824 615 1878 ritae
639 1823 812 1890 contineret,
828 1824 1005 1878 nullomodo
1094 1825 1147 1881 xx.
1176 1823 1330 1895 Apostolus
1365 1839 1481 1894 quoqne
1514 1824 1640 1878 scribens
1669 1824 1822 1880 Corinthiis
1849 1824 1905 1882 ait:

156 1913 277 1968 mortuis
300 1918 437 1983 praestare
461 1912 681 1981 vitamvalerat,
698 1912 820 1967 mortuis
836 1917 1005 1967 autemnon
1060 1914 1174 1969 Nescitis
1209 1914 1338 1981 quoniam
1375 1917 1467 1982 potres
1499 1914 1587 1967 nostri
1622 1929 1713 1968 amnes
1749 1914 1798 1968 sub
1837 1913 1907 1968 nube

155 2017 249 2069 carne,
271 2001 319 2055 sed
335 2001 441 2056 anima.
459 2002 490 2055 ln
514 2005 657 2055 eotamen
675 2001 753 2055 iente
769 2001 792 2054 si
809 1998 1006 2054 consideretur
1058 2003 1183 2068 fueraut:
1224 2005 1250 2056 et
1287 2015 1377 2055 omnes
1418 2016 1492 2056 mure
1529 2003 1711 2056 transierunt:
1749 2007 1775 2057 et
1817 2017 1907 2058 omues

97 2093 102 2099 '
156 2089 337 2144 solummodo
354 2088 430 2161 qnod
452 2104 606 2159 corporeus
620 2087 723 2159 aspicit
743 2104 853 2155 sensus,
875 2089 1005 2142 clemen·
1058 2090 1088 2143 iu
1124 2091 1196 2144 Mose
1233 2088 1368 2159 baptizati
1402 2093 1476 2154 sunt,
1513 2091 1543 2142 iu
1579 2089 1658 2156 nube,
1696 2094 1721 2144 et
1757 2092 1786 2144 in
1821 2093 1905 2156 meri,

157 2183 220 2232 turn
235 2177 355 2232 ilnidnm
371 2177 556 2248 conspicitur,
571 2175 748 2247 corruptioni
763 2177 932 2246 subjectum,
951 2192 1004 2231 nec
1058 2183 1085 2232 et
1098 2191 1187 2232 omncs
1210 2177 1329 2232 camdem
1354 2192 1441 2231 escam
1461 2177 1633 2246 spiritualem
1654 2177 1904 2244 manducaveruut;

155 2265 212 2320 nisi
229 2281 349 2336 corpora
362 2264 476 2319 lavandi
491 2265 650 2337 potentiam
665 2265 803 2320 obtinere.
820 2259 879 2320 Sed
890 2264 1005 2319 accessit
1058 2271 1083 2319 et
1097 2281 1186 2320 omues
1207 2264 1327 2319 eamdem
1349 2268 1442 2335 putum
1458 2265 1630 2335 spiritualem
1657 2265 1803 2320 biberunt?
1825 2267 1905 2321 ntor-

156 2353 246 2408 sancti
265 2353 387 2425 Spiritus
403 2370 454 2423 per
467 2353 622 2409 sacerdotis
637 2353 880 2409 consecrationem
902 2352 1003 2420 virtus,
1059 2353 1124 2407 beat
1139 2358 1228 2408 autem
1251 2353 1284 2407 de
1307 2354 1452 2422 spirituali
1465 2359 1639 2423 consequente
1653 2369 1697 2409 eos
1721 2359 1809 2424 petre.
1825 2357 1907 2409 Petra

157 2440 443 2496 cteillcaxiactaest
465 2457 524 2496 non
544 2441 784 2512 solnmcorpora,
801 2439 1001 2495 verumetiam
1058 2446 1148 2496 eutem
1167 2445 1226 2494 erat
1255 2441 1378 2496 Christus
1404 2441 1429 2510 (l
1450 2441 1514 2495 Cor.
1544 2456 1572 2508 x,
1597 2441 1665 2512 t-t).
1694 2442 1904 2497 Animadverti·

158 2528 269 2583 animas
283 2527 401 2594 diluere,
419 2532 447 2582 et
458 2528 621 2600 spirituales
634 2528 732 2584 sordes
747 2528 888 2601 spirituali
903 2532 1003 2600 poten·
1060 2546 1123 2584 mus
1139 2535 1168 2584 et
1193 2545 1272 2584 mare
1299 2528 1435 2600 baptismi
1458 2529 1581 2600 speciem
1605 2530 1774 2600 prestetisse,
1798 2536 1825 2586 et
1850 2548 1904 2586 nn·

156 2617 197 2672 tia
211 2615 367 2672 dimovere.
848 2607 855 2621 ’
1057 2619 1139 2686 hem;
1153 2623 1308 2690 patresque
1331 2617 1438 2689 prioris
1461 2617 1637 2672 Testamenti
1654 2617 1683 2673 in
1699 2618 1749 2684 eis,
1773 2618 1803 2672 id
1817 2624 1861 2673 est
1877 2619 1907 2673 in

191 2706 282 2761 lllllll.
299 2705 413 2760 Eccein
433 2719 490 2759 nno
514 2704 673 2777 eodemque
688 2706 829 2760 elemento
845 2704 903 2760 dno
925 2703 1003 2759 ride·
1059 2709 1135 2762 nube
1151 2706 1210 2762 sive
1234 2705 1316 2773 mari,
1347 2706 1507 2777 baptizatos
1530 2706 1626 2762 inisse.
1655 2707 1728 2762 Num
1751 2707 1795 2761 vel
1816 2722 1905 2775 mare,

156 2809 220 2847 mus
245 2793 337 2849 inesse
363 2793 416 2848 sibi
432 2793 605 2860 resistentia,
618 2794 648 2848 id
672 2798 715 2849 est
735 2793 913 2865 corruptioni
935 2792 1004 2848 suh·
1058 2795 1215 2851 secundum
1240 2794 1316 2867 qnod
1339 2794 1514 2850 elementum
1531 2793 1690 2863 videbatur,
1704 2795 1839 2867 baptismi
1856 2811 1908 2866 po·

154 2882 253 2952 jacens
277 2880 523 2954 incorruptionem
537 2887 684 2953 praestare,
709 2886 738 2937 et
760 2882 847 2937 ritem
871 2897 930 2937 nou
953 2883 1003 2936 ha·
1018 2925 1039 2984 c
1057 2885 1114 2939 tuit
1126 2885 1231 2939 hahere
1248 2883 1406 2940 virtutem?
1425 2882 1471 2938 rel
1485 2883 1586 2952 nubes,
1599 2884 1680 2954 juxta
1695 2882 1773 2954 quod
1798 2883 1908 2938 densio-

157 2969 227 3025 hens
250 2969 337 3025 ritam
368 2970 559 3026 contribuere.
589 2970 776 3043 Cognoscitur
800 2986 869 3043 ergo
892 2970 924 3025 in
949 2969 1004 3026 isto
1058 2971 1328 3028 riserassitndinem
1354 2971 1428 3028 aeris
1448 2971 1628 3040 ostendebat,
1656 2970 1734 3043 [odd.
1753 2970 1906 3043 populum]

155 3110 252 3166 nrrllns
266 3110 393 3183 relinqui
403 3115 498 3183 potest
510 3111 545 3165 de
560 3111 694 3167 concordi
707 3115 736 3167 et
744 3111 874 3167 unanimi
889 3116 1004 3169 senten·
1058 3114 1181 3186 Spiritus
1194 3114 1294 3179 sancti,
1311 3113 1382 3169 nulli
1399 3112 1576 3183 corruptioni
1590 3112 1715 3167 obnoxia
1727 3117 1803 3176 srrnl,
1819 3112 1906 3167 vitam

155 3183 195 3236 tia
226 3183 375 3238 ilatramni
408 3187 437 3238 et
464 3182 605 3237 Paschasii
632 3183 668 3237 de
693 3183 846 3254 praescntia
875 3184 1005 3255 corporis
1058 3192 1087 3240 et
1112 3185 1358 3241 immortalitatem
1382 3184 1554 3256 largiuntur.
1584 3183 1631 3239 llis
1658 3183 1698 3237 ita
1723 3183 1859 3253 subjectis
1879 3188 1908 3238 et

156 3251 260 3308 Christi
274 3256 303 3309 et
321 3252 471 3325 sanguinis
482 3253 513 3308 in
531 3253 713 3308 Ericharistire
727 3255 871 3326 mysterio.
1058 3257 1167 3328 positis,
1190 3272 1289 3310 sensus
1305 3255 1455 3309 llatramni
1479 3271 1534 3309 non
1555 3259 1600 3309 est
1621 3253 1698 3325 quod
1714 3253 1906 3324 quemadmo-

190 3360 276 3415 ,ΝΜ
291 3359 364 3428 quod
387 3360 504 3414 duarum
528 3361 584 3414 sim
604 3362 753 3414 existentia,
776 3374 868 3415 mum
885 3359 957 3414 inm
976 3374 1005 3415 ‘e
1058 3327 1128 3381 dnm
1150 3326 1316 3379 substantiae
1346 3324 1539 3395 etnaptismo
1561 3325 1652 3377 rirtns
1677 3325 1906 3379 sanctificationis
1956 3344 1957 3347 ¹

155 3430 335 3484 Μ
352 3429 380 3485 t
395 3431 459 3501 os
745 3429 817 3483 os
1057 3394 1769 3535 restitutusstttttttttttuttin
1785 3394 1907 3520 utut

155 3516 252 3554 rernm
275 3499 463 3565 diversarum,
490 3498 598 3554 scilicet
622 3499 781 3579 specierum
794 3499 878 3570 panis
896 3505 926 3553 et
944 3500 1005 3553 vint
1057 3540 1132 3590 esset
1147 3550 1246 3589 sensus
1271 3533 1428 3599 flammi,
1452 3549 1510 3588 non
1537 3532 1644 3589 dicere,
1668 3550 1772 3605 corpus
1795 3541 1823 3589 et
1844 3553 1908 3591 san·

1057 3606 1176 3687 gninem
1192 3604 1295 3660 Christi
1310 3603 1349 3658 ibi
1366 3604 1495 3669 existere,
1513 3608 1542 3660 et
1555 3605 1663 3675 species
1688 3605 1818 3660 sensibus
1838 3607 1906 3661 snb-

1054 3683 1145 3747 Jeetas
1160 3691 1208 3730 seu
1224 3677 1384 3746 corporales
1398 3690 1462 3729 curn
1484 3690 1605 3745 corpore
1618 3675 1762 3747 duplicem
1779 3677 1908 3732 existen·

1056 3748 1127 3802 tiam
1148 3762 1206 3801 non
1225 3745 1341 3813 hahere,
1370 3745 1450 3817 quasi
1476 3751 1569 3801 essent
1591 3761 1637 3801 res
1660 3761 1760 3817 reapse
1776 3746 1906 3815 dirersre,

1059 3833 1115 3873 nno
1130 3816 1215 3872 serbo
1230 3816 1270 3872 rei
1286 3815 1370 3871 unius
1386 3816 1416 3871 in
1432 3815 1550 3872 alteram
1578 3818 1767 3872 mutationem
1794 3818 1907 3872 contin·

1058 3904 1138 3959 gere:
1162 3903 1214 3943 nec
1228 3903 1312 3958 posse
1332 3885 1389 3942 dici
1408 3892 1458 3942 ant
1486 3887 1606 3958 cogitari
1631 3888 1691 3941 sine
1716 3887 1836 3942 erimine
1856 3905 1906 3943 seu

1057 3959 1165 4030 absque
1189 3961 1273 4029 culpa
1287 3963 1316 4013 et
1335 3965 1449 4028 peccato
1464 3973 1568 4029 corpus
1589 3958 1694 4012 Christi
1711 3958 1750 4012 ihi
1765 3974 1823 4012 non
1840 3975 1905 4029 per-

1057 4045 1184 4085 manere.
1197 4029 1304 4084 Sensus
1318 4028 1407 4098 igitur
1417 4028 1507 4083 nostri
1525 4029 1672 4083 liatramni
1687 4028 1724 4082 sit
1736 4044 1852 4082 necesse
1864 4033 1907 4083 est

1058 4100 1147 4171 (qnod
1164 4099 1308 4170 conceptis
1324 4098 1417 4154 verbis
1431 4115 1596 4172 expressum
1612 4105 1669 4153 est:
1684 4114 1781 4170 eorpus
1796 4104 1821 4152 ct
1838 4116 1905 4153 suu·

1056 4173 1164 4239 quinem
1183 4172 1259 4225 lesus
1285 4170 1394 4224 Christi
1413 4185 1469 4224 esse
1491 4171 1686 4239 compelluntur
1704 4185 1812 4237 uenere,
1835 4170 1907 4240 quod

1057 4243 1136 4307 nefas
1159 4256 1215 4296 esse
1236 4256 1290 4295 uon
1314 4241 1400 4295 solum
1426 4240 1513 4295 dicere
1541 4240 1589 4294 sed
1611 4239 1738 4310 conitere)
1765 4256 1825 4294 esse
1853 4256 1907 4311 per

1056 4312 1224 4366 relationem
1240 4312 1273 4365 ad
1297 4311 1358 4364 brec
1376 4311 1441 4365 uela
1465 4316 1494 4364 et
1515 4325 1654 4380 conopaea
1672 4309 1779 4381 aliquid
1806 4326 1906 4364 corru-

1055 4382 1149 4453 ptioni
1160 4381 1330 4436 obnoxium:
1352 4381 1401 4435 sed
1421 4397 1473 4451 per
1497 4380 1663 4435 relationem
1679 4387 1729 4436 aut
1744 4384 1904 4453 respectum

189 4450 274 4507 bulon
287 4466 350 4519 erpo
373 4455 437 4505 suut
460 4451 533 4506 idem
557 4451 630 4521 quod
644 4455 790 4507 cernuntur
812 4455 837 4506 et
859 4451 932 4522 quod
946 4467 1002 4507 cre·
1055 4453 1093 4507 ad
1108 4453 1242 4507 virtutem
1266 4451 1388 4523 Spiritus
1408 4451 1508 4517 saneti,
1535 4451 1617 4522 cnjus
1633 4450 1659 4504 ri
1683 4467 1782 4521 reapse
1806 4451 1837 4505 in
1851 4453 1905 4506 hoc

154 4521 267 4575 duntur.
287 4521 324 4576 lin
349 4521 394 4575 his
411 4525 489 4592 patet
503 4523 645 4592 integram
664 4521 856 4576 dilierentiam
878 4523 954 4577 inter
968 4538 1002 4577 ea
1056 4523 1192 4594 mysterio
1219 4529 1285 4576 sunt
1311 4528 1339 4576 et
1364 4523 1536 4586 consistunt,
1559 4537 1616 4576 non
1642 4537 1702 4575 csse
1727 4521 1905 4592 corruptioni

154 4607 218 4662 qrrae
243 4599 400 4645 cernuntur
424 4596 530 4666 etqnoe
550 4591 707 4646 creduntur
731 4592 760 4647 in
787 4593 921 4664 mysterio
943 4608 1001 4648 non
1055 4593 1178 4648 obnoxia
1203 4599 1232 4648 et
1257 4592 1393 4662 subjecta,
1423 4592 1471 4646 scd
1498 4592 1581 4646 vitam
1607 4598 1637 4646 et
1659 4591 1904 4646 immortalitatem

154 4677 305 4731 erumpere
328 4677 359 4716 ex
386 4661 498 4716 diversa
524 4662 685 4729 existentia,
707 4667 738 4716 ut
761 4678 826 4717 mox
850 4663 934 4727 dixit;
952 4664 1001 4719 sed
1055 4664 1205 4719 animabus
1234 4664 1339 4718 nostris
1372 4663 1596 4717 communicant.
1629 4661 1708 4717 Sicut
1746 4663 1904 4734 baptismus

154 4746 187 4786 ex
200 4732 311 4786 diverso
327 4736 455 4801 respectu
480 4731 532 4785 suh
556 4748 613 4803 qua
628 4748 672 4786 res
688 4733 787 4787 eadem
812 4733 932 4799 copiari
948 4750 1002 4803 po·
1055 4734 1154 4790 habita
1169 4734 1310 4789 relatione
1323 4749 1370 4787 sen
1388 4734 1499 4787 ratione
1514 4732 1548 4786 ad
1570 4748 1675 4802 aquam
1700 4737 1729 4786 et
1744 4732 1820 4803 qnod
1837 4749 1905 4786 seu-

153 4807 207 4856 test
223 4807 252 4856 et
275 4804 404 4872 rependi.
428 4801 520 4866 Quare
548 4803 616 4857 dicit
636 4804 824 4859 Retramnus:
840 4805 885 4859 Sic
908 4806 1002 4873 itaque
1054 4805 1134 4859 sibus
1153 4805 1307 4860 obnoxium
1323 4809 1366 4858 est
1380 4803 1526 4871 corrumpi
1541 4808 1647 4874 potest,
1663 4808 1692 4857 et
1707 4803 1804 4857 hahita
1824 4803 1904 4858 simi·

154 4872 257 4929 Christi
281 4877 415 4942 corpnset
438 4876 792 4942 scrupeissupcrtteietenus
817 4873 1001 4940 consideratu,
1054 4875 1121 4930 liter
1148 4875 1260 4929 ratione
1293 4873 1406 4927 uirtutis
1435 4878 1464 4927 et
1488 4873 1646 4927 sanctitatis
1676 4872 1730 4928 sibi
1750 4874 1864 4928 collatae
1889 4890 1905 4928 a

154 4948 280 5027 creruuru¹
306 4948 346 4997 est
375 4943 556 5027 mutabilitati
577 4945 787 5013 corruptetaeque
811 4944 940 5012 subjectu.
968 4946 1002 5000 Si
1055 4945 1180 5026 Christo,
1195 4943 1366 5026 eruditione
1387 4943 1573 5024 etseatnrigo
1595 4944 1659 5023 vitre
1680 4949 1714 5024 et¹
1731 4943 1904 5026 immortali·

154 5013 664 5139 itit*{stitus-‘ttulistis‘
679 5019 1001 5140 tttitltttttttt
1053 5014 1905 5155 tutatustttttltttttshigttltttttttss

155 5153 316 5225 intelligere
340 5153 422 5208 iacile
446 5161 570 5208 estnon
595 5154 711 5225 proprie
726 5159 755 5209 et
771 5171 803 5208 es
826 5154 1000 5227 omniparis
1054 5158 1137 5211 niens
1153 5156 1197 5222 sit,
1228 5162 1277 5209 aut
1295 5154 1372 5227 qnod
1393 5154 1452 5209 nlla
1476 5155 1587 5209 ratione
1601 5155 1720 5209 somniis
1745 5157 1905 5210 Prolestan·

155 5226 246 5278 totam
274 5223 475 5278 eucharistiam
505 5225 692 5280 llatramnnm
718 5225 847 5280 conferre
879 5241 913 5280 co
946 5225 1001 5281 loci
1053 5227 1126 5281 tium
1151 5225 1309 5297 propitium
1332 5224 1423 5279 rideri
1447 5226 1545 5296 possit.
1573 5225 1667 5297 lisque
1682 5226 1904 5295 juratmaxime

155 5306 219 5347 cnm
235 5294 386 5366 baptismo,
409 5295 458 5349 sed
481 5310 584 5377 corpus
605 5296 818 5367 etsangninem
841 5296 1002 5352 lesuChri·
1054 5296 1194 5368 applicata
1217 5295 1371 5350 translerre
1404 5301 1432 5349 et
1462 5303 1569 5362 mente,
1598 5297 1627 5350 in
1658 5297 1903 5366 comparationem

155 5362 190 5415 sti
204 5378 269 5432 qrras
289 5371 355 5421 sunt
374 5366 404 5419 in
426 5365 608 5432 eucharistia,
633 5370 665 5421 nt
688 5382 755 5421 mox
769 5366 840 5421 dixit
860 5382 925 5438 qum
949 5367 999 5421 he·
1054 5383 1141 5439 quem
1155 5365 1415 5436 institnitcorporis
1427 5366 1512 5431 hrrjus
1527 5366 1631 5421 Christi
1643 5382 1706 5420 cnm
1726 5367 1813 5426 nube.
1832 5368 1904 5420 mari

155 5431 214 5486 bita
238 5433 348 5490 ratione
372 5435 544 5492 conditionis
566 5452 622 5509 qna
646 5437 776 5492 sensibus
797 5437 999 5508 subjiciuntur,
1055 5438 1160 5502 ltnhro,
1175 5453 1250 5508 aqrra
1267 5437 1501 5509 epetraedncla,
1517 5453 1625 5492 manna
1639 5438 1668 5492 in
1679 5453 1781 5492 arenas
1797 5437 1904 5492 deserti

155 5503 333 5574 corruptioni
353 5505 475 5562 obnoxia
498 5512 576 5574 sunt,
602 5512 630 5562 et
645 5506 743 5563 habita
757 5508 870 5564 ratione
888 5507 1001 5563 virtutis
1054 5508 1172 5564 cadente
1192 5527 1200 5576 ;
1217 5523 1334 5563 -nnm
1349 5509 1395 5574 20,
1405 5508 1451 5576 tt,
1466 5510 1511 5572 ii,
1527 5509 1571 5570 2³,
1586 5507 1621 5562 ii
1635 5513 1664 5562 et
1675 5511 1721 5562 25.

155 3568 326 3639 etcorporis
352 3569 456 3623 Christi
483 3568 512 3624 in
535 3569 716 3635 eucharistia,
733 3569 867 3624 somniat.
892 3568 945 3634 oni
967 3584 1003 3640 pe

156 3640 265 3710 species
295 3639 357 3694 istas
383 3645 412 3693 et
439 3655 543 3710 corpus
572 3639 721 3721 spirituale
741 3638 847 3694 Christi
872 3585 1004 3695 eamdem

155 3709 262 3764 habent
282 3715 311 3764 et
332 3725 420 3764 unam
446 3710 474 3764 in
504 3725 538 3764 ea
576 3715 765 3778 existentiam,
786 3713 816 3765 et
838 3725 884 3765 res
903 3710 1003 3766 eadem

155 3784 222 3835 sunt
243 3779 295 3834 snb
319 3779 430 3834 diverso
454 3784 602 3852 respectu:
618 3782 725 3836 scilieet
743 3797 808 3852 quae
830 3780 1005 3837 considerari

155 3855 184 3905 et
205 3850 324 3921 cogitari
348 3855 443 3922 potest
460 3851 490 3905 in
512 3856 652 3923 qnantum
667 3853 797 3907 sensibus
810 3852 961 3923 subjicitur
976 3856 1005 3906 et

154 3921 343 3992 inquantum
368 3922 467 3987 oculis,
492 3923 631 3989 recondit,
653 3923 728 3977 velat
747 3922 854 4047 anirum
876 3923 1004 3995 spiritale

154 3993 231 4063 qnod
249 3994 399 4048 ocrrlornm
414 3994 504 4048 aciem
529 4008 587 4048 nou
617 3992 703 4047 subit.
729 3995 766 4048 Ex
813 3993 835 4046 is
855 3997 1004 4047 consecta-

154 4077 241 4117 neum
257 4063 561 4134 dilncidnmernmpit,
575 4079 680 4133 eorpus
695 4069 723 4117 et
736 4064 906 4134 sanguinem
922 4063 1003 4120 Chri·

154 4133 189 4187 sti
202 4148 259 4188 non
275 4134 395 4188 existere
415 4134 515 4188 eadem
527 4133 676 4188 existentia
691 4133 775 4204 panis
791 4139 820 4188 et
832 4133 903 4201 rini,
921 4133 1005 4189 adeo·

153 4219 210 4274 quse
232 4210 297 4272 post
320 4207 563 4259 consecrationem
587 4204 700 4258 nullum
725 4219 828 4274 panem
852 4209 882 4259 et
902 4205 1039 4296 vinnm„

153 4289 204 4327 sen
220 4274 408 4329 substantiam
424 4290 523 4329 eornm
539 4278 682 4346 praesente
692 4290 808 4346 corpore
825 4276 1003 4347 etsangnine

154 4343 259 4400 Christi
274 4345 430 4399 consistere
446 4349 474 4399 et
487 4360 666 4417 permanere.
