<?xml version="1.0" encoding="UTF-8"?>
<!DOCTYPE html PUBLIC "-//W3C//DTD XHTML 1.0 Transitional//EN"
    "http://www.w3.org/TR/xhtml1/DTD/xhtml1-transitional.dtd">
<html xmlns="http://www.w3.org/1999/xhtml" xml:lang="en" lang="en">
 <head>
  <title>
</title>
<meta http-equiv="Content-Type" content="text/html;charset=utf-8" />
  <meta name='ocr-system' content='tesseract 3.04.00' />
  <meta name='ocr-capabilities' content='ocr_page ocr_carea ocr_par ocr_line ocrx_word'/>
</head>
<body>
  <div class='ocr_page' id='page_1' title='image "./patrologiaecurs04unkngoog_0367.png"; bbox 0 0 3930 6098; ppageno 0'>
   <div class='ocr_carea' id='block_1_1' title="bbox 605 287 1715 349">
    <p class='ocr_par' dir='ltr' id='par_1_1' title="bbox 605 287 1715 349">
     <span class='ocr_line' id='line_1_1' title="bbox 605 287 1715 349; baseline 0 -3"><span class='ocrx_word' id='word_1_1' title='bbox 605 288 711 348; x_wconf 78' lang='lat' dir='ltr'>ernau</span> <span class='ocrx_word' id='word_1_2' title='bbox 733 289 913 349; x_wconf 71' lang='lat' dir='ltr'>seuerius</span> <span class='ocrx_word' id='word_1_3' title='bbox 931 287 1085 346; x_wconf 79' lang='lat' dir='ltr'>GRAECOS.</span> <span class='ocrx_word' id='word_1_4' title='bbox 1663 289 1715 346; x_wconf 89' lang='grc'>000</span> 
     </span>
    </p>
   </div>
   <div class='ocr_carea' id='block_1_2' title="bbox 85 418 1737 4209">
    <p class='ocr_par' dir='ltr' id='par_1_2' title="bbox 85 418 1737 4209">
     <span class='ocr_line' id='line_1_2' title="bbox 85 418 1715 493; baseline -0.002 -15"><span class='ocrx_word' id='word_1_5' title='bbox 85 421 244 478; x_wconf 85' lang='lat' dir='ltr'>cedendum</span> <span class='ocrx_word' id='word_1_6' title='bbox 259 419 439 490; x_wconf 86' lang='lat' dir='ltr'>adversariis,</span> <span class='ocrx_word' id='word_1_7' title='bbox 465 421 514 476; x_wconf 86' lang='lat' dir='ltr'>sed</span> <span class='ocrx_word' id='word_1_8' title='bbox 536 421 657 478; x_wconf 85' lang='lat' dir='ltr'>viriliter</span> <span class='ocrx_word' id='word_1_9' title='bbox 672 422 811 478; x_wconf 90' lang='lat' dir='ltr'>resisleu-</span> <span class='ocrx_word' id='word_1_10' title='bbox 829 421 937 480; x_wconf 78' lang='lat' dir='ltr'>Atiam</span> <span class='ocrx_word' id='word_1_11' title='bbox 951 419 1127 493; x_wconf 89' lang='lat' dir='ltr'>ineptiarum</span> <span class='ocrx_word' id='word_1_12' title='bbox 1142 418 1303 490; x_wconf 73' lang='lat' dir='ltr'>garrientes</span> <span class='ocrx_word' id='word_1_13' title='bbox 1313 419 1465 492; x_wconf 90' lang='lat' dir='ltr'>inquirunt</span> <span class='ocrx_word' id='word_1_14' title='bbox 1479 436 1568 492; x_wconf 88' lang='lat' dir='ltr'>quare</span> <span class='ocrx_word' id='word_1_15' title='bbox 1590 420 1715 476; x_wconf 81' lang='lat' dir='ltr'>chrisma</span> 
     </span>
     <span class='ocr_line' id='line_1_3' title="bbox 86 508 1715 583; baseline -0.002 -16"><span class='ocrx_word' id='word_1_16' title='bbox 86 516 169 567; x_wconf 89' lang='lat' dir='ltr'>tnon</span> <span class='ocrx_word' id='word_1_17' title='bbox 180 512 329 582; x_wconf 81' lang='lat' dir='ltr'>capiamur</span> <span class='ocrx_word' id='word_1_18' title='bbox 342 510 421 565; x_wconf 91' lang='lat' dir='ltr'>illios</span> <span class='ocrx_word' id='word_1_19' title='bbox 436 511 589 580; x_wconf 74' lang='lat' dir='ltr'>illecebris,</span> <span class='ocrx_word' id='word_1_20' title='bbox 607 512 703 583; x_wconf 88' lang='lat' dir='ltr'>quide</span> <span class='ocrx_word' id='word_1_21' title='bbox 714 528 814 582; x_wconf 88' lang='lat' dir='ltr'>super·</span> <span class='ocrx_word' id='word_1_22' title='bbox 869 517 1010 576; x_wconf 88' lang='lat' dir='ltr'>nostrum,</span> <span class='ocrx_word' id='word_1_23' title='bbox 1027 510 1085 565; x_wconf 94' lang='lat' dir='ltr'>imo</span> <span class='ocrx_word' id='word_1_24' title='bbox 1103 508 1162 577; x_wconf 81' lang='lat' dir='ltr'>uei,</span> <span class='ocrx_word' id='word_1_25' title='bbox 1183 525 1217 563; x_wconf 81' lang='lat' dir='ltr'>ex</span> <span class='ocrx_word' id='word_1_26' title='bbox 1234 524 1309 580; x_wconf 86' lang='lat' dir='ltr'>aqua</span> <span class='ocrx_word' id='word_1_27' title='bbox 1329 508 1459 564; x_wconf 88' lang='lat' dir='ltr'>fluminis</span> <span class='ocrx_word' id='word_1_28' title='bbox 1481 509 1666 564; x_wconf 88' lang='lat' dir='ltr'>conticiamus</span> <span class='ocrx_word' id='word_1_29' title='bbox 1688 516 1715 564; x_wconf 87' lang='lat' dir='ltr'>el</span> 
     </span>
     <span class='ocr_line' id='line_1_4' title="bbox 91 597 1715 672; baseline 0 -18"><span class='ocrx_word' id='word_1_30' title='bbox 91 600 256 670; x_wconf 89' lang='lat' dir='ltr'>superbiam</span> <span class='ocrx_word' id='word_1_31' title='bbox 284 601 318 654; x_wconf 92' lang='lat' dir='ltr'>ad</span> <span class='ocrx_word' id='word_1_32' title='bbox 346 600 405 653; x_wconf 88' lang='lat' dir='ltr'>ima</span> <span class='ocrx_word' id='word_1_33' title='bbox 433 600 577 671; x_wconf 88' lang='lat' dir='ltr'>delapsus,</span> <span class='ocrx_word' id='word_1_34' title='bbox 607 601 662 655; x_wconf 90' lang='lat' dir='ltr'>hoc</span> <span class='ocrx_word' id='word_1_35' title='bbox 688 600 817 655; x_wconf 87' lang='lat' dir='ltr'>elaborat</span> <span class='ocrx_word' id='word_1_36' title='bbox 869 614 1080 672; x_wconf 87' lang='lat' dir='ltr'>quaresguom</span> <span class='ocrx_word' id='word_1_37' title='bbox 1097 598 1262 652; x_wconf 85' lang='lat' dir='ltr'>siurolcum</span> <span class='ocrx_word' id='word_1_38' title='bbox 1279 597 1715 670; x_wconf 74' lang='lat' dir='ltr'>corporeChristietsauguine</span> 
     </span>
     <span class='ocr_line' id='line_1_5' title="bbox 92 686 1716 760; baseline 0.001 -19"><span class='ocrx_word' id='word_1_39' title='bbox 92 687 265 759; x_wconf 89' lang='lat' dir='ltr'>iniquitatis,</span> <span class='ocrx_word' id='word_1_40' title='bbox 287 694 319 742; x_wconf 87' lang='lat' dir='ltr'>ut</span> <span class='ocrx_word' id='word_1_41' title='bbox 340 686 475 752; x_wconf 81' lang='lat' dir='ltr'>Ecclesia,</span> <span class='ocrx_word' id='word_1_42' title='bbox 501 703 565 758; x_wconf 81' lang='lat' dir='ltr'>quae</span> <span class='ocrx_word' id='word_1_43' title='bbox 589 693 632 742; x_wconf 90' lang='lat' dir='ltr'>est</span> <span class='ocrx_word' id='word_1_44' title='bbox 653 687 713 742; x_wconf 90' lang='lat' dir='ltr'>tilia</span> <span class='ocrx_word' id='word_1_45' title='bbox 727 688 815 760; x_wconf 84' lang='lat' dir='ltr'>pacis,</span> <span class='ocrx_word' id='word_1_46' title='bbox 868 689 898 743; x_wconf 89' lang='lat' dir='ltr'>in</span> <span class='ocrx_word' id='word_1_47' title='bbox 911 689 1018 744; x_wconf 85' lang='lat' dir='ltr'>Pascha</span> <span class='ocrx_word' id='word_1_48' title='bbox 1030 704 1115 759; x_wconf 89' lang='lat' dir='ltr'>super</span> <span class='ocrx_word' id='word_1_49' title='bbox 1128 689 1215 742; x_wconf 88' lang='lat' dir='ltr'>altare</span> <span class='ocrx_word' id='word_1_50' title='bbox 1235 702 1386 758; x_wconf 87' lang='lat' dir='ltr'>ponamus,</span> <span class='ocrx_word' id='word_1_51' title='bbox 1408 693 1437 741; x_wconf 91' lang='lat' dir='ltr'>et</span> <span class='ocrx_word' id='word_1_52' title='bbox 1453 703 1532 742; x_wconf 83' lang='lat' dir='ltr'>niore</span> <span class='ocrx_word' id='word_1_53' title='bbox 1547 687 1716 743; x_wconf 81' lang='lat' dir='ltr'>trrdaeorom</span> 
     </span>
     <span class='ocr_line' id='line_1_6' title="bbox 85 774 1713 847; baseline -0.001 -16"><span class='ocrx_word' id='word_1_54' title='bbox 85 782 141 831; x_wconf 83' lang='lat' dir='ltr'>rtur</span> <span class='ocrx_word' id='word_1_55' title='bbox 163 776 293 830; x_wconf 91' lang='lat' dir='ltr'>doctriua</span> <span class='ocrx_word' id='word_1_56' title='bbox 327 775 472 843; x_wconf 82' lang='lat' dir='ltr'>ioeditatis,</span> <span class='ocrx_word' id='word_1_57' title='bbox 496 783 526 831; x_wconf 92' lang='lat' dir='ltr'>et</span> <span class='ocrx_word' id='word_1_58' title='bbox 553 781 649 847; x_wconf 88' lang='lat' dir='ltr'>pateat</span> <span class='ocrx_word' id='word_1_59' title='bbox 673 776 816 832; x_wconf 75' lang='lat' dir='ltr'>morsibus</span> <span class='ocrx_word' id='word_1_60' title='bbox 869 779 1115 846; x_wconf 89' lang='lat' dir='ltr'>olleramus,cum</span> <span class='ocrx_word' id='word_1_61' title='bbox 1135 774 1432 830; x_wconf 82' lang='lat' dir='ltr'>nullatenushsecrel</span> <span class='ocrx_word' id='word_1_62' title='bbox 1451 774 1713 846; x_wconf 87' lang='lat' dir='ltr'>aliquisdesipien·</span> 
     </span>
     <span class='ocr_line' id='line_1_7' title="bbox 869 864 1714 938; baseline -0.005 -16"><span class='ocrx_word' id='word_1_63' title='bbox 869 869 941 922; x_wconf 90' lang='lat' dir='ltr'>tium</span> <span class='ocrx_word' id='word_1_64' title='bbox 958 881 1087 938; x_wconf 88' lang='lat' dir='ltr'>uuquam</span> <span class='ocrx_word' id='word_1_65' title='bbox 1102 864 1262 920; x_wconf 87' lang='lat' dir='ltr'>crediderit.</span> <span class='ocrx_word' id='word_1_66' title='bbox 1280 865 1348 929; x_wconf 80' lang='lat' dir='ltr'>Quae</span> <span class='ocrx_word' id='word_1_67' title='bbox 1363 864 1420 918; x_wconf 93' lang='lat' dir='ltr'>duo</span> <span class='ocrx_word' id='word_1_68' title='bbox 1443 864 1472 917; x_wconf 92' lang='lat' dir='ltr'>in</span> <span class='ocrx_word' id='word_1_69' title='bbox 1488 870 1599 917; x_wconf 83' lang='lat' dir='ltr'>tarrtorn</span> <span class='ocrx_word' id='word_1_70' title='bbox 1614 865 1714 920; x_wconf 87' lang='lat' dir='ltr'>viden·</span> 
     </span>
     <span class='ocr_line' id='line_1_8' title="bbox 85 951 1713 1026; baseline 0 -18"><span class='ocrx_word' id='word_1_71' title='bbox 85 957 113 1008; x_wconf 87' lang='lat' dir='ltr'>et</span> <span class='ocrx_word' id='word_1_72' title='bbox 127 952 233 1008; x_wconf 85' lang='lat' dir='ltr'>similia</span> <span class='ocrx_word' id='word_1_73' title='bbox 257 957 287 1008; x_wconf 87' lang='lat' dir='ltr'>ut</span> <span class='ocrx_word' id='word_1_74' title='bbox 311 959 488 1023; x_wconf 84' lang='lat' dir='ltr'>praecaveret</span> <span class='ocrx_word' id='word_1_75' title='bbox 510 953 696 1017; x_wconf 71' lang='lat' dir='ltr'>Timotheus,</span> <span class='ocrx_word' id='word_1_76' title='bbox 718 971 816 1009; x_wconf 91' lang='lat' dir='ltr'>sacra·</span> <span class='ocrx_word' id='word_1_77' title='bbox 868 961 915 1011; x_wconf 89' lang='lat' dir='ltr'>tur</span> <span class='ocrx_word' id='word_1_78' title='bbox 930 954 1139 1026; x_wconf 87' lang='lat' dir='ltr'>indignissima,</span> <span class='ocrx_word' id='word_1_79' title='bbox 1156 959 1188 1008; x_wconf 89' lang='lat' dir='ltr'>ut</span> <span class='ocrx_word' id='word_1_80' title='bbox 1201 954 1237 1007; x_wconf 88' lang='lat' dir='ltr'>ab</span> <span class='ocrx_word' id='word_1_81' title='bbox 1253 952 1351 1007; x_wconf 89' lang='lat' dir='ltr'>auditu</span> <span class='ocrx_word' id='word_1_82' title='bbox 1368 951 1498 1007; x_wconf 87' lang='lat' dir='ltr'>lidelium</span> <span class='ocrx_word' id='word_1_83' title='bbox 1513 967 1548 1006; x_wconf 84' lang='lat' dir='ltr'>er</span> <span class='ocrx_word' id='word_1_84' title='bbox 1563 955 1621 1006; x_wconf 85' lang='lat' dir='ltr'>toto</span> <span class='ocrx_word' id='word_1_85' title='bbox 1632 953 1713 1023; x_wconf 84' lang='lat' dir='ltr'>jodi-</span> 
     </span>
     <span class='ocr_line' id='line_1_9' title="bbox 85 1041 1328 1114; baseline -0.002 -15"><span class='ocrx_word' id='word_1_86' title='bbox 85 1042 199 1114; x_wconf 83' lang='lat' dir='ltr'>ipiritus</span> <span class='ocrx_word' id='word_1_87' title='bbox 226 1042 317 1096; x_wconf 89' lang='lat' dir='ltr'>sancti</span> <span class='ocrx_word' id='word_1_88' title='bbox 346 1041 483 1096; x_wconf 83' lang='lat' dir='ltr'>charitate</span> <span class='ocrx_word' id='word_1_89' title='bbox 522 1043 644 1111; x_wconf 80' lang='lat' dir='ltr'>ferreus,</span> <span class='ocrx_word' id='word_1_90' title='bbox 680 1043 816 1097; x_wconf 87' lang='lat' dir='ltr'>admonet</span> <span class='ocrx_word' id='word_1_91' title='bbox 868 1042 1328 1114; x_wconf 77' lang='lat' dir='ltr'>centurpenituscsseextrauea,</span> 
     </span>
     <span class='ocr_line' id='line_1_10' title="bbox 86 1128 1715 1200; baseline -0.001 -13"><span class='ocrx_word' id='word_1_92' title='bbox 86 1147 95 1186; x_wconf 77' lang='grc' dir='ltr'><strong><em>ε</em></strong></span> <span class='ocrx_word' id='word_1_93' title='bbox 119 1131 227 1187; x_wconf 83' lang='lat' dir='ltr'>Stultus</span> <span class='ocrx_word' id='word_1_94' title='bbox 247 1135 339 1185; x_wconf 76' lang='lat' dir='ltr'>notun</span> <span class='ocrx_word' id='word_1_95' title='bbox 360 1135 463 1185; x_wconf 78' lang='lat' dir='ltr'>alsine</span> <span class='ocrx_word' id='word_1_96' title='bbox 482 1130 630 1200; x_wconf 78' lang='lat' dir='ltr'>disciplina</span> <span class='ocrx_word' id='word_1_97' title='bbox 655 1135 815 1196; x_wconf 66' lang='lat' dir='ltr'>amasonia</span> <span class='ocrx_word' id='word_1_98' title='bbox 904 1133 969 1188; x_wconf 83' lang='lat' dir='ltr'>llaec</span> <span class='ocrx_word' id='word_1_99' title='bbox 994 1131 1183 1186; x_wconf 83' lang='lat' dir='ltr'>deliramenta</span> <span class='ocrx_word' id='word_1_100' title='bbox 1207 1129 1399 1184; x_wconf 84' lang='lat' dir='ltr'>versutiarum</span> <span class='ocrx_word' id='word_1_101' title='bbox 1419 1128 1552 1184; x_wconf 84' lang='lat' dir='ltr'>Graecalis</span> <span class='ocrx_word' id='word_1_102' title='bbox 1573 1129 1715 1185; x_wconf 89' lang='lat' dir='ltr'>industria</span> 
     </span>
     <span class='ocr_line' id='line_1_11' title="bbox 96 1217 1714 1293; baseline -0.001 -19"><span class='ocrx_word' id='word_1_103' title='bbox 96 1224 183 1274; x_wconf 73' lang='lat' dir='ltr'>sciero</span> <span class='ocrx_word' id='word_1_104' title='bbox 207 1222 273 1285; x_wconf 82' lang='lat' dir='ltr'>quin</span> <span class='ocrx_word' id='word_1_105' title='bbox 297 1223 429 1287; x_wconf 79' lang='lat' dir='ltr'>generunt</span> <span class='ocrx_word' id='word_1_106' title='bbox 461 1219 520 1272; x_wconf 87' lang='lat' dir='ltr'>lites</span> <span class='ocrx_word' id='word_1_107' title='bbox 534 1218 575 1286; x_wconf 81' lang='lat' dir='ltr'>(ll</span> <span class='ocrx_word' id='word_1_108' title='bbox 603 1220 671 1273; x_wconf 83' lang='lat' dir='ltr'>Tim.</span> <span class='ocrx_word' id='word_1_109' title='bbox 696 1234 726 1287; x_wconf 86' lang='lat' dir='ltr'>rr,</span> <span class='ocrx_word' id='word_1_110' title='bbox 756 1222 813 1289; x_wconf 73' lang='lat'>22).</span> <span class='ocrx_word' id='word_1_111' title='bbox 867 1220 1054 1293; x_wconf 89' lang='lat' dir='ltr'>supercilioso</span> <span class='ocrx_word' id='word_1_112' title='bbox 1082 1219 1193 1274; x_wconf 87' lang='lat' dir='ltr'>ambitu</span> <span class='ocrx_word' id='word_1_113' title='bbox 1223 1234 1274 1289; x_wconf 91' lang='lat' dir='ltr'>per</span> <span class='ocrx_word' id='word_1_114' title='bbox 1303 1219 1467 1273; x_wconf 82' lang='lat' dir='ltr'>Romanurn</span> <span class='ocrx_word' id='word_1_115' title='bbox 1491 1218 1601 1288; x_wconf 78' lang='lat' dir='ltr'>spargit</span> <span class='ocrx_word' id='word_1_116' title='bbox 1623 1217 1714 1289; x_wconf 89' lang='lat' dir='ltr'>impe·</span> 
     </span>
     <span class='ocr_line' id='line_1_12' title="bbox 85 1307 1714 1378; baseline 0.001 -17"><span class='ocrx_word' id='word_1_117' title='bbox 85 1322 152 1377; x_wconf 82' lang='lat' dir='ltr'>inps</span> <span class='ocrx_word' id='word_1_118' title='bbox 179 1323 340 1377; x_wconf 73' lang='lat' dir='ltr'>praecauere</span> <span class='ocrx_word' id='word_1_119' title='bbox 365 1312 479 1378; x_wconf 89' lang='lat' dir='ltr'>oportet</span> <span class='ocrx_word' id='word_1_120' title='bbox 502 1307 675 1378; x_wconf 78' lang='lat' dir='ltr'>generaliter</span> <span class='ocrx_word' id='word_1_121' title='bbox 699 1313 815 1362; x_wconf 88' lang='lat' dir='ltr'>cunctos</span> <span class='ocrx_word' id='word_1_122' title='bbox 867 1311 956 1377; x_wconf 88' lang='lat' dir='ltr'>riom,</span> <span class='ocrx_word' id='word_1_123' title='bbox 972 1314 1002 1364; x_wconf 91' lang='lat' dir='ltr'>et</span> <span class='ocrx_word' id='word_1_124' title='bbox 1015 1308 1167 1364; x_wconf 88' lang='lat' dir='ltr'>dominicis</span> <span class='ocrx_word' id='word_1_125' title='bbox 1181 1307 1297 1362; x_wconf 88' lang='lat' dir='ltr'>aciebus</span> <span class='ocrx_word' id='word_1_126' title='bbox 1307 1307 1451 1370; x_wconf 86' lang='lat' dir='ltr'>insistens,</span> <span class='ocrx_word' id='word_1_127' title='bbox 1468 1312 1532 1361; x_wconf 89' lang='lat' dir='ltr'>astu</span> <span class='ocrx_word' id='word_1_128' title='bbox 1551 1307 1714 1362; x_wconf 79' lang='lat' dir='ltr'>calliditatis</span> 
     </span>
     <span class='ocr_line' id='line_1_13' title="bbox 85 1395 1716 1466; baseline 0.001 -18"><span class='ocrx_word' id='word_1_129' title='bbox 85 1401 155 1451; x_wconf 84' lang='lat' dir='ltr'>stum</span> <span class='ocrx_word' id='word_1_130' title='bbox 169 1397 325 1459; x_wconf 86' lang='lat' dir='ltr'>credentes.</span> <span class='ocrx_word' id='word_1_131' title='bbox 344 1395 465 1450; x_wconf 86' lang='lat' dir='ltr'>maxime</span> <span class='ocrx_word' id='word_1_132' title='bbox 488 1412 536 1450; x_wconf 91' lang='lat' dir='ltr'>eos</span> <span class='ocrx_word' id='word_1_133' title='bbox 555 1395 605 1466; x_wconf 91' lang='lat' dir='ltr'>qui</span> <span class='ocrx_word' id='word_1_134' title='bbox 621 1395 750 1466; x_wconf 87' lang='lat' dir='ltr'>regimen</span> <span class='ocrx_word' id='word_1_135' title='bbox 766 1397 814 1448; x_wconf 89' lang='lat' dir='ltr'>de·</span> <span class='ocrx_word' id='word_1_136' title='bbox 868 1398 1036 1463; x_wconf 83' lang='lat' dir='ltr'>scaturiens,</span> <span class='ocrx_word' id='word_1_137' title='bbox 1060 1396 1209 1451; x_wconf 88' lang='lat' dir='ltr'>contendit</span> <span class='ocrx_word' id='word_1_138' title='bbox 1239 1396 1375 1451; x_wconf 83' lang='lat' dir='ltr'>lacessere</span> <span class='ocrx_word' id='word_1_139' title='bbox 1406 1395 1527 1466; x_wconf 89' lang='lat' dir='ltr'>quietos.</span> <span class='ocrx_word' id='word_1_140' title='bbox 1555 1399 1590 1449; x_wconf 79' lang='lat' dir='ltr'>nt</span> <span class='ocrx_word' id='word_1_141' title='bbox 1615 1401 1716 1450; x_wconf 86' lang='lat' dir='ltr'>contra</span> 
     </span>
     <span class='ocr_line' id='line_1_14' title="bbox 85 1483 1714 1559; baseline -0.001 -20"><span class='ocrx_word' id='word_1_142' title='bbox 85 1483 155 1539; x_wconf 89' lang='lat' dir='ltr'>bere</span> <span class='ocrx_word' id='word_1_143' title='bbox 168 1484 343 1550; x_wconf 90' lang='lat' dir='ltr'>animarum,</span> <span class='ocrx_word' id='word_1_144' title='bbox 367 1488 470 1538; x_wconf 82' lang='lat' dir='ltr'>siesse</span> <span class='ocrx_word' id='word_1_145' title='bbox 496 1485 645 1555; x_wconf 90' lang='lat' dir='ltr'>speculum</span> <span class='ocrx_word' id='word_1_146' title='bbox 673 1485 815 1538; x_wconf 89' lang='lat' dir='ltr'>bonorum</span> <span class='ocrx_word' id='word_1_147' title='bbox 868 1491 1030 1559; x_wconf 87' lang='lat' dir='ltr'>repugnant</span> <span class='ocrx_word' id='word_1_148' title='bbox 1054 1485 1173 1541; x_wconf 91' lang='lat' dir='ltr'>ducibus</span> <span class='ocrx_word' id='word_1_149' title='bbox 1195 1485 1303 1556; x_wconf 88' lang='lat' dir='ltr'>injusta</span> <span class='ocrx_word' id='word_1_150' title='bbox 1322 1483 1502 1540; x_wconf 87' lang='lat' dir='ltr'>molientium</span> <span class='ocrx_word' id='word_1_151' title='bbox 1528 1484 1644 1556; x_wconf 85' lang='lat' dir='ltr'>agmina</span> <span class='ocrx_word' id='word_1_152' title='bbox 1667 1501 1714 1538; x_wconf 90' lang='lat' dir='ltr'>sn-</span> 
     </span>
     <span class='ocr_line' id='line_1_15' title="bbox 85 1569 1714 1644; baseline -0.001 -18"><span class='ocrx_word' id='word_1_153' title='bbox 85 1578 130 1628; x_wconf 91' lang='lat' dir='ltr'>.et</span> <span class='ocrx_word' id='word_1_154' title='bbox 143 1579 305 1627; x_wconf 88' lang='lat' dir='ltr'>sanctarum</span> <span class='ocrx_word' id='word_1_155' title='bbox 325 1572 418 1627; x_wconf 87' lang='lat' dir='ltr'>iorma</span> <span class='ocrx_word' id='word_1_156' title='bbox 430 1572 579 1627; x_wconf 87' lang='lat' dir='ltr'>virtutum.</span> <span class='ocrx_word' id='word_1_157' title='bbox 600 1572 670 1627; x_wconf 90' lang='lat' dir='ltr'>lude</span> <span class='ocrx_word' id='word_1_158' title='bbox 694 1589 815 1643; x_wconf 89' lang='lat' dir='ltr'>gemen-</span> <span class='ocrx_word' id='word_1_159' title='bbox 868 1589 1024 1644; x_wconf 84' lang='lat' dir='ltr'>paruarum</span> <span class='ocrx_word' id='word_1_160' title='bbox 1044 1572 1193 1636; x_wconf 84' lang='lat' dir='ltr'>virtutum,</span> <span class='ocrx_word' id='word_1_161' title='bbox 1209 1570 1349 1642; x_wconf 85' lang='lat' dir='ltr'>quinimo</span> <span class='ocrx_word' id='word_1_162' title='bbox 1365 1571 1449 1642; x_wconf 91' lang='lat' dir='ltr'>longe</span> <span class='ocrx_word' id='word_1_163' title='bbox 1460 1569 1637 1641; x_wconf 87' lang='lat' dir='ltr'>portendunt</span> <span class='ocrx_word' id='word_1_164' title='bbox 1650 1586 1714 1624; x_wconf 91' lang='lat' dir='ltr'>scu·</span> 
     </span>
     <span class='ocr_line' id='line_1_16' title="bbox 85 1658 1712 1732; baseline -0.002 -16"><span class='ocrx_word' id='word_1_165' title='bbox 85 1677 120 1716; x_wconf 89' lang='lat' dir='ltr'>ne</span> <span class='ocrx_word' id='word_1_166' title='bbox 135 1660 305 1728; x_wconf 85' lang='lat' dir='ltr'>virentibus,</span> <span class='ocrx_word' id='word_1_167' title='bbox 329 1661 398 1732; x_wconf 91' lang='lat' dir='ltr'>quia</span> <span class='ocrx_word' id='word_1_168' title='bbox 422 1662 498 1716; x_wconf 89' lang='lat' dir='ltr'>unde</span> <span class='ocrx_word' id='word_1_169' title='bbox 514 1661 546 1716; x_wconf 92' lang='lat' dir='ltr'>in</span> <span class='ocrx_word' id='word_1_170' title='bbox 569 1665 667 1716; x_wconf 89' lang='lat' dir='ltr'>sancta</span> <span class='ocrx_word' id='word_1_171' title='bbox 689 1661 815 1715; x_wconf 87' lang='lat' dir='ltr'>Ecclesia</span> <span class='ocrx_word' id='word_1_172' title='bbox 869 1667 931 1716; x_wconf 85' lang='lat' dir='ltr'>tum</span> <span class='ocrx_word' id='word_1_173' title='bbox 946 1665 1051 1716; x_wconf 82' lang='lat' dir='ltr'>sancire</span> <span class='ocrx_word' id='word_1_174' title='bbox 1068 1659 1240 1731; x_wconf 86' lang='lat' dir='ltr'>repulsionis</span> <span class='ocrx_word' id='word_1_175' title='bbox 1257 1658 1414 1713; x_wconf 87' lang='lat' dir='ltr'>illustrium</span> <span class='ocrx_word' id='word_1_176' title='bbox 1440 1658 1568 1714; x_wconf 77' lang='lat' dir='ltr'>defensio</span> <span class='ocrx_word' id='word_1_177' title='bbox 1583 1661 1712 1726; x_wconf 87' lang='lat' dir='ltr'>Petrum,</span> 
     </span>
     <span class='ocr_line' id='line_1_17' title="bbox 85 1729 1712 1822; baseline -0.002 -18"><span class='ocrx_word' id='word_1_178' title='bbox 85 1764 101 1804; x_wconf 90' lang='lat' dir='ltr'>n</span> <span class='ocrx_word' id='word_1_179' title='bbox 125 1755 201 1805; x_wconf 90' lang='lat' dir='ltr'>esset</span> <span class='ocrx_word' id='word_1_180' title='bbox 231 1751 383 1821; x_wconf 82' lang='lat' dir='ltr'>splendere</span> <span class='ocrx_word' id='word_1_181' title='bbox 408 1750 548 1805; x_wconf 89' lang='lat' dir='ltr'>bonorem</span> <span class='ocrx_word' id='word_1_182' title='bbox 574 1749 682 1822; x_wconf 88' lang='lat' dir='ltr'>gaudii,</span> <span class='ocrx_word' id='word_1_183' title='bbox 708 1749 743 1804; x_wconf 91' lang='lat' dir='ltr'>ab</span> <span class='ocrx_word' id='word_1_184' title='bbox 767 1750 812 1804; x_wconf 88' lang='lat' dir='ltr'>bis</span> <span class='ocrx_word' id='word_1_185' title='bbox 834 1729 1018 1805; x_wconf 83' lang='lat' dir='ltr'>Bconcordia</span> <span class='ocrx_word' id='word_1_186' title='bbox 1032 1765 1187 1814; x_wconf 88' lang='lat' dir='ltr'>canonum,</span> <span class='ocrx_word' id='word_1_187' title='bbox 1207 1747 1362 1802; x_wconf 86' lang='lat' dir='ltr'>auctoritas</span> <span class='ocrx_word' id='word_1_188' title='bbox 1383 1752 1413 1802; x_wconf 90' lang='lat' dir='ltr'>et</span> <span class='ocrx_word' id='word_1_189' title='bbox 1432 1747 1551 1803; x_wconf 85' lang='lat' dir='ltr'>victoria</span> <span class='ocrx_word' id='word_1_190' title='bbox 1574 1747 1712 1802; x_wconf 81' lang='lat' dir='ltr'>excellen-</span> 
     </span>
     <span class='ocr_line' id='line_1_18' title="bbox 85 1835 1709 1909; baseline -0.002 -17"><span class='ocrx_word' id='word_1_191' title='bbox 85 1839 209 1894; x_wconf 83' lang='lat' dir='ltr'>snsultis</span> <span class='ocrx_word' id='word_1_192' title='bbox 224 1839 403 1893; x_wconf 81' lang='lat' dir='ltr'>volventibus</span> <span class='ocrx_word' id='word_1_193' title='bbox 424 1838 536 1893; x_wconf 77' lang='lat' dir='ltr'>saeculis</span> <span class='ocrx_word' id='word_1_194' title='bbox 560 1839 731 1893; x_wconf 89' lang='lat' dir='ltr'>oboriuntur</span> <span class='ocrx_word' id='word_1_195' title='bbox 753 1839 811 1892; x_wconf 89' lang='lat' dir='ltr'>im·</span> <span class='ocrx_word' id='word_1_196' title='bbox 866 1839 1043 1895; x_wconf 88' lang='lat' dir='ltr'>tissimorum</span> <span class='ocrx_word' id='word_1_197' title='bbox 1055 1838 1227 1904; x_wconf 84' lang='lat' dir='ltr'>antistitum,</span> <span class='ocrx_word' id='word_1_198' title='bbox 1252 1852 1304 1909; x_wconf 88' lang='lat' dir='ltr'>por</span> <span class='ocrx_word' id='word_1_199' title='bbox 1323 1835 1477 1892; x_wconf 85' lang='lat' dir='ltr'>Christiani</span> <span class='ocrx_word' id='word_1_200' title='bbox 1494 1835 1620 1891; x_wconf 91' lang='lat' dir='ltr'>nominis</span> <span class='ocrx_word' id='word_1_201' title='bbox 1634 1835 1709 1889; x_wconf 93' lang='lat' dir='ltr'>limi-</span> 
     </span>
     <span class='ocr_line' id='line_1_19' title="bbox 85 1924 1714 1998; baseline -0.002 -15"><span class='ocrx_word' id='word_1_202' title='bbox 85 1927 252 1983; x_wconf 86' lang='lat' dir='ltr'>detrimentn</span> <span class='ocrx_word' id='word_1_203' title='bbox 275 1926 421 1982; x_wconf 59' lang='lat' dir='ltr'>scandali„</span> <span class='ocrx_word' id='word_1_204' title='bbox 439 1927 469 1982; x_wconf 88' lang='lat' dir='ltr'>Si</span> <span class='ocrx_word' id='word_1_205' title='bbox 495 1927 573 1981; x_wconf 90' lang='lat' dir='ltr'>enim</span> <span class='ocrx_word' id='word_1_206' title='bbox 600 1928 709 1982; x_wconf 85' lang='lat' dir='ltr'>ferrum</span> <span class='ocrx_word' id='word_1_207' title='bbox 734 1928 811 1982; x_wconf 81' lang='lat' dir='ltr'>ferro</span> <span class='ocrx_word' id='word_1_208' title='bbox 865 1935 925 1983; x_wconf 88' lang='lat' dir='ltr'>tem</span> <span class='ocrx_word' id='word_1_209' title='bbox 940 1928 971 1983; x_wconf 91' lang='lat' dir='ltr'>in</span> <span class='ocrx_word' id='word_1_210' title='bbox 983 1929 1096 1983; x_wconf 90' lang='lat' dir='ltr'>theoria</span> <span class='ocrx_word' id='word_1_211' title='bbox 1111 1926 1263 1997; x_wconf 77' lang='lat' dir='ltr'>ninguitlce</span> <span class='ocrx_word' id='word_1_212' title='bbox 1286 1925 1479 1998; x_wconf 90' lang='lat' dir='ltr'>vulgatorum,</span> <span class='ocrx_word' id='word_1_213' title='bbox 1505 1924 1590 1979; x_wconf 81' lang='lat' dir='ltr'>serbo</span> <span class='ocrx_word' id='word_1_214' title='bbox 1612 1941 1644 1979; x_wconf 90' lang='lat' dir='ltr'>sc</span> <span class='ocrx_word' id='word_1_215' title='bbox 1662 1924 1714 1979; x_wconf 91' lang='lat' dir='ltr'>do·</span> 
     </span>
     <span class='ocr_line' id='line_1_20' title="bbox 85 2014 1711 2087; baseline -0.004 -14"><span class='ocrx_word' id='word_1_216' title='bbox 85 2063 86 2074; x_wconf 69' lang='grc'>,</span> <span class='ocrx_word' id='word_1_217' title='bbox 102 2031 261 2086; x_wconf 91' lang='lat' dir='ltr'>congruum</span> <span class='ocrx_word' id='word_1_218' title='bbox 275 2019 349 2069; x_wconf 89' lang='lat' dir='ltr'>esset</span> <span class='ocrx_word' id='word_1_219' title='bbox 366 2020 398 2070; x_wconf 92' lang='lat' dir='ltr'>ut</span> <span class='ocrx_word' id='word_1_220' title='bbox 411 2016 507 2071; x_wconf 84' lang='lat' dir='ltr'>Graeca</span> <span class='ocrx_word' id='word_1_221' title='bbox 522 2015 620 2087; x_wconf 88' lang='lat' dir='ltr'>lingua</span> <span class='ocrx_word' id='word_1_222' title='bbox 635 2032 652 2069; x_wconf 93' lang='lat' dir='ltr'>a</span> <span class='ocrx_word' id='word_1_223' title='bbox 670 2031 738 2069; x_wconf 85' lang='lat' dir='ltr'>vero</span> <span class='ocrx_word' id='word_1_224' title='bbox 753 2031 811 2069; x_wconf 92' lang='lat' dir='ltr'>non</span> <span class='ocrx_word' id='word_1_225' title='bbox 866 2018 957 2073; x_wconf 90' lang='lat' dir='ltr'>ctrina</span> <span class='ocrx_word' id='word_1_226' title='bbox 971 2018 1057 2073; x_wconf 82' lang='lat' dir='ltr'>coslus</span> <span class='ocrx_word' id='word_1_227' title='bbox 1077 2015 1317 2085; x_wconf 89' lang='lat' dir='ltr'>contingentium.</span> <span class='ocrx_word' id='word_1_228' title='bbox 1347 2016 1379 2069; x_wconf 96' lang='lat' dir='ltr'>ln</span> <span class='ocrx_word' id='word_1_229' title='bbox 1405 2014 1459 2068; x_wconf 91' lang='lat' dir='ltr'>hoc</span> <span class='ocrx_word' id='word_1_230' title='bbox 1475 2014 1541 2068; x_wconf 90' lang='lat' dir='ltr'>lorti</span> <span class='ocrx_word' id='word_1_231' title='bbox 1556 2029 1711 2085; x_wconf 88' lang='lat' dir='ltr'>congressu</span> 
     </span>
     <span class='ocr_line' id='line_1_21' title="bbox 85 2101 1713 2176; baseline -0.002 -17"><span class='ocrx_word' id='word_1_232' title='bbox 85 2110 151 2171; x_wconf 81' lang='lat' dir='ltr'>iret,</span> <span class='ocrx_word' id='word_1_233' title='bbox 173 2104 203 2158; x_wconf 92' lang='lat' dir='ltr'>in</span> <span class='ocrx_word' id='word_1_234' title='bbox 222 2120 280 2176; x_wconf 88' lang='lat' dir='ltr'>qno</span> <span class='ocrx_word' id='word_1_235' title='bbox 307 2103 406 2159; x_wconf 88' lang='lat' dir='ltr'>Latina</span> <span class='ocrx_word' id='word_1_236' title='bbox 426 2119 560 2158; x_wconf 89' lang='lat' dir='ltr'>normam</span> <span class='ocrx_word' id='word_1_237' title='bbox 583 2104 731 2158; x_wconf 74' lang='lat' dir='ltr'>catholicae</span> <span class='ocrx_word' id='word_1_238' title='bbox 745 2103 812 2159; x_wconf 92' lang='lat' dir='ltr'>lidei</span> <span class='ocrx_word' id='word_1_239' title='bbox 866 2106 1033 2161; x_wconf 76' lang='lat' dir='ltr'>uenierunt</span> <span class='ocrx_word' id='word_1_240' title='bbox 1057 2104 1159 2158; x_wconf 81' lang='lat' dir='ltr'>serilla</span> <span class='ocrx_word' id='word_1_241' title='bbox 1177 2104 1294 2168; x_wconf 89' lang='lat' dir='ltr'>tirones,</span> <span class='ocrx_word' id='word_1_242' title='bbox 1311 2118 1363 2156; x_wconf 88' lang='lat' dir='ltr'>nec</span> <span class='ocrx_word' id='word_1_243' title='bbox 1385 2101 1503 2172; x_wconf 80' lang='lat' dir='ltr'>fatigata</span> <span class='ocrx_word' id='word_1_244' title='bbox 1515 2101 1713 2157; x_wconf 82' lang='lat' dir='ltr'>brachiaell&#39;s·</span> 
     </span>
     <span class='ocr_line' id='line_1_22' title="bbox 85 2190 1712 2261; baseline -0.001 -16"><span class='ocrx_word' id='word_1_245' title='bbox 85 2191 203 2246; x_wconf 87' lang='lat' dir='ltr'>nbiliter</span> <span class='ocrx_word' id='word_1_246' title='bbox 219 2195 307 2245; x_wconf 89' lang='lat' dir='ltr'>tenet.</span> <span class='ocrx_word' id='word_1_247' title='bbox 865 2201 931 2249; x_wconf 89' lang='lat' dir='ltr'>rent</span> <span class='ocrx_word' id='word_1_248' title='bbox 945 2192 1059 2248; x_wconf 89' lang='lat' dir='ltr'>emeriti</span> <span class='ocrx_word' id='word_1_249' title='bbox 1076 2208 1169 2260; x_wconf 90' lang='lat' dir='ltr'>senes,</span> <span class='ocrx_word' id='word_1_250' title='bbox 1192 2192 1240 2246; x_wconf 91' lang='lat' dir='ltr'>sed</span> <span class='ocrx_word' id='word_1_251' title='bbox 1264 2191 1373 2246; x_wconf 90' lang='lat' dir='ltr'>delecta</span> <span class='ocrx_word' id='word_1_252' title='bbox 1393 2190 1502 2244; x_wconf 85' lang='lat' dir='ltr'>viribus</span> <span class='ocrx_word' id='word_1_253' title='bbox 1519 2190 1665 2261; x_wconf 85' lang='lat' dir='ltr'>juventus,</span> <span class='ocrx_word' id='word_1_254' title='bbox 1684 2191 1712 2243; x_wconf 90' lang='lat' dir='ltr'>id</span> 
     </span>
     <span class='ocr_line' id='line_1_23' title="bbox 85 2276 1711 2351; baseline -0.001 -19"><span class='ocrx_word' id='word_1_255' title='bbox 85 2284 137 2335; x_wconf 90' lang='lat' dir='ltr'>unt</span> <span class='ocrx_word' id='word_1_256' title='bbox 152 2295 220 2350; x_wconf 92' lang='lat' dir='ltr'>ergo</span> <span class='ocrx_word' id='word_1_257' title='bbox 236 2277 390 2348; x_wconf 82' lang='lat' dir='ltr'>soperssuae</span> <span class='ocrx_word' id='word_1_258' title='bbox 415 2276 587 2348; x_wconf 76' lang='lat' dir='ltr'>quaestiones</span> <span class='ocrx_word' id='word_1_259' title='bbox 608 2279 642 2332; x_wconf 89' lang='lat' dir='ltr'>ed</span> <span class='ocrx_word' id='word_1_260' title='bbox 665 2278 812 2334; x_wconf 78' lang='lat' dir='ltr'>saecularia</span> <span class='ocrx_word' id='word_1_261' title='bbox 866 2283 953 2338; x_wconf 85' lang='lat' dir='ltr'>estin</span> <span class='ocrx_word' id='word_1_262' title='bbox 975 2282 1041 2337; x_wconf 90' lang='lat' dir='ltr'>lidei</span> <span class='ocrx_word' id='word_1_263' title='bbox 1066 2281 1169 2336; x_wconf 83' lang='lat' dir='ltr'>Christi</span> <span class='ocrx_word' id='word_1_264' title='bbox 1194 2278 1410 2351; x_wconf 83' lang='lat' dir='ltr'>perfectissimis</span> <span class='ocrx_word' id='word_1_265' title='bbox 1432 2284 1548 2333; x_wconf 89' lang='lat' dir='ltr'>utentes</span> <span class='ocrx_word' id='word_1_266' title='bbox 1571 2279 1711 2343; x_wconf 85' lang='lat' dir='ltr'>sensibus,</span> 
     </span>
     <span class='ocr_line' id='line_1_24' title="bbox 85 2366 1712 2441; baseline -0.001 -18"><span class='ocrx_word' id='word_1_267' title='bbox 85 2384 162 2440; x_wconf 79' lang='lat' dir='ltr'>[uem</span> <span class='ocrx_word' id='word_1_268' title='bbox 176 2368 211 2422; x_wconf 90' lang='lat' dir='ltr'>ad</span> <span class='ocrx_word' id='word_1_269' title='bbox 227 2366 368 2438; x_wconf 82' lang='lat' dir='ltr'>spiritalia</span> <span class='ocrx_word' id='word_1_270' title='bbox 382 2367 543 2434; x_wconf 88' lang='lat' dir='ltr'>tendentes,</span> <span class='ocrx_word' id='word_1_271' title='bbox 561 2382 698 2438; x_wconf 77' lang='lat' dir='ltr'>quianon</span> <span class='ocrx_word' id='word_1_272' title='bbox 713 2369 812 2422; x_wconf 88' lang='lat' dir='ltr'>viden·</span> <span class='ocrx_word' id='word_1_273' title='bbox 867 2371 995 2426; x_wconf 86' lang='lat' dir='ltr'>exomni</span> <span class='ocrx_word' id='word_1_274' title='bbox 1020 2377 1099 2441; x_wconf 89' lang='lat' dir='ltr'>parte</span> <span class='ocrx_word' id='word_1_275' title='bbox 1122 2370 1210 2423; x_wconf 88' lang='lat' dir='ltr'>armis</span> <span class='ocrx_word' id='word_1_276' title='bbox 1234 2384 1380 2422; x_wconf 87' lang='lat' dir='ltr'>sacrorum</span> <span class='ocrx_word' id='word_1_277' title='bbox 1404 2368 1571 2439; x_wconf 87' lang='lat' dir='ltr'>dogmatum</span> <span class='ocrx_word' id='word_1_278' title='bbox 1603 2368 1712 2422; x_wconf 88' lang='lat' dir='ltr'>munita</span> 
     </span>
     <span class='ocr_line' id='line_1_25' title="bbox 85 2453 1710 2531; baseline -0.002 -19"><span class='ocrx_word' id='word_1_279' title='bbox 85 2456 181 2512; x_wconf 82' lang='lat' dir='ltr'>sedere</span> <span class='ocrx_word' id='word_1_280' title='bbox 195 2455 231 2510; x_wconf 89' lang='lat' dir='ltr'>ab</span> <span class='ocrx_word' id='word_1_281' title='bbox 246 2453 423 2526; x_wconf 79' lang='lat' dir='ltr'>experientia</span> <span class='ocrx_word' id='word_1_282' title='bbox 446 2454 543 2525; x_wconf 87' lang='lat' dir='ltr'>magni</span> <span class='ocrx_word' id='word_1_283' title='bbox 566 2455 739 2521; x_wconf 85' lang='lat' dir='ltr'>intellectus,</span> <span class='ocrx_word' id='word_1_284' title='bbox 763 2456 812 2511; x_wconf 90' lang='lat' dir='ltr'>sed</span> <span class='ocrx_word' id='word_1_285' title='bbox 867 2477 987 2531; x_wconf 89' lang='lat' dir='ltr'>corpora</span> <span class='ocrx_word' id='word_1_286' title='bbox 1002 2464 1169 2529; x_wconf 80' lang='lat' dir='ltr'>urentesque</span> <span class='ocrx_word' id='word_1_287' title='bbox 1183 2458 1318 2524; x_wconf 84' lang='lat' dir='ltr'>ferentes,</span> <span class='ocrx_word' id='word_1_288' title='bbox 1339 2456 1445 2528; x_wconf 89' lang='lat' dir='ltr'>inclyta</span> <span class='ocrx_word' id='word_1_289' title='bbox 1466 2457 1606 2511; x_wconf 85' lang='lat' dir='ltr'>lacessent</span> <span class='ocrx_word' id='word_1_290' title='bbox 1626 2455 1710 2523; x_wconf 89' lang='lat' dir='ltr'>bella,</span> 
     </span>
     <span class='ocr_line' id='line_1_26' title="bbox 87 2542 1712 2616; baseline 0 -17"><span class='ocrx_word' id='word_1_291' title='bbox 87 2544 368 2616; x_wconf 89' lang='lat' dir='ltr'>reprehensibilitate</span> <span class='ocrx_word' id='word_1_292' title='bbox 384 2542 534 2597; x_wconf 85' lang='lat' dir='ltr'>exterioris</span> <span class='ocrx_word' id='word_1_293' title='bbox 551 2559 660 2597; x_wconf 87' lang='lat' dir='ltr'>sensns.</span> <span class='ocrx_word' id='word_1_294' title='bbox 674 2544 745 2599; x_wconf 92' lang='lat' dir='ltr'>lllod</span> <span class='ocrx_word' id='word_1_295' title='bbox 761 2544 813 2598; x_wconf 90' lang='lat' dir='ltr'>ita·</span> <span class='ocrx_word' id='word_1_296' title='bbox 866 2554 895 2603; x_wconf 88' lang='lat' dir='ltr'>et</span> <span class='ocrx_word' id='word_1_297' title='bbox 914 2547 1036 2602; x_wconf 86' lang='lat' dir='ltr'>Domino</span> <span class='ocrx_word' id='word_1_298' title='bbox 1064 2548 1175 2601; x_wconf 84' lang='lat' dir='ltr'>favente</span> <span class='ocrx_word' id='word_1_299' title='bbox 1201 2546 1323 2600; x_wconf 84' lang='lat' dir='ltr'>victores</span> <span class='ocrx_word' id='word_1_300' title='bbox 1351 2545 1484 2600; x_wconf 84' lang='lat' dir='ltr'>existent.</span> <span class='ocrx_word' id='word_1_301' title='bbox 1517 2545 1589 2615; x_wconf 86' lang='lat' dir='ltr'>Lege</span> <span class='ocrx_word' id='word_1_302' title='bbox 1616 2549 1712 2599; x_wconf 91' lang='lat' dir='ltr'>autem</span> 
     </span>
     <span class='ocr_line' id='line_1_27' title="bbox 85 2631 1713 2708; baseline 0 -21"><span class='ocrx_word' id='word_1_303' title='bbox 85 2648 165 2704; x_wconf 89' lang='lat' dir='ltr'>sgus,</span> <span class='ocrx_word' id='word_1_304' title='bbox 180 2638 211 2686; x_wconf 88' lang='lat' dir='ltr'>ut</span> <span class='ocrx_word' id='word_1_305' title='bbox 228 2633 360 2702; x_wconf 89' lang='lat' dir='ltr'>jactator,</span> <span class='ocrx_word' id='word_1_306' title='bbox 375 2631 497 2702; x_wconf 92' lang='lat' dir='ltr'>insignis</span> <span class='ocrx_word' id='word_1_307' title='bbox 531 2631 706 2702; x_wconf 75' lang='lat' dir='ltr'>eloquentie</span> <span class='ocrx_word' id='word_1_308' title='bbox 725 2631 812 2687; x_wconf 83' lang='lat' dir='ltr'>infert</span> <span class='ocrx_word' id='word_1_309' title='bbox 866 2635 1071 2708; x_wconf 88' lang='lat' dir='ltr'>triumphantis</span> <span class='ocrx_word' id='word_1_310' title='bbox 1086 2641 1200 2705; x_wconf 87' lang='lat' dir='ltr'>peracto</span> <span class='ocrx_word' id='word_1_311' title='bbox 1220 2632 1387 2699; x_wconf 87' lang='lat' dir='ltr'>certamine,</span> <span class='ocrx_word' id='word_1_312' title='bbox 1414 2632 1482 2688; x_wconf 93' lang='lat' dir='ltr'>dum</span> <span class='ocrx_word' id='word_1_313' title='bbox 1506 2633 1616 2687; x_wconf 86' lang='lat' dir='ltr'>lassatis</span> <span class='ocrx_word' id='word_1_314' title='bbox 1631 2633 1713 2704; x_wconf 86' lang='lat' dir='ltr'>quasi</span> 
     </span>
     <span class='ocr_line' id='line_1_28' title="bbox 85 2720 1713 2794; baseline -0.001 -18"><span class='ocrx_word' id='word_1_315' title='bbox 85 2739 102 2776; x_wconf 85' lang='lat' dir='ltr'>s</span> <span class='ocrx_word' id='word_1_316' title='bbox 125 2722 252 2776; x_wconf 85' lang='lat' dir='ltr'>auribus.</span> <span class='ocrx_word' id='word_1_317' title='bbox 281 2721 373 2786; x_wconf 78' lang='lat' dir='ltr'>Quare</span> <span class='ocrx_word' id='word_1_318' title='bbox 384 2721 523 2791; x_wconf 90' lang='lat' dir='ltr'>Spiritum</span> <span class='ocrx_word' id='word_1_319' title='bbox 544 2726 705 2775; x_wconf 88' lang='lat' dir='ltr'>sanctuma</span> <span class='ocrx_word' id='word_1_320' title='bbox 730 2723 811 2775; x_wconf 88' lang='lat' dir='ltr'>Patre</span> <span class='ocrx_word' id='word_1_321' title='bbox 866 2724 1003 2778; x_wconf 88' lang='lat' dir='ltr'>membris</span> <span class='ocrx_word' id='word_1_322' title='bbox 1017 2723 1201 2794; x_wconf 84' lang='lat' dir='ltr'>refrigerium</span> <span class='ocrx_word' id='word_1_323' title='bbox 1226 2721 1455 2777; x_wconf 89' lang='lat' dir='ltr'>subministrabit</span> <span class='ocrx_word' id='word_1_324' title='bbox 1474 2720 1597 2792; x_wconf 86' lang='lat' dir='ltr'>Spiritus</span> <span class='ocrx_word' id='word_1_325' title='bbox 1621 2720 1713 2775; x_wconf 86' lang='lat' dir='ltr'>sancti</span> 
     </span>
     <span class='ocr_line' id='line_1_29' title="bbox 92 2809 1710 2884; baseline -0.001 -19"><span class='ocrx_word' id='word_1_326' title='bbox 92 2810 283 2882; x_wconf 84' lang='lat' dir='ltr'>profiteamur</span> <span class='ocrx_word' id='word_1_327' title='bbox 299 2810 463 2880; x_wconf 89' lang='lat' dir='ltr'>procedere,</span> <span class='ocrx_word' id='word_1_328' title='bbox 480 2815 507 2863; x_wconf 88' lang='lat' dir='ltr'>et</span> <span class='ocrx_word' id='word_1_329' title='bbox 522 2825 581 2863; x_wconf 92' lang='lat' dir='ltr'>non</span> <span class='ocrx_word' id='word_1_330' title='bbox 598 2828 613 2863; x_wconf 92' lang='lat' dir='ltr'>a</span> <span class='ocrx_word' id='word_1_331' title='bbox 636 2812 696 2864; x_wconf 92' lang='lat' dir='ltr'>solo</span> <span class='ocrx_word' id='word_1_332' title='bbox 718 2811 810 2877; x_wconf 84' lang='lat' dir='ltr'>Patre,</span> <span class='ocrx_word' id='word_1_333' title='bbox 867 2814 991 2880; x_wconf 77' lang='lat' dir='ltr'>albatus,</span> <span class='ocrx_word' id='word_1_334' title='bbox 1005 2812 1089 2884; x_wconf 88' lang='lat' dir='ltr'>potiti</span> <span class='ocrx_word' id='word_1_335' title='bbox 1104 2814 1171 2865; x_wconf 85' lang='lat' dir='ltr'>roto</span> <span class='ocrx_word' id='word_1_336' title='bbox 1192 2810 1393 2881; x_wconf 86' lang='lat' dir='ltr'>gloriosissimi</span> <span class='ocrx_word' id='word_1_337' title='bbox 1415 2809 1531 2876; x_wconf 86' lang='lat' dir='ltr'>milites,</span> <span class='ocrx_word' id='word_1_338' title='bbox 1546 2813 1574 2864; x_wconf 91' lang='lat' dir='ltr'>et</span> <span class='ocrx_word' id='word_1_339' title='bbox 1589 2809 1624 2863; x_wconf 93' lang='lat' dir='ltr'>ob</span> <span class='ocrx_word' id='word_1_340' title='bbox 1638 2824 1710 2881; x_wconf 87' lang='lat' dir='ltr'>ago·</span> 
     </span>
     <span class='ocr_line' id='line_1_30' title="bbox 85 2897 1712 2972; baseline -0.001 -19"><span class='ocrx_word' id='word_1_341' title='bbox 85 2913 169 2972; x_wconf 73' lang='lat' dir='ltr'>{uere</span> <span class='ocrx_word' id='word_1_342' title='bbox 198 2899 228 2953; x_wconf 93' lang='lat' dir='ltr'>in</span> <span class='ocrx_word' id='word_1_343' title='bbox 255 2898 385 2953; x_wconf 86' lang='lat' dir='ltr'>Sabbatis</span> <span class='ocrx_word' id='word_1_344' title='bbox 406 2899 549 2969; x_wconf 83' lang='lat' dir='ltr'>jejunium</span> <span class='ocrx_word' id='word_1_345' title='bbox 572 2914 762 2966; x_wconf 79' lang='lat' dir='ltr'>exerceamus,</span> <span class='ocrx_word' id='word_1_346' title='bbox 783 2904 812 2953; x_wconf 89' lang='lat' dir='ltr'>st</span> <span class='ocrx_word' id='word_1_347' title='bbox 865 2901 944 2955; x_wconf 90' lang='lat' dir='ltr'>niam</span> <span class='ocrx_word' id='word_1_348' title='bbox 957 2900 1061 2954; x_wconf 83' lang='lat' dir='ltr'>eximie</span> <span class='ocrx_word' id='word_1_349' title='bbox 1079 2902 1216 2968; x_wconf 76' lang='lat' dir='ltr'>letantes,</span> <span class='ocrx_word' id='word_1_350' title='bbox 1234 2900 1268 2953; x_wconf 91' lang='lat' dir='ltr'>ad</span> <span class='ocrx_word' id='word_1_351' title='bbox 1284 2899 1369 2954; x_wconf 88' lang='lat' dir='ltr'>coelos</span> <span class='ocrx_word' id='word_1_352' title='bbox 1384 2897 1712 2970; x_wconf 87' lang='lat' dir='ltr'>porrigentconspicuos</span> 
     </span>
     <span class='ocr_line' id='line_1_31' title="bbox 85 2985 1712 3077; baseline -0.001 -36"><span class='ocrx_word' id='word_1_353' title='bbox 85 2987 113 3043; x_wconf 82' lang='lat' dir='ltr'>rb</span> <span class='ocrx_word' id='word_1_354' title='bbox 136 2986 230 3041; x_wconf 87' lang='lat' dir='ltr'>allicio</span> <span class='ocrx_word' id='word_1_355' title='bbox 256 2988 488 3058; x_wconf 85' lang='lat' dir='ltr'>presbyterorum</span> <span class='ocrx_word' id='word_1_356' title='bbox 512 2988 629 3058; x_wconf 86' lang='lat' dir='ltr'>nuptias</span> <span class='ocrx_word' id='word_1_357' title='bbox 652 3004 808 3042; x_wconf 89' lang='lat' dir='ltr'>arceamus.</span> <span class='ocrx_word' id='word_1_358' title='bbox 830 2989 970 3077; x_wconf 72' lang='lat' dir='ltr'>conitus,</span> <span class='ocrx_word' id='word_1_359' title='bbox 987 2988 1058 3059; x_wconf 85' lang='lat' dir='ltr'>llegi</span> <span class='ocrx_word' id='word_1_360' title='bbox 1072 3005 1174 3059; x_wconf 91' lang='lat' dir='ltr'>regum</span> <span class='ocrx_word' id='word_1_361' title='bbox 1190 2987 1363 3043; x_wconf 89' lang='lat' dir='ltr'>dominatori</span> <span class='ocrx_word' id='word_1_362' title='bbox 1384 3002 1435 3040; x_wconf 90' lang='lat' dir='ltr'>suo</span> <span class='ocrx_word' id='word_1_363' title='bbox 1459 2985 1551 3040; x_wconf 90' lang='lat' dir='ltr'>laudis</span> <span class='ocrx_word' id='word_1_364' title='bbox 1566 2985 1712 3054; x_wconf 82' lang='lat' dir='ltr'>praeconia</span> 
     </span>
     <span class='ocr_line' id='line_1_32' title="bbox 93 3075 1712 3148; baseline -0.002 -17"><span class='ocrx_word' id='word_1_365' title='bbox 93 3075 180 3131; x_wconf 85' lang='lat' dir='ltr'>etiam</span> <span class='ocrx_word' id='word_1_366' title='bbox 197 3091 285 3147; x_wconf 80' lang='lat' dir='ltr'>quare</span> <span class='ocrx_word' id='word_1_367' title='bbox 301 3076 462 3148; x_wconf 88' lang='lat' dir='ltr'>presbyteri</span> <span class='ocrx_word' id='word_1_368' title='bbox 479 3076 646 3131; x_wconf 84' lang='lat' dir='ltr'>Latinorum</span> <span class='ocrx_word' id='word_1_369' title='bbox 656 3077 809 3131; x_wconf 89' lang='lat' dir='ltr'>inhibean·</span> <span class='ocrx_word' id='word_1_370' title='bbox 863 3079 1073 3132; x_wconf 88' lang='lat' dir='ltr'>acclamantes:</span> <span class='ocrx_word' id='word_1_371' title='bbox 1092 3080 1220 3131; x_wconf 81' lang='lat' dir='ltr'>Dmuinns</span> <span class='ocrx_word' id='word_1_372' title='bbox 1236 3078 1318 3143; x_wconf 75' lang='lat' dir='ltr'>fortis</span> <span class='ocrx_word' id='word_1_373' title='bbox 1332 3080 1358 3130; x_wconf 88' lang='lat' dir='ltr'>et</span> <span class='ocrx_word' id='word_1_374' title='bbox 1376 3079 1483 3144; x_wconf 83' lang='lat' dir='ltr'>potens,</span> <span class='ocrx_word' id='word_1_375' title='bbox 1508 3077 1639 3130; x_wconf 81' lang='lat' dir='ltr'>Dominus</span> <span class='ocrx_word' id='word_1_376' title='bbox 1659 3090 1712 3144; x_wconf 84' lang='lat' dir='ltr'>po-</span> 
     </span>
     <span class='ocr_line' id='line_1_33' title="bbox 85 3163 1712 3236; baseline -0.002 -18"><span class='ocrx_word' id='word_1_377' title='bbox 85 3163 353 3235; x_wconf 84' lang='lat' dir='ltr'>iesbaptizatorum</span> <span class='ocrx_word' id='word_1_378' title='bbox 370 3164 712 3231; x_wconf 86' lang='lat' dir='ltr'>chrismatalinire,cum</span> <span class='ocrx_word' id='word_1_379' title='bbox 731 3166 809 3219; x_wconf 89' lang='lat' dir='ltr'>locus</span> <span class='ocrx_word' id='word_1_380' title='bbox 864 3167 1075 3236; x_wconf 75' lang='lat' dir='ltr'>lensinpraclio</span> <span class='ocrx_word' id='word_1_381' title='bbox 1096 3167 1180 3236; x_wconf 75' lang='lat' dir='ltr'>(Psoi.</span> <span class='ocrx_word' id='word_1_382' title='bbox 1209 3181 1287 3231; x_wconf 78' lang='lat' dir='ltr'>arur,</span> <span class='ocrx_word' id='word_1_383' title='bbox 1313 3167 1350 3229; x_wconf 85' lang='grc'>8).</span> <span class='ocrx_word' id='word_1_384' title='bbox 1382 3164 1431 3217; x_wconf 79' lang='lat' dir='ltr'>Et:</span> <span class='ocrx_word' id='word_1_385' title='bbox 1460 3164 1591 3217; x_wconf 82' lang='lat' dir='ltr'>Dominus</span> <span class='ocrx_word' id='word_1_386' title='bbox 1620 3166 1712 3215; x_wconf 84' lang='lat' dir='ltr'>uirtu-</span> 
     </span>
     <span class='ocr_line' id='line_1_34' title="bbox 85 3250 1737 3326; baseline -0.004 -17"><span class='ocrx_word' id='word_1_387' title='bbox 85 3253 151 3309; x_wconf 88' lang='lat' dir='ltr'>sudi</span> <span class='ocrx_word' id='word_1_388' title='bbox 165 3254 195 3309; x_wconf 92' lang='lat' dir='ltr'>iu</span> <span class='ocrx_word' id='word_1_389' title='bbox 217 3254 312 3308; x_wconf 79' lang='lat' dir='ltr'>fronte</span> <span class='ocrx_word' id='word_1_390' title='bbox 328 3253 443 3324; x_wconf 88' lang='lat' dir='ltr'>proprie</span> <span class='ocrx_word' id='word_1_391' title='bbox 459 3253 495 3306; x_wconf 92' lang='lat' dir='ltr'>sit</span> <span class='ocrx_word' id='word_1_392' title='bbox 511 3253 720 3324; x_wconf 87' lang='lat' dir='ltr'>episcoporum,</span> <span class='ocrx_word' id='word_1_393' title='bbox 737 3259 766 3307; x_wconf 90' lang='lat' dir='ltr'>et</span> <span class='ocrx_word' id='word_1_394' title='bbox 779 3253 808 3307; x_wconf 91' lang='lat' dir='ltr'>in</span> <span class='ocrx_word' id='word_1_395' title='bbox 863 3258 1045 3326; x_wconf 81' lang='lat' dir='ltr'>turnipseesi</span> <span class='ocrx_word' id='word_1_396' title='bbox 1067 3271 1117 3308; x_wconf 82' lang='lat' dir='ltr'>ren</span> <span class='ocrx_word' id='word_1_397' title='bbox 1140 3255 1234 3322; x_wconf 73' lang='lat' dir='ltr'>picria</span> <span class='ocrx_word' id='word_1_398' title='bbox 1265 3252 1356 3321; x_wconf 80' lang='lat' dir='ltr'>(ibid,</span> <span class='ocrx_word' id='word_1_399' title='bbox 1387 3253 1439 3319; x_wconf 76' lang='lat' dir='ltr'>lo).</span> <span class='ocrx_word' id='word_1_400' title='bbox 1468 3254 1504 3304; x_wconf 76' lang='lat' dir='ltr'>At</span> <span class='ocrx_word' id='word_1_401' title='bbox 1526 3250 1737 3304; x_wconf 72' lang='lat' dir='ltr'>seroexhila-&#39;</span> 
     </span>
     <span class='ocr_line' id='line_1_35' title="bbox 103 3337 1709 3413; baseline -0.004 -16"><span class='ocrx_word' id='word_1_402' title='bbox 103 3342 349 3413; x_wconf 87' lang='lat' dir='ltr'>presbyterorum.</span> <span class='ocrx_word' id='word_1_403' title='bbox 384 3343 454 3396; x_wconf 92' lang='lat' dir='ltr'>ltem</span> <span class='ocrx_word' id='word_1_404' title='bbox 479 3342 660 3397; x_wconf 82' lang='lat' dir='ltr'>sciscitantur</span> <span class='ocrx_word' id='word_1_405' title='bbox 684 3358 773 3413; x_wconf 84' lang='lat' dir='ltr'>quare</span> <span class='ocrx_word' id='word_1_406' title='bbox 792 3360 809 3397; x_wconf 93' lang='lat' dir='ltr'>a</span> <span class='ocrx_word' id='word_1_407' title='bbox 862 3350 942 3399; x_wconf 89' lang='lat' dir='ltr'>ratus</span> <span class='ocrx_word' id='word_1_408' title='bbox 957 3346 1041 3399; x_wconf 89' lang='lat' dir='ltr'>Pater</span> <span class='ocrx_word' id='word_1_409' title='bbox 1055 3343 1142 3397; x_wconf 87' lang='lat' dir='ltr'>totius</span> <span class='ocrx_word' id='word_1_410' title='bbox 1163 3341 1304 3407; x_wconf 71' lang='lat' dir='ltr'>Ecclesiae,</span> <span class='ocrx_word' id='word_1_411' title='bbox 1325 3339 1488 3411; x_wconf 75' lang='lat' dir='ltr'>apostolicae</span> <span class='ocrx_word' id='word_1_412' title='bbox 1508 3339 1616 3392; x_wconf 90' lang='lat' dir='ltr'>scilicet</span> <span class='ocrx_word' id='word_1_413' title='bbox 1635 3337 1709 3392; x_wconf 85' lang='lat' dir='ltr'>sedis</span> 
     </span>
     <span class='ocr_line' id='line_1_36' title="bbox 85 3424 1709 3501; baseline -0.004 -16"><span class='ocrx_word' id='word_1_414' title='bbox 85 3447 92 3485; x_wconf 85' lang='grc' dir='ltr'>ι</span> <span class='ocrx_word' id='word_1_415' title='bbox 117 3445 168 3485; x_wconf 88' lang='lat' dir='ltr'>esu</span> <span class='ocrx_word' id='word_1_416' title='bbox 202 3435 265 3485; x_wconf 93' lang='lat' dir='ltr'>octo</span> <span class='ocrx_word' id='word_1_417' title='bbox 295 3430 522 3485; x_wconf 89' lang='lat' dir='ltr'>hebdomadibus</span> <span class='ocrx_word' id='word_1_418' title='bbox 546 3436 612 3485; x_wconf 85' lang='lat' dir='ltr'>ante</span> <span class='ocrx_word' id='word_1_419' title='bbox 638 3431 756 3496; x_wconf 85' lang='lat' dir='ltr'>Pascha,</span> <span class='ocrx_word' id='word_1_420' title='bbox 781 3435 810 3486; x_wconf 90' lang='lat' dir='ltr'>et</span> <span class='ocrx_word' id='word_1_421' title='bbox 863 3431 1044 3486; x_wconf 87' lang='lat' dir='ltr'>beatissimus</span> <span class='ocrx_word' id='word_1_422' title='bbox 1058 3428 1195 3501; x_wconf 80' lang='lat' dir='ltr'>pontifex,</span> <span class='ocrx_word' id='word_1_423' title='bbox 1222 3444 1288 3482; x_wconf 92' lang='lat' dir='ltr'>cum</span> <span class='ocrx_word' id='word_1_424' title='bbox 1303 3429 1392 3482; x_wconf 86' lang='lat' dir='ltr'>Paulo</span> <span class='ocrx_word' id='word_1_425' title='bbox 1402 3426 1532 3497; x_wconf 89' lang='lat' dir='ltr'>apostolo</span> <span class='ocrx_word' id='word_1_426' title='bbox 1552 3425 1665 3494; x_wconf 85' lang='lat' dir='ltr'>erigens</span> <span class='ocrx_word' id='word_1_427' title='bbox 1680 3424 1709 3478; x_wconf 92' lang='lat' dir='ltr'>in</span> 
     </span>
     <span class='ocr_line' id='line_1_37' title="bbox 85 3513 1710 3589; baseline -0.006 -14"><span class='ocrx_word' id='word_1_428' title='bbox 85 3520 192 3575; x_wconf 78' lang='lat' dir='ltr'>anasei</span> <span class='ocrx_word' id='word_1_429' title='bbox 207 3525 237 3575; x_wconf 89' lang='lat' dir='ltr'>et</span> <span class='ocrx_word' id='word_1_430' title='bbox 251 3535 372 3574; x_wconf 85' lang='lat' dir='ltr'>ovorum</span> <span class='ocrx_word' id='word_1_431' title='bbox 393 3535 472 3573; x_wconf 90' lang='lat' dir='ltr'>more</span> <span class='ocrx_word' id='word_1_432' title='bbox 496 3535 547 3573; x_wconf 90' lang='lat' dir='ltr'>sno</span> <span class='ocrx_word' id='word_1_433' title='bbox 572 3535 631 3574; x_wconf 91' lang='lat' dir='ltr'>non</span> <span class='ocrx_word' id='word_1_434' title='bbox 654 3535 807 3575; x_wconf 90' lang='lat' dir='ltr'>cessamus.</span> <span class='ocrx_word' id='word_1_435' title='bbox 862 3519 977 3575; x_wconf 85' lang='lat' dir='ltr'>excelsis</span> <span class='ocrx_word' id='word_1_436' title='bbox 992 3524 1087 3589; x_wconf 84' lang='lat' dir='ltr'>capot,</span> <span class='ocrx_word' id='word_1_437' title='bbox 1103 3519 1164 3573; x_wconf 85' lang='lat' dir='ltr'>brec</span> <span class='ocrx_word' id='word_1_438' title='bbox 1178 3516 1263 3571; x_wconf 85' lang='lat' dir='ltr'>verba</span> <span class='ocrx_word' id='word_1_439' title='bbox 1288 3515 1445 3586; x_wconf 87' lang='lat' dir='ltr'>protectori</span> <span class='ocrx_word' id='word_1_440' title='bbox 1463 3515 1520 3569; x_wconf 86' lang='lat' dir='ltr'>lleo</span> <span class='ocrx_word' id='word_1_441' title='bbox 1543 3513 1710 3567; x_wconf 88' lang='lat' dir='ltr'>solemniter</span> 
     </span>
     <span class='ocr_line' id='line_1_38' title="bbox 86 3603 1708 3680; baseline -0.004 -19"><span class='ocrx_word' id='word_1_442' title='bbox 86 3612 120 3662; x_wconf 93' lang='lat' dir='ltr'>nt</span> <span class='ocrx_word' id='word_1_443' title='bbox 144 3613 285 3679; x_wconf 82' lang='lat' dir='ltr'>praeterea</span> <span class='ocrx_word' id='word_1_444' title='bbox 311 3623 362 3662; x_wconf 90' lang='lat' dir='ltr'>cnr</span> <span class='ocrx_word' id='word_1_445' title='bbox 391 3607 487 3662; x_wconf 91' lang='lat' dir='ltr'>clerici</span> <span class='ocrx_word' id='word_1_446' title='bbox 512 3607 615 3662; x_wconf 90' lang='lat' dir='ltr'>barbas</span> <span class='ocrx_word' id='word_1_447' title='bbox 644 3608 758 3675; x_wconf 90' lang='lat' dir='ltr'>radant,</span> <span class='ocrx_word' id='word_1_448' title='bbox 781 3616 809 3664; x_wconf 89' lang='lat' dir='ltr'>et</span> <span class='ocrx_word' id='word_1_449' title='bbox 862 3607 1046 3680; x_wconf 88' lang='lat' dir='ltr'>personabit:</span> <span class='ocrx_word' id='word_1_450' title='bbox 1068 3609 1199 3661; x_wconf 84' lang='lat' dir='ltr'>Dominus</span> <span class='ocrx_word' id='word_1_451' title='bbox 1216 3609 1306 3659; x_wconf 83' lang='lat' dir='ltr'>nutem</span> <span class='ocrx_word' id='word_1_452' title='bbox 1329 3604 1396 3658; x_wconf 79' lang='lat' dir='ltr'>inihi</span> <span class='ocrx_word' id='word_1_453' title='bbox 1417 3605 1508 3658; x_wconf 86' lang='lat' dir='ltr'>ostitit</span> <span class='ocrx_word' id='word_1_454' title='bbox 1527 3606 1552 3656; x_wconf 89' lang='lat' dir='ltr'>et</span> <span class='ocrx_word' id='word_1_455' title='bbox 1570 3603 1708 3668; x_wconf 69' lang='lat' dir='ltr'>consortu-</span> 
     </span>
     <span class='ocr_line' id='line_1_39' title="bbox 85 3690 1710 3768; baseline -0.005 -17"><span class='ocrx_word' id='word_1_456' title='bbox 85 3696 177 3752; x_wconf 86' lang='lat' dir='ltr'>ieconi</span> <span class='ocrx_word' id='word_1_457' title='bbox 196 3697 325 3751; x_wconf 91' lang='lat' dir='ltr'>nondum</span> <span class='ocrx_word' id='word_1_458' title='bbox 343 3703 473 3768; x_wconf 89' lang='lat' dir='ltr'>suscepto</span> <span class='ocrx_word' id='word_1_459' title='bbox 484 3697 698 3768; x_wconf 83' lang='lat' dir='ltr'>presbyteratus</span> <span class='ocrx_word' id='word_1_460' title='bbox 714 3698 808 3753; x_wconf 89' lang='lat' dir='ltr'>cilicio</span> <span class='ocrx_word' id='word_1_461' title='bbox 862 3702 901 3751; x_wconf 87' lang='lat' dir='ltr'>uit</span> <span class='ocrx_word' id='word_1_462' title='bbox 912 3712 969 3750; x_wconf 83' lang='lat' dir='ltr'>rae:</span> <span class='ocrx_word' id='word_1_463' title='bbox 987 3699 1018 3749; x_wconf 82' lang='lat' dir='ltr'>nt</span> <span class='ocrx_word' id='word_1_464' title='bbox 1028 3710 1080 3764; x_wconf 83' lang='lat' dir='ltr'>per</span> <span class='ocrx_word' id='word_1_465' title='bbox 1095 3710 1136 3747; x_wconf 86' lang='lat' dir='ltr'>me</span> <span class='ocrx_word' id='word_1_466' title='bbox 1152 3694 1313 3763; x_wconf 83' lang='lat' dir='ltr'>pradicatio</span> <span class='ocrx_word' id='word_1_467' title='bbox 1325 3692 1528 3761; x_wconf 84' lang='lat' dir='ltr'>odirnpleotur;</span> <span class='ocrx_word' id='word_1_468' title='bbox 1545 3695 1570 3744; x_wconf 85' lang='lat' dir='ltr'>ct</span> <span class='ocrx_word' id='word_1_469' title='bbox 1592 3690 1710 3744; x_wconf 72' lang='lat' dir='ltr'>oodmut</span> 
     </span>
     <span class='ocr_line' id='line_1_40' title="bbox 85 3778 1708 3857; baseline -0.006 -17"><span class='ocrx_word' id='word_1_470' title='bbox 85 3801 154 3857; x_wconf 89' lang='lat' dir='ltr'>opos</span> <span class='ocrx_word' id='word_1_471' title='bbox 170 3785 341 3840; x_wconf 84' lang='lat' dir='ltr'>ordinantur</span> <span class='ocrx_word' id='word_1_472' title='bbox 355 3794 377 3851; x_wconf 82' lang='lat'>⁸,</span> <span class='ocrx_word' id='word_1_473' title='bbox 395 3791 427 3839; x_wconf 93' lang='lat' dir='ltr'>ut</span> <span class='ocrx_word' id='word_1_474' title='bbox 447 3801 508 3839; x_wconf 92' lang='lat' dir='ltr'>mos</span> <span class='ocrx_word' id='word_1_475' title='bbox 524 3789 566 3839; x_wconf 88' lang='lat' dir='ltr'>est</span> <span class='ocrx_word' id='word_1_476' title='bbox 581 3784 735 3855; x_wconf 89' lang='lat' dir='ltr'>aliquando</span> <span class='ocrx_word' id='word_1_477' title='bbox 751 3787 809 3842; x_wconf 80' lang='lat' dir='ltr'>lio-</span> <span class='ocrx_word' id='word_1_478' title='bbox 862 3800 952 3840; x_wconf 86' lang='lat' dir='ltr'>omnes</span> <span class='ocrx_word' id='word_1_479' title='bbox 964 3788 1072 3852; x_wconf 76' lang='lat' dir='ltr'>gentes:</span> <span class='ocrx_word' id='word_1_480' title='bbox 1087 3787 1113 3836; x_wconf 86' lang='lat' dir='ltr'>el</span> <span class='ocrx_word' id='word_1_481' title='bbox 1139 3781 1272 3835; x_wconf 83' lang='lat' dir='ltr'>liberatos</span> <span class='ocrx_word' id='word_1_482' title='bbox 1286 3795 1347 3834; x_wconf 86' lang='lat' dir='ltr'>som</span> <span class='ocrx_word' id='word_1_483' title='bbox 1363 3781 1395 3833; x_wconf 86' lang='lat' dir='ltr'>de</span> <span class='ocrx_word' id='word_1_484' title='bbox 1418 3795 1464 3833; x_wconf 86' lang='lat' dir='ltr'>ore</span> <span class='ocrx_word' id='word_1_485' title='bbox 1485 3780 1578 3832; x_wconf 86' lang='lat' dir='ltr'>leonis.</span> <span class='ocrx_word' id='word_1_486' title='bbox 1596 3778 1708 3832; x_wconf 83' lang='lat' dir='ltr'>Libera-</span> 
     </span>
     <span class='ocr_line' id='line_1_41' title="bbox 85 3867 1709 3946; baseline -0.006 -17"><span class='ocrx_word' id='word_1_487' title='bbox 85 3873 301 3946; x_wconf 68' lang='lat' dir='ltr'>ionqueruntur</span> <span class='ocrx_word' id='word_1_488' title='bbox 316 3874 402 3928; x_wconf 86' lang='lat' dir='ltr'>eliam</span> <span class='ocrx_word' id='word_1_489' title='bbox 413 3873 448 3928; x_wconf 93' lang='lat' dir='ltr'>de</span> <span class='ocrx_word' id='word_1_490' title='bbox 462 3873 715 3945; x_wconf 88' lang='lat' dir='ltr'>transmigratione</span> <span class='ocrx_word' id='word_1_491' title='bbox 730 3875 808 3946; x_wconf 92' lang='lat' dir='ltr'>prin·</span> <span class='ocrx_word' id='word_1_492' title='bbox 862 3878 901 3929; x_wconf 83' lang='lat' dir='ltr'>ott</span> <span class='ocrx_word' id='word_1_493' title='bbox 912 3889 954 3927; x_wconf 86' lang='lat' dir='ltr'>me</span> <span class='ocrx_word' id='word_1_494' title='bbox 967 3875 1096 3926; x_wconf 84' lang='lat' dir='ltr'>Dominus</span> <span class='ocrx_word' id='word_1_495' title='bbox 1111 3870 1145 3923; x_wconf 85' lang='lat' dir='ltr'>oh</span> <span class='ocrx_word' id='word_1_496' title='bbox 1168 3873 1241 3922; x_wconf 77' lang='lat' dir='ltr'>oriani</span> <span class='ocrx_word' id='word_1_497' title='bbox 1265 3884 1344 3938; x_wconf 86' lang='lat' dir='ltr'>opere</span> <span class='ocrx_word' id='word_1_498' title='bbox 1365 3868 1446 3929; x_wconf 72' lang='lat' dir='ltr'>risula</span> <span class='ocrx_word' id='word_1_499' title='bbox 1462 3870 1487 3920; x_wconf 89' lang='lat' dir='ltr'>ct</span> <span class='ocrx_word' id='word_1_500' title='bbox 1508 3867 1614 3920; x_wconf 82' lang='lat' dir='ltr'>solemn</span> <span class='ocrx_word' id='word_1_501' title='bbox 1626 3867 1709 3930; x_wconf 74' lang='lat' dir='ltr'>societ</span> 
     </span>
     <span class='ocr_line' id='line_1_42' title="bbox 85 3954 1707 4035; baseline -0.006 -17"><span class='ocrx_word' id='word_1_502' title='bbox 85 3963 223 4018; x_wconf 78' lang='lat' dir='ltr'>Romana</span> <span class='ocrx_word' id='word_1_503' title='bbox 239 3962 325 4029; x_wconf 89' lang='lat' dir='ltr'>sedis,</span> <span class='ocrx_word' id='word_1_504' title='bbox 338 3979 425 4035; x_wconf 90' lang='lat' dir='ltr'>quam</span> <span class='ocrx_word' id='word_1_505' title='bbox 439 3963 537 4018; x_wconf 90' lang='lat' dir='ltr'>dicunt</span> <span class='ocrx_word' id='word_1_506' title='bbox 552 3963 653 4017; x_wconf 87' lang='lat' dir='ltr'>iactam</span> <span class='ocrx_word' id='word_1_507' title='bbox 670 3963 808 4019; x_wconf 89' lang='lat' dir='ltr'>Constan·</span> <span class='ocrx_word' id='word_1_508' title='bbox 862 3966 1014 4029; x_wconf 78' lang='lat' dir='ltr'>inregnum</span> <span class='ocrx_word' id='word_1_509' title='bbox 1025 3974 1106 4012; x_wconf 83' lang='lat' dir='ltr'>suum</span> <span class='ocrx_word' id='word_1_510' title='bbox 1124 3959 1236 4024; x_wconf 71' lang='lat' dir='ltr'>caeleste,</span> <span class='ocrx_word' id='word_1_511' title='bbox 1250 3961 1294 4010; x_wconf 88' lang='lat' dir='ltr'>cui</span> <span class='ocrx_word' id='word_1_512' title='bbox 1316 3961 1353 4010; x_wconf 88' lang='lat' dir='ltr'>sii</span> <span class='ocrx_word' id='word_1_513' title='bbox 1379 3957 1468 4022; x_wconf 75' lang='lat' dir='ltr'>pieria</span> <span class='ocrx_word' id='word_1_514' title='bbox 1491 3959 1519 4007; x_wconf 83' lang='lat' dir='ltr'>in</span> <span class='ocrx_word' id='word_1_515' title='bbox 1542 3954 1645 4009; x_wconf 73' lang='lat' dir='ltr'>seculo</span> <span class='ocrx_word' id='word_1_516' title='bbox 1659 3969 1707 4008; x_wconf 79' lang='lat' dir='ltr'>sa-</span> 
     </span>
     <span class='ocr_line' id='line_1_43' title="bbox 85 4048 1364 4122; baseline -0.004 -17"><span class='ocrx_word' id='word_1_517' title='bbox 85 4091 93 4113; x_wconf 82' lang='grc'><em>,</em></span> <span class='ocrx_word' id='word_1_518' title='bbox 116 4049 191 4105; x_wconf 87' lang='lat' dir='ltr'>unde</span> <span class='ocrx_word' id='word_1_519' title='bbox 215 4054 243 4104; x_wconf 92' lang='lat' dir='ltr'>et</span> <span class='ocrx_word' id='word_1_520' title='bbox 273 4066 336 4104; x_wconf 87' lang='lat' dir='ltr'>eam</span> <span class='ocrx_word' id='word_1_521' title='bbox 365 4066 430 4104; x_wconf 92' lang='lat' dir='ltr'>cum</span> <span class='ocrx_word' id='word_1_522' title='bbox 457 4051 619 4120; x_wconf 86' lang='lat' dir='ltr'>patriarcha</span> <span class='ocrx_word' id='word_1_523' title='bbox 642 4066 694 4105; x_wconf 88' lang='lat' dir='ltr'>suo</span> <span class='ocrx_word' id='word_1_524' title='bbox 723 4057 809 4122; x_wconf 89' lang='lat' dir='ltr'>caput</span> <span class='ocrx_word' id='word_1_525' title='bbox 861 4052 993 4104; x_wconf 84' lang='lat' dir='ltr'>colorom.</span> <span class='ocrx_word' id='word_1_526' title='bbox 1008 4048 1097 4103; x_wconf 80' lang='lat' dir='ltr'>Amen</span> <span class='ocrx_word' id='word_1_527' title='bbox 1111 4048 1151 4115; x_wconf 87' lang='lat' dir='ltr'>(ll</span> <span class='ocrx_word' id='word_1_528' title='bbox 1166 4049 1234 4101; x_wconf 82' lang='lat' dir='ltr'>Tim.</span> <span class='ocrx_word' id='word_1_529' title='bbox 1252 4062 1289 4113; x_wconf 86' lang='lat' dir='ltr'>rs,</span> <span class='ocrx_word' id='word_1_530' title='bbox 1308 4049 1364 4114; x_wconf 78' lang='lat' dir='ltr'>ll).</span> 
     </span>
     <span class='ocr_line' id='line_1_44' title="bbox 85 4138 808 4209; baseline 0 -16"><span class='ocrx_word' id='word_1_531' title='bbox 85 4139 280 4209; x_wconf 80' lang='lat' dir='ltr'>issppellant.</span> <span class='ocrx_word' id='word_1_532' title='bbox 296 4138 338 4193; x_wconf 79' lang='lat' dir='ltr'>Ad</span> <span class='ocrx_word' id='word_1_533' title='bbox 353 4141 506 4195; x_wconf 88' lang='lat' dir='ltr'>stultorum</span> <span class='ocrx_word' id='word_1_534' title='bbox 523 4140 672 4194; x_wconf 86' lang='lat' dir='ltr'>cumulum</span> <span class='ocrx_word' id='word_1_535' title='bbox 688 4145 717 4195; x_wconf 89' lang='lat' dir='ltr'>et</span> <span class='ocrx_word' id='word_1_536' title='bbox 735 4140 808 4195; x_wconf 90' lang='lat' dir='ltr'>iner-</span> 
     </span>
    </p>
   </div>
   <div class='ocr_carea' id='block_1_3' title="bbox 85 4278 1709 4374">
    <p class='ocr_par' dir='ltr' id='par_1_3' title="bbox 85 4278 1709 4374">
     <span class='ocr_line' id='line_1_45' title="bbox 85 4278 1709 4374; baseline -0.001 -39"><span class='ocrx_word' id='word_1_537' title='bbox 85 4284 208 4350; x_wconf 81' lang='lat' dir='ltr'>piscopos</span> <span class='ocrx_word' id='word_1_538' title='bbox 229 4282 403 4336; x_wconf 81' lang='lat' dir='ltr'>ordinantor.</span> <span class='ocrx_word' id='word_1_539' title='bbox 429 4283 491 4336; x_wconf 86' lang='lat' dir='ltr'>Non</span> <span class='ocrx_word' id='word_1_540' title='bbox 514 4283 588 4337; x_wconf 89' lang='lat' dir='ltr'>male</span> <span class='ocrx_word' id='word_1_541' title='bbox 605 4282 721 4364; x_wconf 85' lang='lat' dir='ltr'>quidem</span> <span class='ocrx_word' id='word_1_542' title='bbox 735 4299 742 4348; x_wconf 93' lang='lat'>;</span> <span class='ocrx_word' id='word_1_543' title='bbox 758 4283 805 4336; x_wconf 92' lang='lat' dir='ltr'>sed</span> <span class='ocrx_word' id='word_1_544' title='bbox 827 4282 965 4374; x_wconf 56' lang='lat' dir='ltr'>¹,euclem</span> <span class='ocrx_word' id='word_1_545' title='bbox 979 4282 1144 4338; x_wconf 78' lang='lat' dir='ltr'>Graecorum</span> <span class='ocrx_word' id='word_1_546' title='bbox 1158 4278 1268 4350; x_wconf 85' lang='lat' dir='ltr'>objecta</span> <span class='ocrx_word' id='word_1_547' title='bbox 1290 4279 1430 4349; x_wconf 88' lang='lat' dir='ltr'>repellere</span> <span class='ocrx_word' id='word_1_548' title='bbox 1452 4294 1517 4350; x_wconf 80' lang='lat' dir='ltr'>qiroe</span> <span class='ocrx_word' id='word_1_549' title='bbox 1541 4294 1558 4332; x_wconf 90' lang='lat' dir='ltr'>a</span> <span class='ocrx_word' id='word_1_550' title='bbox 1582 4278 1709 4334; x_wconf 73' lang='lat' dir='ltr'>[latram-</span> 
     </span>
    </p>
   </div>
   <div class='ocr_carea' id='block_1_4' title="bbox 85 4351 1516 4492">
    <p class='ocr_par' dir='ltr' id='par_1_4' title="bbox 85 4351 1516 4492">
     <span class='ocr_line' id='line_1_46' title="bbox 85 4351 1516 4423; baseline -0.001 -18"><span class='ocrx_word' id='word_1_551' title='bbox 85 4366 139 4405; x_wconf 94' lang='lat' dir='ltr'>ms.</span> <span class='ocrx_word' id='word_1_552' title='bbox 157 4352 253 4406; x_wconf 85' lang='lat' dir='ltr'>codiee</span> <span class='ocrx_word' id='word_1_553' title='bbox 273 4353 385 4420; x_wconf 89' lang='lat' dir='ltr'>legatur</span> <span class='ocrx_word' id='word_1_554' title='bbox 410 4357 439 4406; x_wconf 86' lang='lat' dir='ltr'>iu</span> <span class='ocrx_word' id='word_1_555' title='bbox 452 4369 521 4423; x_wconf 78' lang='lat' dir='ltr'>epiri,</span> <span class='ocrx_word' id='word_1_556' title='bbox 545 4369 640 4407; x_wconf 81' lang='lat' dir='ltr'>nescio</span> <span class='ocrx_word' id='word_1_557' title='bbox 653 4369 747 4407; x_wconf 80' lang='lat' dir='ltr'>aurion</span> <span class='ocrx_word' id='word_1_558' title='bbox 763 4369 806 4408; x_wconf 88' lang='lat' dir='ltr'>re·</span> <span class='ocrx_word' id='word_1_559' title='bbox 863 4370 901 4409; x_wconf 91' lang='lat' dir='ltr'>nc</span> <span class='ocrx_word' id='word_1_560' title='bbox 916 4351 1067 4408; x_wconf 85' lang='lat' dir='ltr'>sommavi</span> <span class='ocrx_word' id='word_1_561' title='bbox 1083 4353 1194 4423; x_wconf 89' lang='lat' dir='ltr'>repulsa</span> <span class='ocrx_word' id='word_1_562' title='bbox 1205 4367 1266 4405; x_wconf 89' lang='lat' dir='ltr'>esse</span> <span class='ocrx_word' id='word_1_563' title='bbox 1281 4351 1404 4406; x_wconf 85' lang='lat' dir='ltr'>vidimus</span> <span class='ocrx_word' id='word_1_564' title='bbox 1421 4365 1516 4420; x_wconf 87' lang='lat' dir='ltr'>supra.</span> 
     </span>
     <span class='ocr_line' id='line_1_47' title="bbox 104 4423 808 4492; baseline 0.003 -16"><span class='ocrx_word' id='word_1_565' title='bbox 104 4426 134 4476; x_wconf 87' lang='lat' dir='ltr'>in</span> <span class='ocrx_word' id='word_1_566' title='bbox 162 4427 326 4492; x_wconf 83' lang='lat' dir='ltr'>episcopum.</span> <span class='ocrx_word' id='word_1_567' title='bbox 360 4424 408 4478; x_wconf 89' lang='lat' dir='ltr'>llic</span> <span class='ocrx_word' id='word_1_568' title='bbox 436 4423 549 4478; x_wconf 89' lang='lat' dir='ltr'>notabit</span> <span class='ocrx_word' id='word_1_569' title='bbox 577 4425 667 4478; x_wconf 91' lang='lat' dir='ltr'>lector</span> <span class='ocrx_word' id='word_1_570' title='bbox 691 4425 808 4478; x_wconf 86' lang='lat' dir='ltr'>AEneam</span> 
     </span>
    </p>
   </div>
   <div class='ocr_carea' id='block_1_5' title="bbox 618 4744 1021 4823">
    <p class='ocr_par' dir='ltr' id='par_1_5' title="bbox 618 4744 1021 4823">
     <span class='ocr_line' id='line_1_48' title="bbox 618 4744 1021 4823; baseline 0.005 -3"><span class='ocrx_word' id='word_1_571' title='bbox 618 4744 624 4757; x_wconf 84' lang='lat'>&#39;</span> <span class='ocrx_word' id='word_1_572' title='bbox 659 4747 836 4821; x_wconf 86' lang='lat' dir='ltr'>lNClPlT</span> <span class='ocrx_word' id='word_1_573' title='bbox 867 4747 1021 4823; x_wconf 86' lang='lat' dir='ltr'><strong>LIBER.</strong></span> 
     </span>
    </p>
   </div>
   <div class='ocr_carea' id='block_1_6' title="bbox 85 5019 1714 5447">
    <p class='ocr_par' dir='ltr' id='par_1_6' title="bbox 85 5019 1714 5447">
     <span class='ocr_line' id='line_1_49' title="bbox 331 5019 1713 5088; baseline 0.002 -13"><span class='ocrx_word' id='word_1_574' title='bbox 331 5019 395 5075; x_wconf 78' lang='lat' dir='ltr'>Car.</span> <span class='ocrx_word' id='word_1_575' title='bbox 421 5021 443 5075; x_wconf 91' lang='lat' dir='ltr'>l.</span> <span class='ocrx_word' id='word_1_576' title='bbox 864 5024 899 5079; x_wconf 91' lang='lat' dir='ltr'>de</span> <span class='ocrx_word' id='word_1_577' title='bbox 916 5023 1028 5079; x_wconf 88' lang='lat' dir='ltr'>Unitate</span> <span class='ocrx_word' id='word_1_578' title='bbox 1040 5027 1145 5078; x_wconf 82' lang='lat' dir='ltr'>sanctae</span> <span class='ocrx_word' id='word_1_579' title='bbox 1161 5026 1189 5079; x_wconf 86' lang='lat' dir='ltr'>et</span> <span class='ocrx_word' id='word_1_580' title='bbox 1204 5021 1360 5079; x_wconf 75' lang='lat' dir='ltr'>individua</span> <span class='ocrx_word' id='word_1_581' title='bbox 1373 5023 1520 5079; x_wconf 86' lang='lat' dir='ltr'>Trinitatis</span> <span class='ocrx_word' id='word_1_582' title='bbox 1530 5022 1617 5077; x_wconf 89' lang='lat' dir='ltr'>dicit:</span> <span class='ocrx_word' id='word_1_583' title='bbox 1634 5023 1713 5088; x_wconf 82' lang='lat' dir='ltr'>Quod</span> 
     </span>
     <span class='ocr_line' id='line_1_50' title="bbox 85 5107 1712 5181; baseline 0.001 -18"><span class='ocrx_word' id='word_1_584' title='bbox 85 5124 116 5164; x_wconf 87' lang='lat' dir='ltr'>ns</span> <span class='ocrx_word' id='word_1_585' title='bbox 137 5107 320 5174; x_wconf 77' lang='lat' dir='ltr'>Athanasius,</span> <span class='ocrx_word' id='word_1_586' title='bbox 343 5109 542 5164; x_wconf 73' lang='lat' dir='ltr'>Alexandrina</span> <span class='ocrx_word' id='word_1_587' title='bbox 557 5109 632 5164; x_wconf 90' lang='lat' dir='ltr'>sedis</span> <span class='ocrx_word' id='word_1_588' title='bbox 646 5110 809 5180; x_wconf 89' lang='lat' dir='ltr'>episcopos,</span> <span class='ocrx_word' id='word_1_589' title='bbox 864 5119 893 5167; x_wconf 88' lang='lat' dir='ltr'>iu</span> <span class='ocrx_word' id='word_1_590' title='bbox 908 5117 990 5168; x_wconf 84' lang='lat' dir='ltr'>Patre</span> <span class='ocrx_word' id='word_1_591' title='bbox 1002 5117 1040 5167; x_wconf 86' lang='lat' dir='ltr'>sii</span> <span class='ocrx_word' id='word_1_592' title='bbox 1053 5113 1139 5167; x_wconf 85' lang='lat' dir='ltr'>Filius</span> <span class='ocrx_word' id='word_1_593' title='bbox 1158 5116 1185 5166; x_wconf 85' lang='lat' dir='ltr'>ei</span> <span class='ocrx_word' id='word_1_594' title='bbox 1200 5113 1322 5181; x_wconf 82' lang='lat' dir='ltr'>Spiritus</span> <span class='ocrx_word' id='word_1_595' title='bbox 1336 5117 1457 5178; x_wconf 74' lang='lat' dir='ltr'>structus,</span> <span class='ocrx_word' id='word_1_596' title='bbox 1473 5117 1499 5167; x_wconf 84' lang='lat' dir='ltr'>ei</span> <span class='ocrx_word' id='word_1_597' title='bbox 1511 5115 1577 5178; x_wconf 76' lang='lat' dir='ltr'>noio</span> <span class='ocrx_word' id='word_1_598' title='bbox 1590 5112 1712 5181; x_wconf 84' lang='lat' dir='ltr'>Spiritus·</span> 
     </span>
     <span class='ocr_line' id='line_1_51' title="bbox 91 5199 1710 5271; baseline -0.001 -18"><span class='ocrx_word' id='word_1_599' title='bbox 91 5199 200 5269; x_wconf 80' lang='lat' dir='ltr'>linguae</span> <span class='ocrx_word' id='word_1_600' title='bbox 224 5199 501 5269; x_wconf 85' lang='lat' dir='ltr'>experientissimus,</span> <span class='ocrx_word' id='word_1_601' title='bbox 521 5200 571 5254; x_wconf 92' lang='lat' dir='ltr'>ubi</span> <span class='ocrx_word' id='word_1_602' title='bbox 586 5200 688 5254; x_wconf 90' lang='lat' dir='ltr'>beatus</span> <span class='ocrx_word' id='word_1_603' title='bbox 703 5200 811 5255; x_wconf 81' lang='lat' dir='ltr'>tdarcus</span> <span class='ocrx_word' id='word_1_604' title='bbox 864 5206 987 5268; x_wconf 77' lang='lat' dir='ltr'>soricius,</span> <span class='ocrx_word' id='word_1_605' title='bbox 1007 5205 1089 5256; x_wconf 77' lang='lat' dir='ltr'>olleo</span> <span class='ocrx_word' id='word_1_606' title='bbox 1101 5203 1183 5255; x_wconf 80' lang='lat' dir='ltr'>l&#39;nlre</span> <span class='ocrx_word' id='word_1_607' title='bbox 1193 5200 1334 5271; x_wconf 71' lang='lat' dir='ltr'>procedent,</span> <span class='ocrx_word' id='word_1_608' title='bbox 1357 5200 1405 5254; x_wconf 85' lang='lat' dir='ltr'>obi</span> <span class='ocrx_word' id='word_1_609' title='bbox 1430 5215 1603 5266; x_wconf 75' lang='lat' dir='ltr'>nequaquam</span> <span class='ocrx_word' id='word_1_610' title='bbox 1617 5200 1710 5253; x_wconf 84' lang='lat' dir='ltr'>ecclo-</span> 
     </span>
     <span class='ocr_line' id='line_1_52' title="bbox 85 5286 1712 5360; baseline 0 -18"><span class='ocrx_word' id='word_1_611' title='bbox 85 5288 140 5342; x_wconf 89' lang='lat' dir='ltr'>ista</span> <span class='ocrx_word' id='word_1_612' title='bbox 153 5286 307 5357; x_wconf 75' lang='lat' dir='ltr'>praesedit3</span> <span class='ocrx_word' id='word_1_613' title='bbox 323 5304 387 5360; x_wconf 81' lang='lat' dir='ltr'>quas</span> <span class='ocrx_word' id='word_1_614' title='bbox 401 5288 482 5343; x_wconf 91' lang='lat' dir='ltr'>sedes</span> <span class='ocrx_word' id='word_1_615' title='bbox 498 5289 622 5343; x_wconf 90' lang='lat' dir='ltr'>secunda</span> <span class='ocrx_word' id='word_1_616' title='bbox 633 5293 702 5342; x_wconf 91' lang='lat' dir='ltr'>esta</span> <span class='ocrx_word' id='word_1_617' title='bbox 717 5289 812 5359; x_wconf 89' lang='lat' dir='ltr'>prima</span> <span class='ocrx_word' id='word_1_618' title='bbox 867 5287 945 5340; x_wconf 83' lang='lat' dir='ltr'>ditor</span> <span class='ocrx_word' id='word_1_619' title='bbox 958 5287 1022 5341; x_wconf 85' lang='lat' dir='ltr'>Filii</span> <span class='ocrx_word' id='word_1_620' title='bbox 1048 5304 1153 5343; x_wconf 85' lang='lat' dir='ltr'>nomen.</span> <span class='ocrx_word' id='word_1_621' title='bbox 1179 5311 1193 5337; x_wconf 77' lang='grc' dir='ltr'>α</span> <span class='ocrx_word' id='word_1_622' title='bbox 1213 5287 1399 5343; x_wconf 83' lang='lat' dir='ltr'>Serviendum</span> <span class='ocrx_word' id='word_1_623' title='bbox 1420 5288 1517 5357; x_wconf 86' lang='lat' dir='ltr'>itaque</span> <span class='ocrx_word' id='word_1_624' title='bbox 1533 5292 1576 5341; x_wconf 89' lang='lat' dir='ltr'>est</span> <span class='ocrx_word' id='word_1_625' title='bbox 1600 5287 1712 5343; x_wconf 84' lang='lat' dir='ltr'>Christo</span> 
     </span>
     <span class='ocr_line' id='line_1_53' title="bbox 85 5375 1714 5447; baseline -0.001 -16"><span class='ocrx_word' id='word_1_626' title='bbox 85 5395 103 5441; x_wconf 85' lang='lat' dir='ltr'>r,</span> <span class='ocrx_word' id='word_1_627' title='bbox 120 5375 314 5431; x_wconf 87' lang='lat' dir='ltr'>utCanonom</span> <span class='ocrx_word' id='word_1_628' title='bbox 338 5380 443 5432; x_wconf 89' lang='lat' dir='ltr'>statuta</span> <span class='ocrx_word' id='word_1_629' title='bbox 467 5378 636 5443; x_wconf 86' lang='lat' dir='ltr'>decernunt,</span> <span class='ocrx_word' id='word_1_630' title='bbox 653 5387 665 5411; x_wconf 79' lang='lat'>¹</span> <span class='ocrx_word' id='word_1_631' title='bbox 689 5377 718 5430; x_wconf 92' lang='lat' dir='ltr'>in</span> <span class='ocrx_word' id='word_1_632' title='bbox 740 5378 811 5432; x_wconf 91' lang='lat' dir='ltr'>libro</span> <span class='ocrx_word' id='word_1_633' title='bbox 869 5376 949 5443; x_wconf 87' lang='lat' dir='ltr'>Filio,</span> <span class='ocrx_word' id='word_1_634' title='bbox 968 5376 1035 5445; x_wconf 81' lang='lat' dir='ltr'>qnia</span> <span class='ocrx_word' id='word_1_635' title='bbox 1048 5382 1075 5430; x_wconf 85' lang='lat' dir='ltr'>ei</span> <span class='ocrx_word' id='word_1_636' title='bbox 1093 5377 1235 5447; x_wconf 82' lang='lat' dir='ltr'>perlectus</span> <span class='ocrx_word' id='word_1_637' title='bbox 1256 5378 1341 5442; x_wconf 89' lang='lat' dir='ltr'>lleos,</span> <span class='ocrx_word' id='word_1_638' title='bbox 1357 5382 1387 5431; x_wconf 91' lang='lat' dir='ltr'>et</span> <span class='ocrx_word' id='word_1_639' title='bbox 1411 5392 1495 5431; x_wconf 86' lang='lat' dir='ltr'>verns</span> <span class='ocrx_word' id='word_1_640' title='bbox 1510 5382 1554 5430; x_wconf 90' lang='lat' dir='ltr'>est</span> <span class='ocrx_word' id='word_1_641' title='bbox 1567 5376 1665 5431; x_wconf 79' lang='lat' dir='ltr'>Filius.</span> <span class='ocrx_word' id='word_1_642' title='bbox 1682 5377 1714 5431; x_wconf 81' lang='lat' dir='ltr'>lit</span> 
     </span>
    </p>
   </div>
   <div class='ocr_carea' id='block_1_7' title="bbox 85 5535 1659 5609">
    <p class='ocr_par' dir='ltr' id='par_1_7' title="bbox 85 5535 1659 5609">
     <span class='ocr_line' id='line_1_54' title="bbox 85 5535 1659 5609; baseline 0.004 -20"><span class='ocrx_word' id='word_1_643' title='bbox 85 5536 139 5591; x_wconf 86' lang='lat' dir='ltr'>ibro</span> <span class='ocrx_word' id='word_1_644' title='bbox 152 5535 193 5591; x_wconf 85' lang='lat' dir='ltr'>de.</span> <span class='ocrx_word' id='word_1_645' title='bbox 211 5535 301 5605; x_wconf 78' lang='lat' dir='ltr'>llirJns</span> <span class='ocrx_word' id='word_1_646' title='bbox 319 5535 394 5601; x_wconf 87' lang='lat' dir='ltr'>libri,</span> <span class='ocrx_word' id='word_1_647' title='bbox 424 5536 473 5606; x_wconf 84' lang='lat' dir='ltr'>qui</span> <span class='ocrx_word' id='word_1_648' title='bbox 501 5540 544 5590; x_wconf 90' lang='lat' dir='ltr'>est</span> <span class='ocrx_word' id='word_1_649' title='bbox 560 5538 592 5592; x_wconf 76' lang='lat' dir='ltr'>sle</span> <span class='ocrx_word' id='word_1_650' title='bbox 615 5540 725 5593; x_wconf 85' lang='lat' dir='ltr'>Unitute</span> <span class='ocrx_word' id='word_1_651' title='bbox 746 5541 805 5606; x_wconf 85' lang='lat' dir='ltr'>liei,</span> <span class='ocrx_word' id='word_1_652' title='bbox 820 5537 919 5592; x_wconf 90' lang='lat' dir='ltr'>titulus</span> <span class='ocrx_word' id='word_1_653' title='bbox 931 5538 976 5593; x_wconf 90' lang='lat' dir='ltr'>hic</span> <span class='ocrx_word' id='word_1_654' title='bbox 990 5543 1033 5594; x_wconf 90' lang='lat' dir='ltr'>est</span> <span class='ocrx_word' id='word_1_655' title='bbox 1044 5538 1074 5592; x_wconf 90' lang='lat' dir='ltr'>in</span> <span class='ocrx_word' id='word_1_656' title='bbox 1089 5538 1193 5593; x_wconf 91' lang='lat' dir='ltr'>editis:</span> <span class='ocrx_word' id='word_1_657' title='bbox 1214 5541 1253 5594; x_wconf 88' lang='lat' dir='ltr'>De</span> <span class='ocrx_word' id='word_1_658' title='bbox 1277 5539 1384 5593; x_wconf 72' lang='lat' dir='ltr'>Arana</span> <span class='ocrx_word' id='word_1_659' title='bbox 1400 5540 1426 5592; x_wconf 89' lang='lat' dir='ltr'>et</span> <span class='ocrx_word' id='word_1_660' title='bbox 1443 5537 1576 5593; x_wconf 81' lang='lat' dir='ltr'>catholico</span> <span class='ocrx_word' id='word_1_661' title='bbox 1596 5539 1659 5609; x_wconf 66' lang='lat' dir='ltr'>fide.</span> 
     </span>
    </p>
   </div>
   <div class='ocr_carea' id='block_1_8' title="bbox 0 0 1970 6098">
    <p class='ocr_par' dir='ltr' id='par_1_8' title="bbox 0 0 1970 6098">
     <span class='ocr_line' id='line_1_55' title="bbox 0 0 1970 6098; baseline 0 0"><span class='ocrx_word' id='word_1_662' title='bbox 0 0 1970 6098; x_wconf 95' lang='lat' dir='ltr'> </span> 
     </span>
    </p>
   </div>
  </div>
 </body>
</html>
