3930 6098
92 234 141 284 tas
448 232 676 291 nissnurarto
695 236 728 290 tlt
749 238 813 291 llll.
836 239 880 293 DE
900 235 1063 292 CORPORE
1085 238 1128 293 ET
1151 238 1324 296 sinuatus
1347 237 1486 294 D0bilNl.

1791 210 1840 298 ras

89 362 168 416 liter.
184 360 270 425 Darasi
284 377 352 417 sero
374 363 427 418 hoc
444 364 587 434 significet
601 365 769 438 operatione
788 367 855 422 fidei
877 368 939 423 lieri
958 371 981 424 Α
997 364 1042 435 ιιι,
1057 382 1161 437 panem
1177 367 1243 421 vitra
1258 367 1309 439 qui
1329 367 1364 422 do
1382 367 1453 422 eaelo
1468 367 1624 434 descendit,
1640 387 1655 424 a
1670 369 1751 426 nabis
1765 372 1835 428 reci·

90 433 240 503 mysteria,
259 450 317 487 non
342 434 447 489 virtute
473 437 597 506 Spiritus
616 438 718 500 sancti,
732 455 789 509 qua
805 442 940 509 mysteria

90 509 199 558 nostras
212 504 281 559 lidei
296 505 407 574 objecta
422 508 554 560 evadant.
574 508 768 563 Consentanea
785 511 940 565 Ratramno

90 573 222 654 loquitur
243 575 411 630 Paschasius
432 592 495 648 cap.
513 581 528 632 5
544 578 611 632 libri
626 579 661 632 da
685 580 810 650 Corpore
825 588 854 635 ct
867 582 938 637 San·

90 661 181 715 grune
192 645 306 701 Domini
318 663 324 700 :
337 667 349 695 ι
363 647 489 702 Christus
499 664 568 720 ergo
578 649 656 704 cibus
669 655 711 704 est
720 653 898 722 angelorum,
912 658 941 707 et

20 731 23 737 ¹
89 722 302 771 sacramentum
323 717 377 771 hoc
392 733 457 772 vere
477 735 542 773 caro
556 720 646 791 ipsius
667 727 695 774 el
710 722 836 792 sanguis,
851 740 937 794 quam

90 786 281 857 spiritualiter
305 789 461 843 manducat
481 797 510 844 et
533 790 605 844 bibit
629 792 726 847 horno.
752 798 792 847 hc
814 810 866 865 per
886 796 938 848 troc

90 858 168 912 unde
182 858 282 912 vivunt
297 860 404 930 angeli,
421 861 488 915 vivit
504 866 532 915 et
547 861 644 928 homo,
661 863 730 934 quia
741 868 833 919 lotum
853 866 937 935 spiri-

89 929 168 982 tuale
190 935 233 983 est
255 935 283 982 et
298 928 427 984 divinum
445 931 474 985 in
488 947 522 985 ea
539 933 616 1000 quod
629 934 752 1004 percipit
763 934 859 990 bomo.
877 956 890 987 ι
909 938 939 990 Dl

88 999 121 1052 in
143 999 201 1054 sine
226 1000 355 1070 ejusdem
375 1002 486 1072 capitis.
514 1004 673 1057 abibimus
698 1021 813 1077 quoque
835 1012 863 1060 et
885 1023 938 1060 nos

88 1069 278 1139 spiritualiter
297 1087 330 1126 ac
349 1072 529 1127 comedimus
552 1076 730 1145 spiritualem
756 1077 858 1131 Christi
876 1093 937 1130 car·

88 1156 166 1207 nem,
182 1141 212 1194 in
229 1158 285 1211 qua
301 1143 356 1195 sita
378 1149 484 1197 aterna
509 1161 572 1198 esse
591 1147 726 1200 creditur.
742 1148 877 1219 Alioquin
893 1165 936 1201 sa·

87 1226 157 1281 pere
182 1213 341 1267 secuudum
364 1229 479 1269 carnem
502 1231 579 1269 mors
602 1223 653 1282 est,
670 1223 699 1270 et
723 1223 819 1272 tamen
840 1234 938 1272 reram

88 1281 194 1406 Clpristi
216 1298 332 1338 carnem
356 1284 545 1354 spiritualiter
568 1289 727 1358 percipere,
751 1289 809 1343 rita
829 1294 939 1344 aeterna

86 1367 119 1405 es
134 1395 140 1407 ,
155 1373 170 1400 u

125 1422 263 1477 observat
278 1425 436 1481 continenti
451 1442 595 1494 sermone,
611 1443 673 1499 cap.
691 1431 718 1494 6,
733 1427 806 1483 banc
821 1445 936 1486 carnem

88 1493 194 1548 Christi
206 1495 385 1566 spiritualem
396 1504 527 1568 spectare
534 1498 635 1563 bonos,
644 1502 813 1571 neutiquam
825 1502 915 1556 malos
927 1519 934 1556 ε

88 1583 103 1613 ιι
121 1565 191 1618 Fece
205 1565 301 1636 inquit
322 1581 422 1621 omnes
439 1568 638 1624 indillerenler
650 1587 737 1642 quani
754 1587 828 1642 supe
843 1588 935 1626 sacra·

88 1641 188 1690 menta
197 1636 295 1689 altaris
303 1639 466 1709 percipiunt
476 1641 572 1710 plane,
583 1641 630 1696 sed
642 1642 715 1695 alius
727 1657 842 1697 carnem
853 1644 934 1699 Chri-

993 438 1023 506 pi
1037 440 1066 491 in
1081 438 1177 505 altari;
1205 454 1271 492 nam
1294 441 1439 509 coriceptis
1462 439 1555 492 serbis
1579 441 1707 510 loquitur
1727 444 1762 499 de
1784 445 1835 498 ali·

994 516 1090 562 mento
1107 509 1249 578 spirituali
1264 525 1321 581 quo
1343 510 1442 564 fideles
1461 511 1490 563 in
1516 511 1637 564 Ecclesia
1658 513 1835 580 nutriuntur,

993 594 1080 633 escam
1105 595 1187 648 quam
1202 579 1300 649 fideles
1323 582 1459 649 accipiunt
1481 583 1511 634 in
1540 582 1670 647 Ecclesia,
1699 588 1729 636 et
1754 584 1837 639 docet

994 665 1097 718 panem
1114 657 1142 704 et
1153 650 1250 704 riuum
1262 667 1319 704 nrm
1335 654 1429 705 sulum
1445 666 1539 720 posse,
1555 667 1654 704 reram
1670 652 1755 708 etiam
1768 655 1836 709 dare

994 721 1077 774 uobis
1097 722 1182 774 vitam
1204 729 1352 775 aeternam.
1376 723 1433 775 Iste
1452 725 1533 790 panis
1556 724 1634 776 uiuus
1658 724 1706 790 qui
1719 722 1752 776 de
1774 726 1835 780 culo

993 791 1138 856 descendit,
1161 795 1225 846 uita
1246 797 1352 846 nterim
1371 793 1553 846 substantiam
1571 793 1765 848 subministrat.
1788 795 1834 848 Di·

992 862 1030 914 cit
1045 862 1122 931 quod
1138 863 1168 915 in
1195 863 1372 917 Eucharistia
1388 863 1519 916 sensibus
1539 861 1695 917 obnoxium
1711 869 1760 917 aut
1774 865 1834 933 pal·

992 932 1087 1002 palute
1110 939 1161 999 est,
1178 935 1378 987 tantummodo
1393 934 1469 987 alere
1485 949 1566 1002 posse
1581 948 1693 1004 corpus,
1708 935 1836 990 animam

992 1019 1059 1056 sero
1086 1004 1258 1058 nullatenus.
1286 1004 1368 1068 Quod
1391 1004 1462 1057 adeo
1494 1018 1592 1057 verum
1620 1009 1672 1070 est,
1704 1010 1736 1058 ul
1762 1004 1837 1059 inter

992 1089 1092 1127 omues
1106 1074 1261 1128 catholicos
1276 1083 1357 1128 extra
1376 1089 1494 1128 omnem
1508 1073 1662 1128 dubitandi
1676 1075 1768 1129 alsam
1782 1091 1835 1147 po-

993 1145 1080 1198 situm
1094 1145 1140 1200 sit.
1162 1146 1220 1199 lloc
1235 1147 1400 1216 argumenti
1422 1160 1529 1215 genera
1542 1145 1712 1216 comprobat
1724 1161 1774 1200 eus
1788 1163 1836 1201 re-

991 1215 1141 1270 hementer
1161 1216 1312 1270 allucinari
1332 1216 1382 1287 qui
1396 1217 1505 1270 nullam
1525 1217 1555 1270 in
1571 1215 1748 1270 Eucharistia
1760 1215 1834 1288 tign-

992 1300 1053 1339 ram
1069 1302 1129 1340 esse
1150 1287 1204 1340 sihi
1228 1287 1450 1357 persuadebant,
1466 1286 1516 1340 sed
1530 1287 1628 1341 omnia
1643 1287 1673 1342 in
1695 1292 1795 1359 aperta
1809 1292 1835 1343 el

991 1356 1067 1410 edita
1081 1357 1311 1412 manifestatione
1324 1357 1490 1412 consistere.

1025 1428 1055 1481 2⁰
1077 1428 1247 1498 Neruiqnam
1269 1428 1340 1482 dixit
1360 1428 1531 1482 Retramnas
1553 1430 1639 1482 sitam
1653 1443 1712 1496 qua
1727 1429 1754 1481 in
1774 1441 1833 1498 mp.

990 1502 1071 1553 steria
1087 1501 1252 1565 continetur;
1268 1513 1323 1552 esse
1342 1499 1450 1552 cambi
1469 1502 1591 1568 potentia
1615 1499 1759 1565 invisibili,
1775 1515 1835 1569 qua·

989 1569 1071 1627 fidem
1084 1575 1222 1638 operatur.
1241 1568 1346 1624 Excidit
1360 1584 1377 1622 a
1396 1569 1535 1623 memoria
1550 1569 1741 1624 dissertatoris
1756 1570 1832 1640 quod

990 1639 1206 1709 exprobraverit
1227 1640 1382 1694 Eutramno
1396 1641 1554 1706 musterium
1575 1643 1623 1706 aqi
1640 1642 1833 1710 spiritualiter,

87 1706 123 1759 ιιι
140 1706 331 1777 spiritualiter
347 1710 501 1765 manducat
523 1717 552 1766 et
567 1713 738 1782 sanguinem
764 1713 845 1778 bibit,
862 1714 934 1769 alitis
954 1713 1056 1779 Bquia
1073 1710 1140 1768 aues
1164 1712 1278 1778 spiritus
1300 1709 1371 1763 illud
1392 1712 1509 1779 prraqit.
1536 1711 1617 1764 Enim
1644 1726 1710 1764 vero
1731 1711 1754 1764 si
1778 1710 1832 1764 Ra-

85 1790 155 1831 rero
171 1792 246 1844 non;
262 1786 393 1847 quamvis
408 1781 563 1835 buccellam
580 1782 614 1836 de
627 1799 714 1837 mersu
728 1785 883 1839 sacerdotis
896 1785 932 1838 vi·

84 1847 192 1928 deutur
202 1849 360 1929 percipere.
378 1851 409 1905 Et
419 1852 488 1923 qaid
500 1853 614 1922 accipit,
628 1869 693 1908 cum
710 1870 767 1908 ιιιιι
784 1856 819 1909 ιιι
833 1871 932 1909 conse-

83 1924 187 1998 cratio,
201 1935 225 1972 si
245 1935 349 1989 corpus
376 1927 405 1974 et
428 1923 599 1993 sanguinem
622 1940 680 1978 nou
705 1924 827 1996 accipit?
851 1927 932 1993 Vere,

83 2004 154 2058 quia
170 2005 237 2043 reus
252 1990 354 2061 accipit
367 1992 495 2062 indigne,
512 1996 586 2048 sicut
598 1995 745 2064 apostolus
758 1997 860 2050 Paulus
871 1997 930 2052 ait:

82 2059 223 2114 Iudicium
248 2061 303 2114 sibi
336 2064 483 2118 moridacat
509 2070 534 2119 et
569 2065 646 2133 bibit,
682 2082 735 2120 nou
761 2068 880 2136 probans
906 2082 934 2121 se

82 2145 172 2198 prius,
194 2145 241 2184 nec
264 2131 395 2199 judicans
421 2149 518 2203 corpus
541 2137 650 2190 Domini
674 2137 698 2205 (l
719 2139 785 2190 Cor.
809 2155 847 2204 ιιι,
875 2138 931 2206 29).

84 2201 152 2255 Ecce
176 2201 248 2273 quid
272 2203 425 2258 manducat
448 2212 581 2276 peccator
604 2210 633 2260 et
657 2207 726 2278 quid
755 2208 836 2262 bibit.
871 2210 932 2262 Non

83 2273 186 2352 utique
207 2271 262 2325 sibi
282 2289 399 2328 carnem
418 2276 527 2330 utiliter
542 2283 571 2332 et
586 2293 636 2330 san
660 2293 768 2344 niuem,
782 2280 831 2333 sed
853 2278 932 2348 judi·

82 2356 172 2396 cium.
189 2342 223 2396 Et
238 2344 348 2414 quare?
363 2344 436 2409 Ouia
460 2363 518 2401 non
543 2364 573 2401 se
594 2293 706 2417 preibat,
724 2365 775 2402 uec
796 2348 933 2418 dijudicat

82 2429 189 2483 corpus
206 2414 331 2469 Domini.
349 2415 461 2487 Cogitat
476 2417 553 2472 enim
568 2419 788 2490 infidelis-quod
803 2421 890 2491 digna
905 2426 934 2474 et

83 2488 182 2537 sanctu
206 2485 344 2556 indignas
368 2487 458 2556 possit
476 2489 616 2559 accipere,
634 2505 691 2543 non
713 2490 792 2545 aliud
816 2491 932 2560 quidem

82 2553 248 2621 attondens,
274 2556 330 2610 uisi
356 2559 433 2628 quod
455 2558 541 2625 videt,
566 2576 661 2631 neque
687 2560 853 2630 intelligens
877 2563 932 2617 nisi

82 2626 160 2695 qaod
176 2627 310 2680 sentitur.
327 2647 342 2675 »

118 2696 152 2750 ln
166 2696 300 2752 eamdem
316 2713 388 2760 rem,
403 2698 443 2752 ait
466 2699 639 2755 Batramaus
658 2707 720 2771 post
737 2701 765 2757 S.
789 2702 931 2758 isidorum

83 2765 293 2836 Hispaniensem.
311 2787 325 2818 ιι
342 2770 391 2823 Ηιι
405 2769 491 2824 etiam
516 2770 592 2826 idem
617 2773 717 2826 doctor
731 2772 817 2828 dicit:
833 2774 929 2828 Sacra·

81 2842 216 2916 meatum
232 2845 274 2918 est
288 2838 318 2919 iu
334 2840 430 2910 aliqua
443 2840 643 2909 celebratione,
660 2858 725 2897 cum
741 2860 785 2897 res
794 2852 878 2969 <qesta
892 2845 932 2900 ila

82 2912 182 2988 ⁸¹¹s.¹¹.¹
207 2909 317 2977 ahquid
340 2910 501 2980 significare
525 2912 714 2983 intelligatur,
735 2931 793 2985 quo
836 2921 931 2969 sancte

81 2978 284 3048 accipiendum
298 2983 349 3033 est.
366 3001 379 3029 ιι
397 2982 429 3035 In
443 2998 476 3036 ea
489 2983 659 3038 sacramenti
674 2984 843 3039 delinitione
858 3001 928 3041 con·

988 1787 1119 1834 tramuus
1141 1780 1214 1835 dixit
1235 1781 1322 1835 tidem
1344 1780 1457 1834 allicere
1480 1780 1658 1850 mysterium,
1685 1797 1742 1852 quo
1767 1782 1833 1850 jure

989 1851 1082 1905 dicere
1104 1856 1197 1921 potest
1221 1852 1319 1915 vitam,
1342 1867 1406 1921 quas
1436 1851 1466 1905 in
1491 1851 1626 1921 mysterio
1650 1857 1704 1920 est,
1721 1851 1832 1922 operari

988 1937 1038 1975 seu
1053 1922 1164 1975 allicere
1180 1921 1286 1976 tidem?
1305 1923 1336 1975 ln
1353 1937 1505 1991 quamcum
1529 1937 1564 1975 ue
1579 1926 1689 1991 partein
1704 1937 1733 1976 se
1747 1920 1832 1976 dede-

988 1992 1026 2045 rit
1040 1992 1215 2057 dissertator,
1232 1993 1307 2046 haud
1320 1993 1403 2045 lacile
1418 2007 1479 2046 sese
1502 2010 1516 2044 a
1551 1992 1604 2046 hoc
1625 1992 1726 2062 laqueo
1744 2007 1833 2062 expe·

988 2062 1055 2116 diet.
1079 2063 1149 2116 Nam
1165 2063 1189 2116 si
1211 2079 1291 2116 meus
1306 2062 1454 2117 Ratramui
1472 2062 1507 2114 sit
1530 2062 1615 2116 tidem
1637 2063 1751 2116 el'llcere
1774 2077 1833 2132 my-

987 2133 1118 2199 sterium,
1134 2149 1285 2204 perpurum
1305 2133 1329 2186 ei
1346 2134 1521 2202 exprobatur
1536 2132 1705 2202 mysterium
1720 2133 1834 2186 ellicere

987 2203 1093 2258 iidem:
1108 2211 1241 2258 caeterum
1257 2204 1341 2271 louge
1356 2202 1449 2257 abluit
1463 2202 1498 2256 ab
1513 2202 1655 2273 ejusmodi
1671 2202 1835 2257 subtilitati·

987 2275 1055 2341 bus;
1079 2276 1185 2345 quippe
1200 2290 1266 2328 cum
1288 2274 1396 2328 allatius
1413 2278 1597 2344 recognoscat
1618 2271 1725 2328 virtute
1743 2272 1833 2343 Spiri-

987 2350 1034 2398 tus
1053 2346 1102 2399 Dei
1114 2345 1205 2400 el'tisri
1221 2345 1389 2426 mysterium
1405 2344 1598 2411 Eucharistiae,
1615 2344 1692 2413 quod
1708 2349 1752 2397 est
1765 2343 1832 2398 lidei

987 2421 1091 2469 nostras
1116 2431 1164 2469 seu
1183 2415 1322 2469 suasionis
1342 2415 1567 2469 Christianorum
1583 2413 1727 2485 objectum
1741 2414 1834 2468 credi·

987 2486 1052 2540 bile.
1071 2486 1146 2540 Nihil
1162 2486 1214 2540 hac
1230 2486 1378 2541 Retramni
1394 2484 1693 2557 doctrinasapienlius
1707 2490 1756 2539 aut
1772 2500 1831 2538 ma-

986 2558 1029 2625 gis
1044 2557 1236 2611 orthodoxum
1253 2556 1374 2627 prolerri
1390 2561 1491 2626 potest.

1022 2630 1051 2681 30
1070 2628 1296 2682 Conseclaneum
1321 2643 1353 2681 es
1372 2627 1416 2680 liis
1437 2624 1628 2680 necessarium
1652 2630 1694 2679 est
1709 2641 1767 2679 non
1781 2625 1831 2679 do·

986 2699 1088 2763 coisse,
1112 2701 1140 2752 in
1157 2700 1207 2752 buc
1226 2697 1279 2767 {lde
1301 2697 1485 2768 efficientiam,
1510 2712 1541 2750 ac
1563 2699 1690 2749 virtulem
1713 2697 1832 2764 corporis

986 2770 1103 2823 Christi.
1122 2770 1192 2823 Cum
1208 2785 1223 2822 c
1245 2775 1344 2822 contra
1357 2769 1491 2822 defendat
1511 2769 1539 2820 in
1555 2765 1609 2819 hoc
1624 2782 1697 2836 pana
1714 2782 1774 2819 essa
1789 2767 1832 2818 si-

987 2848 1043 2894 tam
1061 2855 1117 2893 non
1134 2840 1163 2893 in
1187 2838 1284 2893 aciatos
1300 2838 1506 2900 incurrentem,
1528 2837 1577 2891 sed
1596 2837 1655 2890 sola
1675 2837 1730 2890 lide
1751 2852 1830 2890 reco-

986 2911 1109 2978 gnitum,
1126 2909 1202 2963 hisne
1213 2926 1316 2979 panem
1328 2910 1363 2963 de
1373 2910 1444 2962 coelo
1459 2906 1637 2962 descendisse
1653 2915 1681 2960 et
1693 2907 1831 2971 existere;

986 2982 1021 3033 rte
1037 2996 1093 3051 quo
1109 2981 1217 3034 dictum
1233 2987 1276 3034 est
1298 2995 1365 3033 eiam
1388 2978 1438 3049 qui
1462 2978 1619 3032 comederit
1633 2993 1667 3030 ex
1692 2977 1745 3031 hoc
1758 2993 1832 3047 pane

80 3047 161 3102 senis
180 3065 246 3104 esim
273 3051 436 3118 Paschasio,
456 3053 547 3123 capite
571 3056 587 3109 3
609 3055 674 3108 libri
696 3056 730 3110 da
754 3056 879 3126 Corpore
903 3062 931 3108 et
951 3051 1045 3123 Cforo
1061 3051 1263 3104 immrtrlulem.
1284 3069 1296 3097 ι
1324 3051 1370 3103 Est
1386 3064 1455 3118 ergo
1471 3049 1501 3102 in
1520 3048 1570 3102 illo
1585 3063 1660 3116 Pane
1684 3047 1750 3112 sila,
1768 3064 1831 3117 quw

79 3117 230 3188 Sanguine
248 3121 379 3176 Domini:
404 3141 417 3173 a
440 3122 656 3179 Sacramentum
677 3125 767 3207 igitar
788 3125 930 3195 estquid-
987 3136 1043 3173 nan
1074 3124 1194 3189 apparet
1221 3119 1310 3173 oculis
1334 3118 1489 3188 corporeis,
1514 3117 1563 3171 ssd
1584 3117 1652 3171 lidei
1679 3125 1832 3170 contuetur

79 3190 151 3260 quid
160 3189 196 3270 Ιιιι
210 3190 307 3315 aliqua
320 3193 512 3249 celebratione
526 3194 621 3250 divina
637 3197 719 3251 nobis
732 3197 815 3266 quasi
826 3197 930 3266 pignus

79 3261 183 3314 salutis
202 3265 245 3314 tra
268 3267 336 3331 itur,
351 3279 415 3318 cnm
439 3280 484 3319 res
508 3271 587 3333 gesta
610 3267 731 3321 risibilis
747 3268 831 3336 longe
853 3267 930 3321 aliud

79 3330 226 3454 inp'isibile
247 3332 325 3392 intus
348 3340 493 3405 operatur,
515 3336 593 3408 quod
615 3342 712 3392 macte
731 3337 928 3409 accipiendum

80 3416 165 3454 es.»

118 3472 224 3527 Beatus
249 3473 387 3543 Algerns,
414 3475 595 3532 adversarius
619 3478 784 3549 Derengarii
804 3478 928 3532 Sirtissi-

81 3557 158 3605 mns,
190 3545 339 3599 Ratramni
372 3551 401 3599 et
436 3547 579 3601 Paschasii
615 3550 734 3615 vestigia
767 3549 931 3619 insequitur

80 3612 149 3695 libri
164 3629 185 3668 ιι
201 3614 236 3668 de
252 3614 429 3671 Eucharistia
443 3618 534 3687 capite
552 3621 562 3672 l
579 3634 586 3672 :
605 3639 618 3670 a
634 3619 664 3673 ln
684 3620 734 3674 illo
750 3626 928 3674 sacramento

80 3683 213 3739 Christus
234 3692 277 3740 est
290 3687 429 3757 quoniam
452 3703 556 3759 corpus
572 3694 615 3743 ιιι
637 3690 759 3745 Christi:
776 3706 835 3744 non
860 3706 928 3761 ergo

79 3755 241 3825 corporalis
256 3772 330 3824 esca,
347 3758 395 3812 sed
410 3759 566 3828 spiritualis
580 3765 630 3814 est.
648 3760 676 3815 Si
699 3775 767 3830 ergo
788 3761 928 3831 spiritua·

80 3825 117 3878 lis
143 3830 172 3879 et
194 3841 251 3880 non
273 3828 440 3899 corporalis,
465 3829 611 3900 quomodo
637 3830 780 3912 corporali
805 3831 928 3886 secessui

79 3895 225 3950 obnoxiat
240 3915 254 3949 ι
271 3898 405 3967 Ejusdem
421 3899 522 3971 capitis
538 3901 697 3956 continenti
713 3917 846 3956 sermone
862 3917 928 3972 pro-

79 3965 130 4046 bat
143 3981 202 4045 non
217 3966 311 4049 frangi
320 3969 473 4039 jejunium,
485 3972 560 4042 qood
571 3972 718 4043 corporale
727 3977 779 4036 est,
791 3973 927 4026 alimento

80 4038 227 4105 spirituali
245 4038 447 4095 Eucharistiae:
475 4063 485 4090 ι
502 4042 556 4097 Sed
576 4043 680 4097 absita
700 4042 835 4097 cordibus
855 4042 926 4097 fide-

80 4107 152 4186 tium
178 4112 213 4161 ιιι
238 4108 268 4162 in
293 4108 394 4164 diebus
419 4111 598 4180 jejuniorum
624 4119 827 4184 quotacunque
857 4114 928 4167 hora

80 4192 176 4231 missae
190 4178 382 4246 celebrentur,
394 4182 466 4235 solvi
480 4183 597 4237 credant
605 4183 762 4254 jejuniurn;
779 4183 848 4254 quia
862 4198 926 4238 cum

985 3197 1120 3259 aspectu:
1146 3189 1195 3260 qui
1218 3190 1304 3243 etiam
1330 3190 1412 3259 panis
1440 3188 1520 3240 virus
1543 3187 1593 3256 qui
1622 3185 1768 3240 descendit
1795 3187 1831 3240 du

984 3263 1068 3323 coeto,
1091 3260 1200 3325 existit3
1224 3265 1252 3314 el
1279 3261 1313 3313 de
1340 3275 1397 3329 quo
1421 3274 1487 3312 rere
1514 3256 1639 3311 dicitur:
1662 3255 1831 3325 Quicunque

985 3332 1061 3385 hunc
1089 3331 1311 3396 manducaverit,
1334 3346 1392 3384 nun
1413 3328 1553 3382 morietur
1579 3327 1609 3381 in
1624 3331 1779 3393 aeternum
1803 3333 1831 3380 et

984 3403 1035 3471 qui
1050 3405 1092 3456 est
1105 3417 1208 3473 corpus
1222 3400 1338 3455 Christi.
1359 3421 1368 3447 ι
1385 3399 1454 3464 Quis
1473 3398 1529 3454 sihi
1551 3395 1723 3467 persuadeat
1740 3413 1773 3451 ex
1788 3397 1831 3450 his

984 3473 1109 3542 intelligi
1126 3474 1155 3526 in
1172 3472 1225 3527 hac
1236 3472 1292 3527 lide
1306 3487 1366 3524 esse
1380 3470 1562 3524 allicientium
1579 3485 1610 3522 ac
1623 3469 1757 3522 virtulem
1772 3483 1832 3521 cor·

983 3545 1063 3612 poris
1083 3543 1208 3597 Christi?
1231 3544 1302 3597 Nam
1325 3541 1568 3613 quemadmodum
1593 3539 1679 3602 oculi,
1702 3540 1771 3594 darm
1787 3538 1831 3593 di·

983 3622 1089 3668 cunlur
1111 3615 1209 3673 videre
1225 3616 1335 3667 colores
1358 3618 1387 3665 et
1401 3612 1505 3674 lucem,
1523 3625 1583 3664 non
1599 3610 1702 3665 dicitur
1725 3611 1755 3663 iu
1771 3611 1830 3663 visu

983 3685 1138 3738 consistere
1161 3684 1317 3738 ellicaciam
1332 3683 1459 3736 colorum
1475 3687 1503 3734 et
1518 3680 1607 3734 lucis:
1625 3680 1719 3734 dicere
1744 3679 1829 3733 tidem

984 3757 1126 3825 respicere
1148 3770 1196 3808 seu
1225 3753 1340 3808 credere
1364 3752 1394 3806 in
1420 3751 1556 3821 mysterio
1581 3765 1685 3820 corpus
1715 3749 1829 3814 Christi,

981 3826 1048 3887 ndei
1071 3830 1211 3879 contuetur
1234 3829 1354 3892 aspectu,
1377 3838 1436 3876 nou
1461 3825 1504 3874 est
1527 3820 1621 3874 dicere
1644 3821 1674 3872 iu
1698 3819 1751 3872 hac
1775 3821 1831 3874 tide

983 3895 1139 3950 consistere
1161 3893 1318 3949 ellicacsam
1343 3896 1372 3946 et
1397 3893 1533 3945 virtutem
1557 3889 1685 3959 corporis
1712 3890 1828 3943 Christi.

984 3967 1038 4022 Sed
1053 3981 1153 4021 uereor
1174 3980 1210 4018 ne
1233 3965 1263 4017 in
1284 3965 1337 4018 hnc
1361 3977 1446 4033 causa
1466 3961 1502 4014 sit
1523 3957 1586 4033 imp
1602 3963 1674 4009 ιικᾰι
1689 3955 1830 4029 impensas

982 4039 1065 4091 nimis
1101 4039 1208 4091 uincere
1235 4034 1401 4088 inuidiosum
1433 4031 1592 4100 (Socrates,
1621 4031 1724 4084 llialor.
1759 4029 1827 4084 Ecct.

982 4108 1032 4162 lib.
1051 4123 1091 4171 ιιι,
1108 4108 1150 4161 ιιι.
1168 4107 1215 4169 ιι,
1233 4121 1295 4175 cap.
1314 4106 1356 4170 l8,
1372 4118 1438 4173 pag.
1455 4101 1528 4170 633).
1639 4173 1643 4182 Ι
1741 4171 1746 4183 Ι

1016 4179 1092 4233 xxti.
1114 4177 1295 4247 corporaliter
1319 4189 1378 4229 cum
1396 4177 1477 4241 rieqal
1498 4186 1554 4226 esse
1578 4172 1714 4227 Christum
1735 4186 1765 4224 ιιι
1788 4171 1829 4224 al·

80 4262 138 4300 nun
162 4248 200 4302 ιιι
222 4252 391 4320 corporalis,
415 4252 463 4306 sed
486 4254 643 4323 spiritualis
664 4270 738 4316 esca,
760 4254 925 4324 corporalis,
982 4251 1039 4303 tari
1053 4249 1160 4320 (iuquit
1181 4248 1348 4301 dissertator
1366 4259 1431 4314 pag.
1457 4244 1507 4297 {78
1523 4241 1657 4296 editionis
1679 4242 1767 4296 Paris.
1802 4246 1831 4294 et

79 4333 132 4383 per
155 4333 251 4374 escam
276 4321 454 4390 spiritualem
478 4339 536 4378 nan
560 4325 679 4379 solvitur
700 4325 881 4379 abstinentia.
911 4344 925 4376 ι
982 4335 1048 4389 pag.
1073 4321 1135 4383 29³2,
1162 4333 1241 4371 num.
1266 4317 1328 4383 178,
1349 4315 1418 4368 edit.
1442 4313 1652 4368 amstelod.,ut
1675 4329 1741 4382 pag.
1768 4313 1827 4371 llll.

79 4388 237 4443 Dubitandi
267 4389 357 4461 igitur
379 4392 456 4446 locus
480 4410 537 4448 non
560 4395 734 4466 relinquitur
757 4396 926 4465 mysterium
947 4389 1051 4470 Dedit.
1076 4393 1085 4444 l
1116 4388 1229 4451 Paris).
1246 4403 1277 4442 oc
1300 4387 1487 4456 spiritualiter
1505 4385 1546 4437 ait
1567 4383 1827 4450 inteltipioporlere,

79 4460 232 4529 spirituale
253 4462 311 4532 agi.
337 4462 510 4517 Ratramnus
534 4480 602 4519 vero
617 4465 804 4520 nihilominus
828 4465 927 4519 animo
981 4475 1064 4529 quam
1084 4462 1194 4527 utrique
1214 4459 1257 4512 illi
1271 4460 1329 4511 uoci
1349 4455 1455 4509 subesse
1475 4458 1609 4508 notionem
1628 4458 1829 4521 acpotestatrm

80 4529 206 4584 intendit
234 4546 321 4600 quam
345 4533 422 4603 quod
453 4535 496 4588 ori
527 4537 589 4604 eius
612 4536 722 4590 inducit
749 4536 925 4602 dissertator,
980 4525 1710 4599 velitipseaperileumnum.76:sicutinmpsterio‚
1727 4526 1827 4591 iuquit,

79 4600 150 4668 ‘1⁰¹⁸
172 4601 373 4669 lldeisputtus
394 4605 464 4658 illud
484 4605 613 4676 peragit:
633 4629 643 4654 ι
667 4607 749 4661 Fides
769 4621 802 4659 ea
824 4606 925 4676 pascit,
980 4602 1061 4670 ponis
1088 4600 1135 4653 ille
1163 4612 1259 4668 corpus
1292 4599 1437 4664 accipitur,
1466 4599 1506 4649 sic
1538 4596 1618 4648 etiam
1648 4596 1677 4647 in
1701 4596 1829 4662 rrrpsterio

79 4669 219 4734 lretiDcat,
243 4671 367 4727 viviticat
390 4674 521 4739 interius,
542 4679 610 4730 dom
635 4677 711 4747 quod
735 4681 787 4743 est,
811 4692 925 4730 carnem
980 4671 1100 4725 membra
1119 4670 1214 4739 populi
1236 4668 1367 4722 crndmtis
1391 4669 1420 4720 in
1442 4666 1578 4720 Christum
1601 4665 1780 4719 intimantur:
1804 4671 1829 4717 et

80 4739 140 4794 alit.
171 4760 183 4789 ι
210 4741 281 4796 Nam
306 4748 417 4798 tantum
442 4746 521 4799 abest
538 4751 570 4799 ul
590 4746 660 4801 tides
685 4746 784 4800 omnia
807 4747 927 4801 interius
981 4744 1050 4795 sicut
1066 4756 1119 4794 sion
1141 4741 1327 4808 corporaliter,
1346 4736 1393 4791 sed
1416 4736 1599 4805 spiritualiter
1619 4737 1828 4804 ponisillecre·

80 4809 175 4875 iaciat,
192 4826 259 4865 crim
283 4828 314 4867 sa
331 4814 427 4884 potius
451 4821 588 4887 tanquam
608 4817 751 4887 objectum
776 4834 834 4871 suas
859 4833 927 4871 sua·
981 4811 1101 4866 dentium
1115 4824 1211 4879 corpas
1232 4809 1351 4862 dicitur:
1373 4809 1411 4861 sic
1434 4821 1538 4876 quoque
1552 4807 1656 4861 Christi
1667 4821 1763 4875 corpas
1776 4819 1828 4858 raon

80 4881 169 4934 sionis
183 4889 338 4952 supponat.
355 4885 418 4939 llaec
439 4891 482 4939 est
498 4888 624 4942 solitaria
638 4904 720 4943 mens
735 4887 884 4944 llatrumni
899 4893 928 4941 et
981 4883 1168 4952 corporaliter,
1184 4879 1232 4935 sed
1245 4879 1425 4949 sps'ritualtter
1438 4891 1543 4931 necesse
1558 4883 1596 4931 cst
1610 4878 1790 4942 intellipatur.

79 4952 211 5005 omnium
228 4955 444 5010 catholicorum.
656 5002 661 5009 .

92 5021 181 5101 bil.
203 5023 285 5092 (rag.
303 5027 461 5091 ananum.
479 5027 928 5097 {78.inmarain.)Negataper-
1265 5090 1270 5101 Ι
1328 4998 1484 5100 ΨΟΜΙῙΟ·
1736 5083 1742 5095 1

78 5093 190 5146 tissime
214 5109 294 5148 num.
321 5097 354 5148 bn
373 5097 447 5165 qiua
464 5112 509 5151 ore
529 5101 647 5152 sumitur
661 5101 691 5152 in
711 5100 806 5165 altari,
820 5100 927 5153 aeterm·
1018 5095 1087 5147 Cam
1112 5109 1146 5146 eo
1173 5090 1291 5144 consilio
1313 5093 1460 5159 scripserit
1483 5088 1657 5143 Ratramnus
1681 5090 1711 5138 ut
1734 5098 1827 5162 inesse

78 5165 161 5215 taum
176 5178 255 5232 posse
268 5172 409 5234 prestare,
424 5169 506 5221 ritum
521 5173 591 5222 enim
605 5185 665 5237 qaae
679 5173 709 5222 in
722 5172 850 5237 mysterio
866 5184 928 5223 con·
982 5165 1108 5235 aliquam
1124 5163 1155 5217 in
1174 5162 1348 5216 Eucharistia
1363 5163 1486 5231 liguram
1500 5159 1709 5228 comprobaret,
1725 5155 1827 5207 melius

79 5233 191 5301 linatur,
206 5248 264 5288 esse
276 5251 294 5287 a
315 5237 396 5291 Verbi
412 5243 533 5306 potentia
546 5239 680 5293 invisibili
694 5256 754 5308 quae
764 5240 850 5306 fidem
869 5255 946 5308 ope·¹
983 5234 1143 5300 armamenti
1162 5249 1252 5304 genus
1276 5233 1404 5302 prolerre
1425 5247 1482 5284 non
1505 5233 1618 5300 poterat
1640 5242 1674 5305 eo
1699 5225 1776 5306 qaod
1792 5242 1824 5278 ιι

78 5308 163 5357 ratur
177 5308 207 5356 in
224 5305 315 5368 nobam
332 5309 360 5360 in
377 5309 427 5362 bac
441 5308 501 5378 fids
514 5323 570 5364 esse
583 5310 758 5376 efficientiam
781 5325 813 5364 ac
835 5312 928 5365 aista·
982 5321 1103 5374 corpore
1124 5310 1152 5359 et
1175 5303 1314 5372 sanguine
1339 5301 1438 5372 populi
1460 5300 1552 5354 tidelis
1566 5301 1707 5377 assumam¹
1720 5312 1827 5367 quippe

79 5377 421 5444 ‘muneremunere
439 5398 452 5426 ιι
983 5391 1065 5446 aquae
1089 5390 1154 5430 cum
1181 5375 1246 5427 vino
1272 5373 1458 5443 permistione
1483 5370 1514 5423 in
1539 5367 1624 5420 calice
1649 5365 1825 5437 designatur.

982 5447 1061 5502 Sicut
1079 5446 1155 5500 enim
1181 5460 1263 5515 aquae
1279 5442 1462 5514 permistione
1486 5437 1596 5519 Chpisto
1611 5437 1735 5519 populus
1747 5440 1778 5520 ¹in
1792 5439 1824 5492 n-

427 5499 583 5542 umm·
983 5534 1055 5589 gara
1070 5517 1223 5582 adunatur,
1240 5518 1269 5568 et
1282 5513 1381 5585 populi
1396 5523 1512 5579 sanguis
1527 5523 1555 5560 in
1571 5507 1663 5578 ligura
1678 5510 1825 5579 argiriticu·

116 5582 248 5639 Dilucide
260 5591 341 5656 patet
354 5586 458 5645 ialsum
473 5605 536 5645 esse
549 5590 610 5647 luec
628 5591 683 5646 tria
698 5591 776 5665 apud
794 5591 929 5648 listram·
982 5595 1048 5644 tur:
1063 5589 1104 5643 ita
1126 5602 1178 5660 per
1200 5583 1309 5655 species
1330 5581 1414 5665 panis
1429 5585 1459 5633 et
1476 5578 1537 5633 sini
1557 5578 1587 5632 in
1607 5581 1701 5648 ligius
1722 5595 1826 5649 corpus

79 5670 151 5709 ”¹¹⁰¹
169 5671 291 5710 ΜΘΝ)
304 5660 339 5712 5⁴2
353 5674 513 5716 ⁰⁰⁰⁰rtere.
983 5666 1013 5714 et
1026 5661 1143 5726 sanpuls
1165 5654 1270 5713 Christi
1289 5653 1470 5708 intimantur.
1487 5648 1558 5705 Nam
1571 5664 1671 5704 resera
1685 5656 1825 5720 quatenos

118 5729 148 5780 l·
168 5724 356 5798 Recognoscit
371 5737 481 5803 aperte,
496 5731 641 5804 explicans
660 5732 744 5788 verba
761 5732 789 5788 S.
806 5731 929 5788 Ambro-
982 5731 1044 5784 rela
1062 5737 1128 5783 sant
1151 5734 1179 5782 st
1199 5724 1351 5798 paropides
1371 5720 1499 5794 corporis
1512 5720 1629 5790 Christi,
1646 5720 1708 5791 ejas
1723 5719 1824 5789 ligurus
