3930 6098
115 223 182 278 1067
677 220 704 274 S.
725 219 866 276 RElllGll
887 217 1128 275 tununnensts
1148 216 1304 274 erlscort
1799 219 1858 273 10118
1890 215 1892 218 ’

113 358 201 415 bilem
223 357 405 428 iniquitatem
431 355 560 426 ipsorum
581 355 737 425 justissime
762 355 854 426 punit,
876 355 999 425 cujusA
1049 355 1203 411 Conclusio.
1227 383 1261 394 -
1285 353 1354 418 ere
1388 368 1454 407 cum
1478 352 1517 408 ita
1538 354 1605 420 sint,
1630 352 1764 424 deposita
1785 353 1857 408 omni

115 464 193 503 more
208 452 236 502 et
259 445 425 518 gravissimo
451 460 535 498 onere
561 443 689 514 oppressi
707 444 914 514 demerguntur
930 443 960 498 in
1016 442 1209 498 contentionis
1231 441 1423 507 animositate,
1446 441 1575 512 deposita
1604 441 1766 496 novitatum
1791 456 1857 512 pre·

112 541 264 604 tartarum,
280 533 483 589 descendentes
497 532 527 586 iu
543 532 720 603 profundum
737 532 818 603 quasi
834 532 916 602 lapis,
933 535 962 586 et
1017 530 1193 602 sumptione,
1206 545 1394 600 agnoscamus
1407 529 1530 584 fideliter
1550 529 1680 585 divinam
1705 528 1855 595 veritatem,

113 623 253 680 submersi
281 622 363 692 quasi
390 620 538 691 plumbum
563 619 593 673 in
619 621 700 690 aquis
727 618 957 674 vehementibus.

113 708 194 771 Quod
218 708 304 763 etiam
329 708 401 762 liber
420 706 604 779 Apocalypsis
619 708 653 762 de
667 713 725 762 tota
739 708 853 762 civitate
869 708 954 778 huJus

112 797 219 862 seculi,
234 796 262 851 id
278 801 320 850 est
332 797 464 850 universa
479 795 663 850 multitudine
680 796 881 850 damnatorum
895 801 956 850 ter-

112 885 232 940 ribiliter
245 890 372 939 extremo
385 884 494 954 judicio
511 884 639 938 futurum
650 884 792 954 significat
805 889 834 938 et
848 882 959 938 denun-

111 973 173 1040 tiat,
188 972 304 1028 dicens:
323 994 337 1022 «
353 974 385 1026 Et
395 972 511 1026 sustulit
522 988 596 1026 nnus
606 974 726 1042 angelus
736 972 817 1026 lortis
832 972 959 1042 lapidem

112 1061 195 1133 quasi
211 1062 350 1116 molarem
366 1076 515 1131 magnum,
527 1065 556 1116 et
577 1060 656 1115 misit
678 1059 708 1115 in
733 1076 822 1127 mare,
839 1060 955 1116 dicens:

113 1152 170 1206 lloc
193 1149 303 1221 impetu
321 1149 451 1204 mittetur
468 1150 594 1218 Babylon
614 1165 718 1220 magua
733 1149 784 1203 illa
805 1149 915 1218 civitas,
930 1157 959 1206 et

111 1239 188 1294 ultra
197 1239 324 1310 jamnon
340 1237 505 1293 invenietur
514 1237 610 1309 (apoc.
626 1254 703 1306 xviri,
719 1236 780 1308 nt»

1015 634 1170 691 sequamur
1209 617 1377 672 obedienter
1407 624 1557 687 paternam
1587 617 1801 684 auctoritatem,
1824 633 1857 671 aa

1017 723 1132 762 veamns
1148 706 1300 778 vigilanter
1320 705 1425 760 erroris
1444 711 1473 760 et
1491 707 1634 762 mendacii
1650 705 1855 761 fallacissimam

1016 796 1171 851 venitatem
1183 813 1191 863 ;
1205 798 1349 850 servantes
1374 795 1431 849 Deo
1457 795 1611 849 auxiliante
1631 793 1724 850 semel
1740 816 1755 844 (ι
1778 793 1855 865 depo·

1015 887 1101 940 situm
1115 907 1129 935 »
1148 885 1232 940 nobis
1248 900 1320 938 vere
1342 883 1412 939 fidei
1436 883 1606 939 inviolatum
1629 885 1801 939 thesaurum
1813 903 1821 948 ;
1834 889 1856 937 et

1015 994 1029 1026 a
1044 974 1187 1046 fugientes
1211 973 1345 1045 prolanas
1366 988 1468 1026 vocum
1492 972 1631 1026 novitates
1647 977 1736 1044 atque
1751 970 1855 1043 opposi-

1013 1063 1108 1117 tiones
1121 1062 1186 1117 lalsi
1208 1061 1332 1117 nominis
1353 1060 1491 1130 scientie,
1504 1076 1592 1131 wem
1608 1060 1726 1133 quidam
1742 1060 1853 1130 promil-

1013 1156 1107 1206 tentes
1121 1151 1196 1206 circa
1220 1150 1307 1206 tidem
1335 1150 1504 1205 exciderunt
1530 1152 1611 1218 (lim.
1638 1165 1679 1217 vr,
1707 1150 1753 1218 20,
1774 1151 1849 1216 tlte

598 1541 932 1666 SANCTI
988 1539 1365 1665 REMIGII

777 1760 1018 1818 euenunnnsrs
1038 1760 1197 1818 sersaoni

391 1924 499 1996 SUB
541 1923 777 1997 NOMINE
816 1923 1114 1997 ECCLESIAE
1157 1921 1581 1996 LUGDUNENSIS

525 2117 802 2232 nascituro
833 2117 1099 2231 tutotuto
1129 2117 1452 2244 tonationis

218 2347 260 2389 DE
281 2344 444 2389 GENERALI
466 2343 530 2385 PER
551 2343 641 2385 ADAM
663 2340 884 2385 DAMNATIONB
904 2340 1043 2384 OMNIUM
1066 2341 1107 2383 Er
1128 2339 1276 2384 spectum
1299 2341 1363 2384 PER
1383 2339 1559 2385 cflnls‘ruro
1582 2341 1624 2384 EX
1647 2341 1757 2384 EADEM

778 2420 965 2465 EREP'I'IONB
984 2420 1187 2465 ELECTORUM

144 2672 241 2741 Nuper
253 2669 373 2741 questio
388 2667 485 2723 habita
501 2672 545 2722 est
558 2667 703 2739 quomodo
720 2673 794 2722 recte
815 2672 844 2722 et
861 2667 954 2723 tideli-
974 2668 1076 2725 Bdam
1093 2668 1251 2723 bonitatem
1270 2667 1339 2722 Dei‘l
1361 2669 1441 2734 Quod
1465 2672 1560 2724 tamen
1586 2673 1747 2743 utrumque
1759 2669 1845 2733 simul,

108 2762 154 2812 ter
166 2758 257 2830 possit
272 2756 414 2827 intelligi:
435 2757 506 2810 Tota
519 2755 640 2810 humani
655 2755 769 2826 generis
784 2771 877 2810 massa
891 2771 955 2810 me-

111 2847 165 2901 rito
190 2847 292 2918 primae
322 2845 556 2916 transgressionis
584 2844 619 2898 ad
643 2848 782 2899 eternum
805 2844 955 2900 interitum

110 2934 268 2990 damnata?
285 2950 351 2989 cnm
364 2934 464 3004 procul
479 2933 567 2988 dubio
578 2933 708 2988 omnium
724 2933 881 2988 electorum
896 2949 956 2988 nu-

109 3039 206 3079 merns
221 3039 255 3078 ex
267 3024 329 3094 ipsa
343 3026 417 3077 esset
433 3021 620 3077 assumendus
644 3021 741 3077 divina
767 3021 955 3092 predestina-

108 3112 196 3179 tione,
223 3128 255 3167 ac
280 3110 458 3182 prescientia
486 3110 662 3166 eternaliter
694 3110 897 3181 precognitus,
928 3114 956 3164 et

109 3200 319 3272 praeordinatus
341 3200 376 3254 ad
402 3199 487 3254 vitam
512 3205 669 3253 eternam:
689 3199 713 3251 si
729 3198 806 3252 enim
821 3198 874 3252 iste
888 3198 954 3252 hea-

109 3294 216 3356 torum,
228 3294 257 3342 et
272 3291 436 3342 sanctorum
461 3302 599 3341 numerus
614 3286 644 3340 in
659 3285 708 3340 illa
723 3291 785 3340 eret
804 3285 839 3340 ad
855 3285 955 3340 interi·

109 3379 171 3432 tum
186 3375 284 3431 divino
296 3375 406 3446 judicio
420 3375 637 3436 condemnatus,
649 3375 793 3445 quomodo
810 3375 865 3431 erit
879 3374 957 3429 velut

109 3463 280 3518 econtrario
299 3462 404 3517 divine
429 3461 632 3516 misericordie
652 3462 791 3517 beneficio
817 3462 954 3517 advitam

109 3550 349 3622 predestinatus?
365 3552 399 3605 Et
414 3556 567 3622 utrumque
588 3549 690 3621 utique
710 3550 893 3618 aeternaliter,
916 3555 956 3605 at·

110 3654 166 3710 que
182 3638 371 3694 immobiliter
395 3639 425 3693 in
449 3639 510 3709 ejus
538 3643 645 3702 eterno
672 3644 700 3693 et
726 3639 956 3694 incommutabili

109 3726 239 3792 consilio,
251 3727 301 3798 qui
309 3727 568 3798 juxtaprophetam
581 3744 587 3782 :
599 3727 695 3782 «Fecit
708 3744 773 3799 que
785 3729 956 3783 luturasunt

1011 2757 1050 2811 ita
1073 2772 1187 2828 semper
1206 2757 1236 2810 in
1257 2761 1366 2812 eterno
1387 2758 1437 2812 Dei
1462 2757 1580 2812 consilio
1598 2757 1696 2813 fueret
1713 2758 1845 2830 predesti-

1012 2850 1111 2900 natum
1123 2862 1129 2900 :
1143 2849 1175 2899 ut
1189 2844 1230 2899 sie
1249 2860 1340 2900 unum
1365 2845 1566 2901 decerneretur
1584 2845 1690 2916 judicii
1712 2846 1846 2919 e'qnitate,

1010 2937 1039 2987 et
1050 2939 1192 3004 quantum
1207 2933 1244 2988 ad
1258 2933 1336 2988 illius
1354 2949 1453 2988 masse
1476 2934 1618 2988 damnate
1633 2934 1770 2989 meritum
1792 2950 1846 3004 per·

1010 3022 1082 3076 tinet
1096 3021 1237 3076 immobili
1252 3022 1401 3077 severitate
1418 3039 1424 3077 :
1442 3028 1584 3094 quatenus
1603 3029 1632 3078 et
1653 3025 1778 3078 alterurn
1792 3024 1846 3093 glo·

1010 3109 1164 3164 riesissime
1198 3110 1369 3180 impleretur
1401 3110 1491 3165 divini
1520 3111 1631 3166 arbitrii
1655 3115 1806 3183 potestate,
1825 3115 1847 3164 et

1010 3198 1271 3253 misericordissimi
1286 3198 1445 3255 conditoris
1457 3199 1583 3271 gratuita
1597 3199 1739 3255 bonitate.

1045 3286 1225 3358 Quapropter
1244 3288 1325 3358 juxta
1350 3287 1536 3359 pusillitatem
1561 3303 1662 3343 sensus
1687 3289 1777 3344 nostri
1798 3287 1847 3342 obi·

1009 3391 1123 3447 cunque
1143 3376 1277 3447 legimus,
1304 3377 1362 3431 sive
1387 3377 1418 3431 in
1440 3376 1544 3432 divinis
1562 3377 1731 3448 scripturis,
1756 3377 1846 3432 sivein

1009 3464 1193 3536 dogmatibus
1203 3466 1319 3521 Petrum
1344 3470 1435 3521 totam
1454 3465 1574 3520 humani
1597 3466 1714 3537 generis
1734 3481 1846 3521 maeam

1009 3551 1040 3607 iu
1052 3553 1157 3624 primo,
1173 3556 1201 3608 et
1218 3569 1269 3624 per
1292 3554 1419 3625 primum
1441 3555 1591 3609 hominem
1610 3559 1778 3625 peccantem
1795 3567 1846 3607 esse

1010 3641 1185 3710 damnatam,
1203 3641 1275 3696 nihil
1299 3642 1377 3697 aliud
1402 3642 1623 3715 intelligendum
1648 3644 1784 3710 occurrit,
1800 3639 1847 3696 nisi

1009 3745 1073 3784 eam
1092 3730 1169 3801 justo
1185 3731 1237 3785 Dei
1259 3730 1377 3801 judicio,
1404 3731 1507 3786 merito
1535 3731 1623 3803 primi
1646 3731 1727 3787 illius
1750 3727 1846 3803 peceati

110 3815 174 3883 (lsu.
189 3831 244 3882 xer,
261 3818 303 3883 ll,
321 3831 371 3871 sec.
389 3817 481 3885 LXX).
500 3837 514 3864 »
540 3817 638 3888 Neque
661 3816 740 3871 enim
753 3816 834 3886 juxta
854 3816 957 3870 catho-
1009 3823 1125 3873 eterne
1140 3818 1317 3874 damnationi
1346 3819 1502 3874 traditam:
1521 3820 1559 3874 [le
1586 3836 1644 3891 qvia
1674 3819 1846 3876 damnatione

108 3903 171 3957 lice
184 3904 313 3959 veritatis
329 3905 458 3976 regulam
472 3904 565 3959 dicere
580 3920 733 3975 possumus
752 3920 837 3959 omne
851 3904 954 3959 huma·
1009 3922 1060 3976 per
1074 3922 1164 3961 unum
1180 3907 1329 3963 hominem
1343 3907 1373 3961 in
1390 3908 1531 3963 mundum
1553 3908 1687 3979 ingressa
1707 3907 1844 3963 manifeste

109 4007 179 4046 num
199 4008 290 4063 genus
311 3993 388 4047 illius
411 3993 655 4064 prevaricationis
676 3994 779 4048 merito
799 3994 835 4049 ad
850 3993 955 4048 interi·
974 3967 994 4022 C
1010 3993 1078 4048 dicit
1089 3997 1258 4066 Apostolus:
1276 4017 1290 4045 a
1305 3996 1374 4049 Nam
1393 3996 1533 4066 judicium
1549 4013 1583 4051 ex
1599 4013 1659 4051 uno
1674 3998 1706 4052 in
1720 3995 1843 4051 condem·

108 4078 269 4136 tumluisse
290 4082 467 4147 damnatum,
485 4081 534 4136 sed
559 4097 742 4154 nequaquam
767 4083 802 4137 ad
819 4083 954 4138 eumdem
1009 4083 1157 4137 nationem
1182 4082 1267 4154 (ltom.
1293 4099 1320 4148 v,
1348 4081 1398 4153 16).
1423 4102 1438 4135 s
1463 4084 1531 4149 Que
1557 4083 1668 4155 utique,
1695 4084 1768 4139 sieut
1792 4083 1842 4152 jau

108 4169 257 4224 interitum
287 4170 547 4239 predestinatum:
577 4185 642 4224 com
668 4170 874 4242 omnipotentis
903 4171 954 4225 Dei
1009 4171 1189 4237 dictumest,
1212 4186 1269 4226 non
1289 4176 1383 4241 potest
1407 4176 1481 4226 recte
1509 4171 1634 4241 intelligi
1656 4171 1715 4226 nisi
1737 4175 1840 4226 eterna.

105 4256 185 4326 justo
200 4262 230 4311 et
242 4256 463 4325 eternojudicio
482 4257 554 4310 nihil
569 4258 695 4328 potuerit
709 4258 882 4312 eternaliter
893 4273 954 4314 esse
1009 4259 1037 4314 Si
1052 4276 1119 4331 ergo
1144 4265 1220 4314 recte
1243 4259 1423 4330 intelligitur,
1444 4265 1503 4314 tota
1516 4258 1579 4330 ipsa
1601 4260 1723 4328 humani
1742 4257 1840 4331 moeris

108 4341 286 4411 damnatum,
302 4345 378 4414 quod
390 4360 449 4398 non
469 4344 508 4400 ita
524 4345 699 4415 prescitum,
724 4351 753 4400 et
776 4346 954 4416 prefinitum
1008 4364 1101 4403 messa
1117 4348 1262 4415 damnata,
1284 4354 1398 4402 eterne
1417 4347 1573 4419 perditioni
1591 4348 1710 4418 tradita,
1729 4347 1796 4419 qiud
1808 4348 1840 4399 cel

108 4429 246 4486 sitluisse
269 4432 476 4487 damnandum.
503 4432 607 4488 Omnia
627 4449 753 4504 namque
779 4450 868 4505 opera
890 4451 952 4502 soe,
1007 4437 1062 4491 hoc
1077 4437 1166 4506 aliud,
1182 4436 1238 4491 nisi
1263 4436 1357 4491 eidem
1380 4441 1495 4491 eterne
1520 4436 1680 4508 perditioni
1704 4437 1838 4498 destinata,

108 4523 246 4591 tanquam
261 4537 325 4576 vero
344 4523 423 4593 iusta
437 4527 466 4577 et
492 4527 568 4578 recta
588 4529 616 4578 et
635 4523 778 4594 prescivit
794 4524 901 4592 luitura,
926 4530 954 4580 et
1008 4525 1067 4580 sive
1082 4525 1295 4596 predestinata,
1311 4530 1343 4579 ut
1357 4530 1496 4596 quantum
1518 4525 1645 4597 pertinet
1666 4526 1702 4581 ad
1720 4525 1838 4580 meritum

107 4608 321 4680 predestinavit
355 4611 416 4665 sine
445 4610 533 4666 dubio
567 4611 706 4667 iacienda.
735 4612 954 4668 Predestinavit
1007 4614 1098 4684 colpe
1122 4629 1191 4680 sue,
1214 4613 1291 4667 illius
1316 4612 1446 4669 videlicet
1467 4614 1568 4684 primae
1597 4611 1838 4684 prevaricationis,

107 4697 204 4770 itaque
225 4702 254 4752 et
276 4699 350 4753 hane
373 4699 494 4754 humaui
508 4700 621 4771 generis
645 4701 753 4770 justam
781 4717 813 4754 ac
827 4701 952 4755 debitam
1007 4706 1080 4754 esset
1093 4701 1309 4771 justeomniuo,
1323 4706 1351 4755 et
1370 4706 1440 4770 tota,
1458 4707 1485 4756 et
1507 4701 1594 4756 simul
1608 4707 1719 4757 eterna
1739 4704 1837 4756 senten·

107 4785 331 4854 damnationem,
360 4786 405 4840 eui
433 4791 462 4841 et
490 4787 663 4857 generaliter
692 4803 724 4842 ex
749 4786 825 4841 illius
841 4788 953 4858 justitia
1006 4789 1046 4843 tia
1058 4788 1258 4844 condemnata.
1275 4791 1419 4854 Quantum
1435 4805 1502 4845 vero
1514 4790 1618 4845 attinet
1640 4791 1677 4846 ad
1696 4789 1839 4847 bonitum

49 4912 52 4917 ⁴
107 4887 206 4925 omues
221 4876 315 4926 essent
329 4871 463 4926 obnoxii:
480 4878 508 4925 et
526 4889 559 4926 ex
575 4889 631 4944 qua
646 4874 807 4943 specialiter
821 4891 855 4928 ex
875 4876 952 4930 itlius
1006 4882 1035 4932 et
1047 4869 1273 4934 misericordiam
1293 4877 1455 4934 Conditoris
1474 4877 1535 4949 (qui
1550 4878 1606 4933 sibi
1626 4894 1681 4934 nec
1700 4877 1839 4934 necessita·

106 4959 302 5014 misericordia
326 4959 567 5027 discernerentur,
588 4965 617 5015 et
646 4962 826 5017 salvarentur
857 4964 948 5029 electi,
1006 4971 1064 5021 tem
1080 4967 1226 5038 imposuit,
1252 4983 1304 5022 nec
1327 4970 1498 5038 potestatem
1518 4966 1646 5036 abstulit)
1670 4973 1704 5022 ut
1726 4967 1760 5022 de
1775 4978 1840 5020 crea·

105 5053 240 5102 manente
255 5047 362 5102 scilicet
377 5048 544 5103 inconvulsa
556 5049 748 5104 damnationis
761 5051 951 5121 praedestina·
1004 5060 1067 5109 tura
1082 5071 1143 5121 sna,
1156 5057 1234 5126 justa
1250 5056 1382 5126 exigente
1398 5055 1548 5110 severitate
1568 5054 1737 5126 judicando,
1757 5055 1840 5126 posset

104 5129 224 5193 tiouein
246 5136 392 5207 reprobis;
418 5142 447 5192 et
471 5142 604 5191 manente
627 5137 758 5193 similiter
784 5139 950 5196 inconvulsa
1004 5142 1072 5197 inde
1100 5144 1207 5198 salvere
1238 5149 1378 5215 quantum
1405 5143 1588 5214 illiplacaret
1615 5158 1666 5215 per
1695 5142 1840 5198 indebitam

104 5224 260 5296 ereptionis
274 5225 525 5295 predestinatione
536 5225 566 5279 in
580 5225 695 5294 electis;
712 5227 950 5299 dumjustissimo
969 5231 1137 5318 „gratiam
1153 5233 1230 5303 quod
1244 5233 1320 5303 J'uste
1335 5237 1364 5287 et
1386 5233 1561 5287 eternaliter
1573 5231 1668 5287 luerat
1683 5232 1839 5287 damnatum

103 5316 131 5364 et
147 5312 310 5368 admirabili
332 5314 433 5369 ordine
455 5315 560 5369 divine
587 5315 731 5386 equitatis
746 5321 776 5371 et
792 5317 950 5374 misericor·
1003 5336 1056 5392 per
1069 5321 1193 5392 culpam,
1211 5326 1346 5376 manente
1365 5321 1473 5377 scilicet
1488 5321 1686 5376 damnationis
1700 5317 1838 5379 sentenia.

104 5398 169 5464 die,
204 5407 233 5457 et
258 5402 328 5456 illud
355 5403 482 5474 oportuit
507 5403 588 5474 prius
612 5403 675 5458 lieri
691 5403 725 5458 ad
743 5407 948 5462 ostendendam
1002 5409 1033 5463 in
1056 5409 1161 5481 quibus
1184 5414 1336 5480 permanet
1358 5414 1387 5463 et
1408 5413 1514 5476 reatus,
1530 5414 1560 5463 et
1582 5408 1680 5465 soluta
1699 5409 1730 5465 in
1748 5405 1839 5469 bisin

103 5487 283 5544 severitatem
298 5490 358 5557 liei,
378 5496 407 5546 et
431 5491 505 5546 istud
529 5491 714 5562 postmodum
737 5492 771 5547 ad
796 5494 947 5549 ostenden·
1003 5495 1108 5567 quibus
1122 5496 1201 5557 idem
1218 5505 1314 5552 reatus
1329 5512 1383 5569 per
1405 5496 1509 5553 Christi
1529 5497 1705 5568 sanguinem
1723 5502 1767 5552 est
1779 5493 1840 5549 solu
