3930 6098
155 298 207 356 375
706 297 867 354 tolutim
888 298 993 354 neeis·
1011 297 1189 354 EPISTOLAE
1204 297 1300 353 Tuus.

156 443 338 509 vestramque
351 435 400 492 diu
414 433 607 490 desideratam
621 432 722 489 taciem
737 449 863 502 cernere,
880 441 909 490 et
924 450 1004 489 sacra
1021 433 1044 486 Α
1365 429 1530 486 EPISTULA
1550 432 1598 488 tlt.

157 526 278 583 dulciter
298 523 454 595 amplexari
470 522 604 594 vestigia;
630 522 731 590 etjam
745 523 882 587 secrindo,
899 538 930 577 ac
942 527 1004 577 ter·
1320 556 1354 592 A„
1368 553 1507 594 mmmm,
1519 554 1538 592 ῃ
1559 554 1645 592 „m

157 616 197 671 tio
213 612 303 669 nostri
325 612 436 668 itineris
451 617 619 684 apparatum
638 611 690 665 snb
705 616 781 665 certa
797 611 1004 666 deliberatione
1058 648 1216 703 ΗΘΜ-σθω
1232 646 1306 700 obitu
1320 647 1417 700 emim,
1431 647 1523 710 factus
1551 645 1708 707 Impastus,
1734 645 1784 699 kas
1800 642 1906 700 linem

155 701 311 773 repastum
342 701 491 768 h³b0ffl¹¹⁵r
525 699 604 770 q¹¹0d
625 699 655 753 5¹¹
679 705 745 753 l⁰¹⁰
766 704 862 753 milne*
885 698 1004 769 implere
1093 718 1131 771 od
1165 717 1223 784 ejus
1248 731 1421 771 successorem
1447 715 1720 781 ,trlrr'oaumscm'bit
1746 730 1847 782 roquos
1877 720 1906 769 ut

157 790 360 846 desiderantes.
378 791 483 843 Verum
497 786 521 841 si
543 786 652 858 aliqua,
669 788 744 857 quod
760 787 844 855 absit,
861 787 1004 858 periculo·
1094 788 1196 857 quode
1222 789 1331 843 Nicoloo
1355 787 1473 841 obticere
1501 802 1553 841 non
1563 789 1665 856 potuit,
1678 787 1712 840 ob
1732 802 1760 840 eo
1775 790 1906 855 impetro·

156 894 252 933 sorum
277 883 440 946 temporum
458 875 579 929 varietas
603 880 701 929 votum
723 881 853 929 nostrum
880 875 1004 930 interce·
1094 865 1144 926 rel,
1160 874 1239 913 Situm
1255 859 1347 912 R⁰m2
1362 859 1517 912 adventum·

156 967 242 1040 perit,
269 967 376 1036 legatos
396 969 510 1018 nostros
531 964 693 1018 Gntiridum
713 962 907 1036 [luitfridum]
931 963 1003 1019 dile·
1094 963 1278 1020 sanctissimo
1306 968 1335 1018 et
1371 961 1589 1034 perbeatissimo
1620 964 1763 1019 Haunrauo
1791 978 1905 1017 summo

157 1053 500 1111 ctissimumavuncnlum
515 1057 655 1121 nostrum,
672 1054 877 1108 etWallarium
889 1053 1005 1108 fidelem
1058 1053 1186 1125 pontillci
1202 1058 1231 1107 et
1246 1052 1400 1106 universali
1420 1067 1513 1122 papae,
1533 1053 1701 1116 torsimus,
1724 1051 1822 1105 divina
1837 1068 1907 1122 prae·

158 1148 297 1208 nostrum,
321 1158 432 1195 necnon
454 1147 483 1195 et
504 1141 722 1212 Thantgendnm
747 1141 938 1196 venerabilem
963 1157 1005 1195 ar·
1058 1142 1189 1196 veniente
1205 1140 1365 1208 elementia,
1382 1156 1442 1207 rex,
1459 1147 1576 1194 aeternae
1589 1139 1774 1195 beatitudinis
1791 1145 1820 1193 et
1833 1156 1905 1212 prae·

158 1231 384 1301 ohiepiscopnm,
402 1235 489 1298 atque
503 1232 637 1283 Altonum
655 1228 831 1301 [tlaltoucm,
845 1234 914 1299 puto
930 1231 1003 1285 Viri·
1059 1229 1148 1284 sentis
1162 1229 1361 1299 prosperitatis
1374 1245 1474 1300 pacem
1490 1233 1519 1282 et
1531 1229 1666 1298 gloriam.

158 1320 286 1375 dunensis
306 1317 446 1388 Ecclesia]
462 1317 665 1388 coepiscopum
684 1319 718 1371 ad
737 1323 856 1372 vestram
881 1334 1004 1388 praesen·
1096 1318 1221 1373 Infausta
1247 1318 1355 1385 relatio,
1377 1320 1405 1371 et
1420 1318 1449 1371 in
1472 1317 1608 1388 ambiguo
1624 1317 1760 1372 hactenus
1775 1333 1906 1383 manens,

158 1409 228 1463 tiam
250 1407 392 1462 destinare
413 1405 643 1477 procurabimus,
674 1412 706 1460 ut
733 1422 786 1475 per
809 1406 873 1460 illos
895 1406 1005 1477 liquido
1060 1411 1093 1461 ut
1114 1407 1153 1461 ita
1177 1406 1314 1472 dicamus,
1332 1404 1435 1459 acriter
1457 1408 1565 1458 nostrae
1581 1404 1743 1459 serenitatis
1758 1410 1907 1460 transver-

159 1502 310 1567 cognoscat
333 1501 424 1549 vestra
449 1495 598 1559 celsitudo,
624 1510 710 1565 quam
729 1495 829 1549 fideles
852 1495 931 1548 vobis
954 1511 1006 1564 per
1060 1495 1169 1549 beravit
1189 1510 1272 1549 aures
1297 1494 1471 1561 intimando,
1487 1494 1561 1564 quod
1582 1494 1674 1548 beatae
1690 1494 1839 1548 memoriae
1854 1496 1908 1550 do-

159 1585 257 1640 omnia
271 1584 430 1649 existimus,
449 1600 500 1638 nos
516 1588 544 1637 et
559 1583 656 1637 tideles
672 1582 771 1651 nostri,
788 1587 815 1638 at
831 1599 918 1653 quam
934 1582 1005 1638 lide·
1060 1598 1145 1638 mnus
1160 1583 1292 1638 Nicotaus
1313 1582 1479 1637 universatis
1502 1598 1578 1653 papa
1592 1583 1627 1637 ab
1649 1583 1701 1638 hac
1714 1584 1908 1655 lacrymarum

159 1673 225 1728 liter
257 1672 356 1728 restris
388 1671 550 1726 salubribus
584 1671 721 1737 consiliis,
751 1675 779 1726 et
810 1671 1006 1742 spiritualibus
1061 1671 1144 1738 valle,
1172 1676 1289 1726 vocante
1313 1670 1437 1736 Christo,
1463 1671 1625 1738 decesserit,
1652 1687 1717 1726 cum
1741 1673 1855 1740 sanctis,
1879 1678 1909 1728 ut

160 1760 276 1816 monitis
296 1776 397 1831 parcre
422 1759 630 1815 desideramus.
653 1761 761 1814 Revera
782 1759 855 1815 sicut
869 1760 1006 1830 spiritalis
1026 1731 1215 1827 Baccedimus,
1235 1758 1473 1815 inaestimabiliter
1491 1760 1683 1815 coronandus.
1704 1761 1783 1816 Unde
1803 1767 1909 1817 nostrae

160 1866 192 1904 ao
218 1847 420 1903 devotissimus
448 1848 524 1902 lilius
546 1849 778 1903 reverentissimo
805 1847 890 1920 patri,
921 1853 1006 1920 atque
1061 1846 1291 1903 mansuetudinis
1314 1845 1426 1901 allectio
1451 1846 1606 1900 admodum
1632 1846 1837 1918 ingemiscens,
1859 1865 1907 1919 ge-

161 1936 316 1992 universali
340 1952 433 2007 papae,
455 1936 551 2006 debet,
576 1937 684 2008 quippe
708 1953 760 1990 nos
779 1941 808 1991 et
829 1936 1007 1992 venerabiles
1062 1935 1140 1991 mino
1156 1935 1253 1991 dolore
1279 1935 1451 2001 concutitur,
1480 1934 1614 1989 videlicet
1629 1934 1705 2005 quod
1730 1939 1823 1989 mater
1846 1952 1907 1989 orn-

160 2025 288 2096 episeopi
311 2030 397 2095 atque
423 2025 521 2079 fideles
544 2026 646 2091 nostri,
668 2024 906 2095 sinoncorpora,
923 2026 1007 2080 cordo
1061 2025 1142 2081 nium
1169 2024 1357 2079 Baetasiorum
1379 2024 1440 2091 liei,
1458 2029 1563 2089 sauata,
1591 2028 1619 2077 et
1641 2023 1797 2094 apostolice
1820 2023 1909 2079 Eccle

160 2118 258 2170 tamen
271 2113 307 2167 ad
327 2117 421 2166 vestra
444 2129 523 2167 sacra
547 2114 665 2183 vestigia
688 2114 839 2184 provoluti,
859 2115 1008 2170 humiliter
1061 2113 1113 2179 sia,
1130 2113 1227 2168 taliae
1242 2116 1321 2166 tanto
1336 2111 1532 2182 carnitpalre,
1554 2116 1640 2183 atque
1656 2112 1686 2165 in
1703 2112 1812 2167 coelesti
1827 2115 1908 2168 leru-

161 2202 297 2273 petimus,
333 2205 364 2255 ut
394 2199 418 2254 si
444 2201 547 2273 aliquis
571 2202 755 2257 inimicorum
781 2208 944 2258 nostrorum
973 2220 1007 2259 ex
1061 2203 1150 2257 selem
1174 2202 1289 2256 lucerna
1312 2201 1415 2255 ardens
1439 2205 1467 2255 et
1492 2201 1589 2255 lucens
1614 2201 1720 2255 nostris
1740 2200 1909 2272 periculosis

161 2293 259 2345 nostra
279 2293 371 2359 parte,
396 2289 533 2359 quiddam
559 2290 707 2344 sinistrum
724 2291 861 2345 mendoso
877 2291 1007 2347 falsitatis
1060 2290 1239 2361 temporibus
1256 2306 1271 2344 a
1289 2289 1447 2344 tenebrosis
1470 2287 1611 2343 malelidis
1627 2287 1677 2344 uei
1700 2287 1776 2361 [dicit
1803 2289 1909 2344 tinibus

161 2377 255 2447 elogio
279 2377 380 2432 vestris
404 2378 590 2433 sanctissimis
609 2379 727 2433 auribus
746 2379 907 2451 significare
929 2397 1005 2452 prae·
1061 2379 1097 2434 sit
1114 2383 1232 2433 remota.
1257 2379 1313 2432 Nec
1337 2377 1442 2445 differt,
1467 2381 1499 2431 ut
1520 2377 1614 2431 omnis
1630 2377 1790 2432 Christiana
1809 2378 1909 2449 religio

161 2466 326 2533 sumpserit,
343 2465 424 2537 quasi
444 2466 643 2538 serpentinum
657 2468 745 2533 virus,
766 2469 920 2539 apostolica
940 2469 1005 2523 ebo·
1061 2467 1096 2522 de
1120 2472 1200 2522 tanto
1215 2467 1350 2538 pontifice
1367 2467 1469 2532 doleat,
1491 2471 1520 2520 el
1534 2465 1627 2520 curnis
1646 2466 1717 2521 ordo
1738 2466 1908 2522 ecclesiasti-

162 2554 287 2608 minetur
310 2554 472 2609 auctoritas.
498 2557 529 2610 m
554 2555 671 2627 quidem
687 2557 777 2611 nostri
792 2557 918 2629 episcopi
933 2557 1006 2612 veri·
1060 2572 1111 2626 cus
1133 2557 1167 2612 de
1194 2555 1419 2629 prudentissimo
1441 2571 1473 2610 ac
1496 2554 1675 2610 sanctissimo
1693 2572 1768 2627 papa
1783 2556 1907 2626 ingemi-

160 2642 225 2697 tatis
238 2641 380 2712 discipuli,
396 2643 526 2712 magistri
542 2643 647 2697 erroris
664 2660 723 2698 esse
740 2659 798 2698 non
813 2649 944 2714 possunt,
957 2644 1007 2716 qui
1062 2650 1129 2700 scat.
1146 2646 1255 2701 Revera
1269 2661 1321 2698 nos
1344 2643 1440 2714 potius
1456 2642 1606 2712 deflemus,
1622 2643 1672 2715 qui
1686 2659 1785 2698 causas
1802 2649 1909 2698 nostrae

161 2729 314 2786 orthodoxi
338 2730 428 2800 patris
455 2731 600 2786 catholica
625 2737 653 2785 ct
680 2732 840 2802 apostolicae
860 2731 928 2787 fidei
947 2734 1008 2788 veri
1061 2733 1213 2789 calumniae
1227 2733 1393 2799 insolentes,
1410 2737 1437 2786 et
1455 2732 1651 2786 fraudulentas
1666 2732 1841 2786 aemulorum
1856 2749 1907 2786 no-

160 2818 362 2890 probabuntur
376 2834 437 2873 esse
451 2819 584 2873 cultores.
1062 2825 1186 2877 atrorum
1208 2821 1413 2893 querimonias,
1430 2825 1487 2873 tam
1511 2820 1637 2890 benigno
1660 2819 1735 2891 patri
1753 2819 1909 2891 aequitatis,

196 2908 273 2962 luter
287 2906 341 2961 ista
363 2923 431 2961 vero
458 2912 552 2962 ratum
576 2924 637 2962 esse
657 2908 792 2963 duximus
811 2908 1006 2978 inserendum,
1062 2914 1090 2964 et
1100 2909 1219 2980 justitiae
1242 2910 1323 2964 lance
1345 2909 1546 2980 ponderandas
1568 2925 1599 2962 ac
1618 2909 1854 2964 determinandas
1874 2911 1909 2963 ad

161 2996 278 3069 quodsi
301 2996 397 3068 aliqua
412 2997 537 3052 incursio
551 3013 729 3069 paganorum
746 2998 816 3052 lines
840 2998 916 3053 beati
931 2998 1006 3053 Petri
1026 3003 1176 3071 ctempus
1199 3003 1227 3052 et
1256 2998 1287 3052 iu
1310 3001 1390 3069 parte
1417 2997 1622 3053 commisimus.
1649 2996 1704 3052 Sed
1727 2998 1805 3070 quod
1830 2999 1912 3070 lugu·

161 3085 243 3139 vobis
258 3084 370 3139 coelltus
391 3086 560 3140 commissos
583 3086 662 3140 adire
685 3085 846 3154 tentaverit,
868 3092 917 3141 aut
935 3085 1007 3141 forte
1060 3087 1150 3142 briter
1168 3085 1350 3156 replicamus,
1370 3086 1435 3155 plus
1457 3084 1533 3155 apud
1556 3083 1735 3138 sanctitatem
1758 3084 1838 3138 itlius
1863 3100 1911 3138 va·

160 3173 300 3229 terminos
314 3174 510 3245 augustissimi
525 3175 802 3246 imperatoriamque
817 3175 1007 3231 amantissimi

160 3261 292 3333 germani
317 3263 407 3316 nostri
436 3262 581 3329 ludovici,
613 3267 699 3335 prout
723 3264 891 3334 nuperrima
921 3270 1007 3334 atque

160 3349 287 3404 inlausta
310 3350 449 3404 relatione
464 3351 670 3420 comperimus,
688 3351 849 3421 irrumpere
865 3367 1007 3422 proesum-

160 3439 261 3508 pserit,
282 3438 352 3492 ilturl
369 3437 452 3491 nobis
468 3438 576 3509 absque
592 3438 650 3492 utta
665 3438 803 3493 dilatione
819 3439 898 3493 ocius
919 3438 1008 3510 signi·

161 3525 239 3581 llcari
263 3525 458 3596 deposcimus;
484 3525 552 3596 quia
576 3525 706 3597 quolibet
726 3525 885 3597 postposito
909 3542 1007 3581 rerum

160 3613 366 3685 temporalium
376 3614 492 3675 damno,
504 3615 770 3686 atqueparvipeuso
780 3615 901 3686 perituri
913 3614 1008 3670 discri-

160 3702 239 3757 mine
262 3701 346 3773 regni
361 3718 412 3770 pro
426 3719 533 3768 amore,
556 3708 584 3758 et
600 3705 703 3758 timore
718 3704 781 3770 Dei,
805 3708 834 3758 et
856 3703 1008 3759 beatorum

161 3788 365 3859 apostulorum,
382 3794 601 3861 sanctorumque
625 3792 756 3846 omnium
779 3793 948 3857 reverentia,
969 3793 1008 3849 si·

160 3878 278 3947 mulque
302 3885 395 3933 vestra
426 3879 606 3935 sanctissima
629 3881 812 3950 paternitate,
837 3897 922 3952 quam
946 3897 1008 3952 prae

161 3967 295 4021 omnibus
309 3968 480 4024 mortalibus
491 3968 619 4040 diligere,
632 3985 663 4022 ac
675 3969 804 4023 venerari
819 3969 1006 4039 decrevimus,

161 4072 213 4110 uus
241 4072 272 4110 ac
297 4055 395 4110 fideles
422 4063 537 4110 nostros
566 4057 661 4122 morti,
686 4073 718 4111 ac
742 4057 871 4127 periculo
895 4058 1007 4113 tradere

161 4144 255 4213 parati
278 4160 387 4211 sumus,
414 4144 536 4199 scientes
560 4161 621 4199 esse
645 4146 781 4216 scriptum
797 4162 803 4199 :
820 4145 931 4200 Timere
948 4162 1007 4201 non

161 4229 301 4284 debemus
314 4235 447 4299 mortem,
459 4248 523 4303 quae
536 4232 597 4286 siue
614 4233 700 4288 dubio
716 4233 847 4304 perducit
862 4234 896 4289 ad
907 4234 1005 4290 vitam.

1061 3177 1140 3230 luere
1168 3181 1332 3228 nostrorum
1362 3172 1542 3226 inimicorum
1571 3171 1684 3226 insidiae
1713 3177 1741 3226 et
1766 3172 1911 3226 simulatae

1061 3259 1254 3334 deceptiones,
1277 3278 1364 3334 quam
1380 3267 1475 3316 nostra
1492 3261 1613 3331 simplex
1634 3266 1662 3315 et
1676 3277 1749 3333 pura
1763 3261 1909 3327 defensi03

1062 3353 1170 3424 quippe
1186 3352 1328 3421 patienter
1349 3354 1435 3421 atque
1454 3351 1655 3421 equanimiter
1675 3350 1748 3403 ultra
1770 3350 1910 3404 sufferen-

1061 3440 1131 3495 tiam
1147 3440 1278 3493 omnium
1293 3439 1535 3509 praedecessorum
1545 3443 1710 3492 nostrorum
1721 3443 1852 3492 nostram
1869 3455 1912 3492 re·

1062 3527 1138 3598 giam
1154 3527 1334 3594 dignitatem,
1358 3542 1390 3581 ac
1404 3526 1541 3581 divinitus
1556 3526 1722 3581 attributam
1736 3530 1911 3596 potestatem

1060 3614 1228 3668 reverentie
1242 3613 1330 3679 illius,
1352 3614 1410 3668 imo
1433 3615 1527 3685 potius
1546 3615 1740 3684 apostolorum
1759 3615 1910 3686 principis,

1059 3701 1207 3759 humiliter
1233 3702 1431 3763 submisimus,
1447 3708 1476 3757 et
1499 3704 1676 3774 ultraquam
1701 3703 1778 3757 credi
1805 3709 1910 3774 posset,

1061 3791 1120 3844 suis
1141 3790 1268 3861 paternis
1289 3791 1405 3844 monitis
1419 3791 1542 3845 tidenter
1567 3790 1728 3861 paruimus,
1749 3806 1783 3844 ae
1808 3791 1910 3845 misso·

1061 3895 1125 3933 rum
1145 3895 1262 3933 suorum
1283 3879 1361 3932 varia
1375 3883 1403 3933 at
1419 3879 1589 3949 multiplicia
1603 3880 1786 3933 hortamenta
1800 3885 1910 3933 sectan-

1061 3967 1097 4022 do
1112 3972 1229 4038 propter
1244 3982 1371 4020 amorem
1388 3967 1450 4032 Dei,
1466 3973 1494 4020 et
1518 3967 1706 4021 reverentiam
1729 3973 1909 4028 sanctornm,

1060 4053 1091 4107 iu
1113 4053 1257 4124 aliquibus
1282 4069 1297 4106 a
1321 4057 1419 4107 nostro
1444 4053 1524 4122 regio
1548 4055 1684 4119 themate,
1715 4068 1799 4106 secus
1822 4069 1910 4125 quam

1061 4146 1207 4213 oporteret
1230 4141 1259 4195 iu
1283 4147 1363 4212 parte
1379 4141 1612 4197 exorbitavimus.
1637 4141 1727 4212 Igitur
1748 4146 1908 4210 sperantes,

1061 4235 1091 4285 et
1105 4229 1197 4285 modis
1212 4229 1346 4283 omnibus
1360 4230 1519 4297 eredentes,
1533 4230 1563 4284 in
1576 4229 1756 4284 sanctissimo
1771 4232 1909 4300 pontilice

196 4318 301 4396 lgitur
316 4319 420 4389 quibus
447 4321 576 4376 valemus
603 4321 684 4387 votis,
708 4322 821 4377 Domini
847 4323 1005 4378 misericor·
1026 4318 1151 4396 piidum
1168 4321 1274 4372 nostrae
1289 4317 1419 4371 tuitionis
1431 4318 1570 4372 sterilium
1585 4318 1731 4388 ponimns.
1748 4318 1804 4372 Sed
1821 4319 1911 4372 nesci·

161 4406 240 4462 diam
251 4405 448 4478 imploramus,
461 4413 494 4464 ut
507 4415 635 4464 nostram
647 4411 896 4467 mansuetudinem
906 4417 1007 4468 vestrae

161 4495 406 4551 excellentissimae
429 4497 553 4553 almitati
578 4499 694 4555 tandem
718 4505 904 4571 representet
928 4501 1006 4557 inco·

161 4583 273 4651 lumen,
313 4589 455 4655 quatenus
496 4585 592 4641 verior
618 4587 794 4657 experientia
832 4589 1008 4658 apostolatus

161 4671 247 4727 vestri
269 4671 380 4742 puriter
406 4680 568 4745 cognoscat,
596 4681 693 4730 utrum
716 4676 827 4748 prolata
850 4677 1008 4731 averitatis

161 4760 241 4816 fonte
263 4763 468 4818 emanaverint.
486 4763 677 4835 Omnipotens
694 4767 767 4821 Dens
784 4765 874 4821 nostri
894 4781 1006 4820 memo·

161 4864 222 4903 rem
238 4864 384 4904 summum
406 4852 491 4906 vestri
505 4852 678 4908 sanctissimi
692 4852 876 4924 pontificatus
896 4854 1006 4925 apicem

160 4938 306 5009 prosperis
331 4940 505 4996 successibus
529 4942 651 4997 feliciter
672 4942 842 5014 insignitum
867 4942 903 4997 ad
917 4949 1007 4999 custo-

161 5024 238 5080 diam
266 5024 362 5098 gregis
396 5042 573 5096 conservare,
599 5036 627 5084 et
648 5031 774 5085 exaltare
795 5030 915 5095 dicetur,
942 5033 1005 5102 glo·

160 5112 328 5182 riosissime‚
344 5130 376 5169 ac
388 5117 622 5186 prestantissima
638 5119 728 5188 pater.

195 5467 205 5490 ¹
220 5459 301 5524 Apud
317 5460 481 5526 baronium,
498 5463 565 5516 ibid.

1063 4423 1127 4461 mus
1143 4406 1247 4478 quibus
1262 4405 1503 4475 suggestionibus,
1520 4410 1569 4460 aut
1583 4413 1659 4460 certe
1676 4406 1833 4475 superfluis
1847 4423 1911 4477 pro·

1062 4493 1245 4549 missionibus
1260 4497 1354 4547 actum
1379 4499 1429 4560 est,
1453 4493 1530 4563 quod
1550 4494 1695 4564 insperata
1714 4493 1816 4548 ditatio
1834 4496 1909 4547 mul·

1062 4583 1173 4654 tiplices
1187 4581 1300 4652 peperit
1322 4581 1494 4646 simultates;
1516 4585 1601 4652 alque
1615 4583 1651 4635 ob
1666 4581 1720 4635 hoc
1735 4588 1834 4636 nostra
1849 4598 1910 4636 res·

1061 4670 1175 4740 publica
1205 4686 1262 4724 non
1283 4669 1423 4724 modicam
1449 4684 1656 4740 usquequaque
1681 4669 1800 4739 pertulit
1815 4670 1909 4724 laesio·

1061 4776 1138 4815 nem.
1177 4759 1232 4812 Nos
1259 4763 1356 4812 autom
1387 4757 1488 4812 litteris
1522 4763 1551 4811 et
1591 4757 1681 4811 verbis
1708 4756 1911 4812 indesinenter

1061 4847 1282 4918 proclamantes,
1308 4851 1338 4898 et
1359 4845 1476 4899 diversis
1492 4844 1683 4915 legationibus
1707 4846 1808 4898 eadem
1824 4861 1908 4916 repe·

1061 4940 1166 4999 tentes,
1182 4933 1331 4987 humiliter
1343 4932 1561 5003 postulavimus,
1573 4937 1604 4987 ul
1620 4949 1672 4987 nos
1688 4938 1717 4986 et
1730 4941 1911 4988 accusatores

1061 5023 1153 5080 nostri
1166 5024 1246 5091 juxta
1262 5021 1373 5076 divinas
1395 5026 1423 5075 et
1445 5022 1587 5076 humanas
1601 5022 1689 5090 leges,
1705 5021 1750 5075 sni
1766 5021 1911 5091 pontilicii

1062 5111 1238 5168 audientiam
1254 5126 1443 5178 mereremur,
1459 5117 1492 5165 ut
1505 5112 1578 5164 ratio
1587 5111 1681 5178 docet,
1696 5116 1827 5165 nostram
1840 5127 1912 5183 prae·

1061 5199 1183 5255 sentiam
1199 5197 1369 5253 exhibendo.
1388 5197 1441 5252 Sed
1458 5197 1541 5252 toties
1561 5197 1669 5267 repulsi
1685 5196 1771 5251 etiam
1791 5199 1912 5254 taudem

1061 5285 1258 5357 multipliciter
1280 5286 1378 5353 coacti,
1393 5285 1534 5356 judicium
1559 5302 1591 5341 ao
1605 5285 1750 5355 uestigium
1765 5292 1910 5351 nostrum,

1060 5377 1090 5431 in
1105 5375 1155 5429 illa
1178 5374 1378 5429 collocavimus
1402 5379 1492 5445 petra,
1516 5375 1550 5430 de
1565 5390 1623 5446 qua
1644 5374 1795 5429 Psalmista
1821 5377 1913 5432 cunii·
