3930 6098
128 243 174 297 iil
799 241 989 301 titulantes
1008 239 1203 297 tuutuostts
1830 242 1881 297 54⁸2

126 373 221 442 legem
238 388 325 445 quam
339 389 429 445 nsqtm
443 373 478 428 ad
490 373 587 445 ipsum
601 378 715 445 tempus
727 374 901 446 ignorabant
916 391 982 430 con·
999 377 1022 430 Α
1037 373 1121 441 stitit,
1146 370 1275 443 nihilque
1288 374 1395 444 ¹legere
1419 374 1463 428 vel
1491 374 1612 428 scribere
1640 373 1751 445 nequit.
1780 379 1882 431 lienum

126 461 231 516 stituit.
250 462 362 517 Hebraei
386 467 483 516 tamen
508 465 717 532 acharistum,
746 464 794 517 sed
818 467 979 534 eumpnetio
1034 461 1164 517 etiamin
1179 464 1345 529 comestione,
1364 478 1420 516 uon
1436 461 1561 517 triticum
1577 462 1647 529 legit
1675 479 1682 517 z
1707 478 1797 517 vacua
1821 467 1882 518 tota

125 554 234 604 terram
248 551 411 605 venundare
426 557 559 606 asserunl
570 551 707 623 positum.
725 552 807 617 Quod
822 553 979 608 Teodution
1033 549 1203 622 praedicans,
1218 555 1248 603 et
1262 566 1295 603 ex
1309 549 1457 619 religionis
1472 550 1615 604 soliditate
1637 550 1709 605 nihil
1734 550 1879 617 habentia,

126 638 258 709 apertius
271 639 414 709 explicat:
432 661 446 689 a
474 640 506 694 ut
520 640 582 695 haec
597 640 691 712 iuquit
710 642 750 695 ait
773 650 795 699 ⁸.
821 647 852 695 ut
868 640 979 694 muniat
1033 639 1083 692 sed
1099 639 1193 692 solum
1209 637 1337 704 insanie,
1354 643 1381 691 et
1396 638 1524 708 pertidia.
1539 639 1643 692 erroris
1657 639 1769 693 uestita.
1785 640 1882 695 Sedet

126 726 263 798 praesidia
285 743 350 781 cum
373 729 429 781 ileo
448 727 555 791 alieno,
585 733 613 784 et
639 745 705 783 cum
728 729 768 783 eis
790 731 932 794 tenderet,
950 729 978 783 id
1032 726 1223 798 fenumqued
1244 726 1382 788 comedet,
1400 732 1519 796 possunt
1543 727 1622 780 iacui
1642 726 1805 798 intelligere
1828 726 1879 782 ho-

124 823 169 869 est
183 816 257 884 suis,
275 816 478 887 multiplicabit
493 817 645 885 honorem,
669 821 697 872 et
719 816 861 872 dominari
880 817 978 871 multis
1034 815 1135 880 mines,
1165 814 1275 882 alege,
1301 813 1379 884 quod
1425 813 1546 884 decepit.
1576 813 1723 886 Siquidem
1755 814 1880 871 universi

123 903 221 972 faciet,
239 910 268 959 et
293 909 399 959 terram
427 905 538 960 dividet
562 907 662 976 gratis.
688 907 754 961 Ideo
772 905 978 960 Deumiortis-
1033 902 1180 973 gentilicio
1205 919 1298 971 coena,
1325 908 1353 957 et
1381 902 1523 957 idolatriae
1544 904 1630 969 malo,
1660 909 1742 959 erant
1770 903 1878 970 iniecti,

124 991 234 1047 simum
256 1009 286 1047 se
309 993 427 1048 simulat
445 994 577 1062 adorare,
597 999 628 1049 ut
651 995 737 1050 deum
766 996 892 1049 alienum
919 995 978 1049 suis
1031 1008 1104 1063 quos
1130 1007 1235 1046 vacuos
1257 991 1406 1046 inveniens
1430 991 1584 1059 devoravit,
1608 997 1637 1045 el
1661 991 1715 1047 sibi
1738 997 1879 1064 perpetuo

120 1080 342 1149 introducat,et
365 1099 482 1153 pervere
499 1084 640 1139 rationem
657 1083 979 1138 lieihouoremmulti-
1034 1081 1146 1135 vinculo
1179 1080 1343 1151 conligavit.
1371 1080 1579 1135 Fortitudinem
1607 1084 1637 1135 in
1665 1082 1773 1147 lumbis,
1802 1089 1828 1136 et
1850 1083 1881 1138 in

118 1170 212 1241 plicet
227 1170 258 1225 in
272 1171 418 1242 gentibus,
443 1178 472 1227 et
491 1173 651 1229 accumulet
674 1173 862 1227 dominatum.
890 1193 901 1221 ι
925 1173 979 1226 Per
1032 1170 1159 1225 umbilico
1184 1169 1346 1241 possidens,
1371 1174 1403 1223 ut
1424 1169 1556 1240 superius
1585 1170 1642 1223 solo
1666 1169 1880 1225 clariustextus

117 1259 368 1330 quodevideuter
386 1260 506 1331 hujusce
528 1261 622 1331 gentis
645 1261 688 1315 vel
713 1261 795 1332 regni
816 1260 979 1332 specialiter
1033 1258 1220 1328 expositionis
1247 1257 1370 1313 edocuit.
1404 1258 1459 1312 llas
1485 1274 1601 1330 quoque
1629 1258 1761 1328 regiones
1792 1275 1880 1330 quam

116 1347 198 1401 ectio
219 1352 374 1403 reseretur.
397 1349 432 1404 lli
454 1349 633 1404 animalium
656 1351 728 1418 loca,
746 1366 810 1421 quae
826 1349 978 1404 mercimo·
1033 1346 1155 1401 maxime
1172 1347 1338 1418 inutraque
1355 1363 1432 1413 sexu,
1459 1347 1574 1402 luxuria
1589 1352 1618 1401 et
1643 1347 1733 1401 libido
1752 1363 1881 1418 praeceps

115 1436 177 1490 niae
206 1436 343 1491 instituta
365 1436 541 1505 deserviunt,
564 1439 594 1492 iu
614 1439 719 1510 quihus
743 1439 825 1493 solite
841 1438 977 1494 nundinae
1032 1435 1145 1490 retinet.
1163 1435 1288 1499 Ottarum
1309 1437 1322 1470 l
1338 1436 1523 1490 seminarium
1541 1432 1699 1502 licentiose,
1717 1441 1745 1490 et
1759 1451 1831 1506 vaga
1845 1435 1879 1490 li-

111 1528 322 1582 exerceuturb
344 1530 418 1581 tecto
434 1527 572 1594 carentia,
588 1527 640 1581 soli
663 1532 693 1582 et
713 1528 783 1582 coelo
807 1527 946 1599 patientia
958 1535 976 1590 ⁶,
1031 1523 1151 1588 herlate,
1175 1524 1245 1592 legis
1269 1524 1441 1595 auctoritate
1455 1524 1630 1591 distendens,
1646 1523 1758 1579 auctori
1779 1540 1809 1578 se
1825 1539 1879 1594 pu·

111 1614 250 1686 pretiosa
265 1615 387 1685 pecunia
401 1615 556 1678 venditant,
579 1616 617 1671 ita
633 1621 665 1670 ut
685 1617 782 1671 nullus
797 1617 889 1671 audax
904 1632 976 1687 prae·
1031 1611 1103 1666 tavit
1117 1613 1244 1682 potentia
1260 1612 1383 1679 dilatari,
1404 1617 1433 1667 et
1448 1611 1690 1683 propagationum
1712 1611 1880 1666 traducibus

111 1705 269 1771 sumptor,
292 1701 348 1754 nisi
374 1701 466 1771 pretio
490 1701 584 1755 soluto
606 1700 620 1738 d
643 1703 805 1757 sensionem
833 1702 977 1756 mercandi
997 1673 1017 1727 B
1034 1715 1183 1754 numerose
1213 1705 1313 1755 nactus
1343 1707 1387 1755 est
1420 1701 1556 1754 seculum
1583 1700 1723 1754 obtinere.
1757 1698 1880 1756 Cantium

110 1805 187 1860 quae
203 1789 326 1859 propria
340 1789 492 1843 necessitas
504 1790 609 1861 exegit,
625 1806 808 1862 quocumque
822 1806 887 1844 casu
902 1805 977 1861 prae-
1030 1803 1108 1843 snam
1137 1791 1208 1843 sicul
1235 1790 1330 1844 cedrus
1358 1791 1482 1856 strinxit,
1517 1789 1585 1844 dum
1612 1787 1783 1859 sequipedas
1810 1785 1878 1841 lidei

111 1881 232 1931 sumat.
254 1877 321 1934 llaec
335 1877 433 1931 omnia
448 1877 509 1948 ipse
525 1895 615 1933 cornu
631 1879 814 1933 undecimum
830 1886 841 1913 ⁰
856 1881 978 1946 inqentin
1031 1892 1091 1930 suae
1112 1877 1262 1932 severitate
1278 1878 1358 1950 legis,
1384 1884 1413 1932 et
1435 1876 1582 1932 diabolicis
1595 1876 1714 1945 regulis,
1734 1875 1765 1930 in
1780 1876 1877 1930 futuro

111 1967 240 2036 loquens
257 1964 403 2036 (Dumna
421 1965 448 2037 8)
465 1965 600 2033 instituit,
626 1967 701 2038 quod
718 1983 752 2020 ex
773 1966 850 2021 tribu
865 1967 978 2022 modica
1030 1965 1192 2035 praevidens
1215 1966 1355 2021 solidavit.
1377 1968 1466 2032 Quam
1494 1967 1615 2020 caudam
1638 1981 1691 2019 uos
1706 1964 1814 2037 experti
1830 1979 1877 2018 su·

109 2069 259 2124 surgens,
275 2059 304 2107 et
318 2069 377 2108 non
393 2059 544 2125 potestate,
556 2054 604 2108 sed
620 2056 697 2124 dolo,
715 2061 744 2110 at
758 2055 839 2127 quasi
855 2057 977 2110 amule-
1033 2070 1105 2115 mus,
1131 2054 1180 2126 qui
1210 2055 1239 2108 in
1268 2055 1422 2109 novissimo
1439 2061 1569 2125 tempore
1592 2053 1739 2108 constituti
1755 2052 1877 2111 atrocio-

107 2143 204 2198 tione
220 2141 305 2213 legis,
329 2142 450 2197 auctiori
474 2143 580 2198 virtute
603 2160 744 2210 crescens,
769 2160 890 2215 regnum
905 2161 976 2216 pau·
1032 2160 1091 2198 rem
1109 2143 1347 2214 ,persecutionem
1370 2143 1461 2213 ipsius
1485 2143 1585 2197 bestiae
1609 2143 1793 2197 sustinemus.
1816 2142 1877 2212 lpse

105 2231 208 2287 latim
223 2230 340 2298 invasit,
363 2231 538 2304 brachiaque
563 2232 769 2299 Romanorum,
786 2234 814 2287 id
839 2238 881 2287 est
902 2250 977 2304 prae-
1031 2237 1074 2287 est
1087 2233 1165 2287 enim
1181 2234 1228 2287 ille
1246 2249 1252 2287 :
1270 2235 1329 2287 Rex
1342 2231 1486 2301 impudens
1501 2231 1671 2297 libidinibus,
1684 2236 1709 2286 el
1721 2232 1876 2298 adulteriis,

105 2320 198 2375 sidia
215 2319 318 2374 Eraclii
331 2320 525 2390 imperatoris,
541 2321 572 2375 in
596 2321 766 2392 quibusdam
785 2321 855 2376 locis
869 2323 978 2393 perdo·
1030 2323 1103 2386 facie
1124 2326 1149 2376 et
1174 2323 1327 2389 intellipens
1342 2323 1559 2391 propositionum
1583 2323 1742 2390 iniquarum
1765 2323 1876 2390 proesti·

105 2410 208 2464 muit.
227 2409 294 2464 ldeo
312 2425 345 2463 ex
363 2415 442 2481 parte
463 2410 490 2465 ei
513 2410 608 2464 omnis
622 2411 684 2465 baec
702 2411 842 2481 competit
856 2413 978 2483 prophe·
1030 2411 1077 2475 qia
1093 2408 1173 2480 (Dan.
1188 2427 1249 2479 vui,
1263 2412 1321 2478 23).

102 2499 153 2553 tia
174 2514 183 2552 ι
203 2497 237 2552 iu
253 2512 310 2568 qua
325 2498 360 2552 de
372 2497 485 2552 modico
501 2499 608 2571 populo
625 2500 741 2570 prodire
755 2500 860 2554 dicitur
874 2501 975 2556 bestia.
1065 2499 1110 2551 Ἡ.
1126 2498 1224 2552 Nereos
1241 2498 1343 2552 babens
1367 2498 1552 2552 testiculorum
1571 2498 1727 2567 perplexos,
1749 2496 1877 2552 libidini·

104 2586 205 2643 Unde
222 2585 254 2639 iu
273 2602 360 2640 cornu
383 2586 482 2642 bestiae
502 2591 584 2656 quusi
605 2589 694 2643 oculos
710 2590 826 2643 hominiis
841 2588 978 2644 dicuntur
1029 2585 1082 2640 bus
1097 2586 1237 2655 proiluos,
1253 2591 1281 2640 et
1294 2586 1635 2656 germinationesaturos,
1651 2603 1699 2641 seu
1712 2587 1878 2656 praedicato-

102 2675 183 2730 visi.
204 2673 280 2739 Quid
295 2675 372 2729 enim
388 2692 440 2746 per
455 2677 564 2744 oculos,
583 2692 635 2748 per
649 2693 722 2748 quos
743 2677 878 2748 dirigitur
894 2678 974 2747 visio,
1029 2691 1074 2730 res
1089 2681 1189 2730 contra
1202 2676 1414 2753 humanitatem
1431 2677 1491 2745 uei,
1512 2682 1540 2731 et
1564 2677 1678 2734 Domini
1705 2676 1795 2731 nostri
1811 2693 1877 2732 acu·

102 2764 174 2818 nisi
202 2765 251 2816 lex
277 2763 326 2816 illa
350 2764 491 2835 signatur,
506 2780 592 2835 quam
611 2765 746 2819 instinctu
763 2766 974 2821 daemoniorum
1030 2763 1116 2817 minis
1142 2765 1300 2819 assertione
1334 2765 1475 2820 robustos.
1504 2766 1570 2822 Ossa
1593 2767 1652 2834 ejus
1676 2767 1757 2835 quusi
1780 2767 1878 2835 fistule

101 2851 248 2923 perditis
263 2854 372 2906 occulto
390 2853 439 2907 liei
461 2853 572 2923 judicio
588 2853 710 2908 detulit?
725 2855 890 2924 Praeceptum
904 2858 976 2910 enim
1028 2855 1107 2920 aris,
1124 2869 1225 2907 omues
1254 2852 1364 2908 robusti
1383 2853 1472 2920 illius,
1500 2853 1697 2908 insensibilem
1727 2854 1878 2909 reddentes

107 2943 243 2996 Domini
266 2941 395 3009 lucidum,
426 2944 596 2997 inluminans
621 2944 709 2998 oculos
738 2943 823 3013 (Psoi.
849 2960 907 3010 viu,
938 2944 973 3015 9).
996 2941 1140 3030 elinguas
1154 2941 1275 2996 arabicae
1291 2941 1471 3012 plausibilem
1482 2957 1595 2996 sonum.
1612 2941 1754 2996 Nimirum
1769 2946 1799 2996 ut
1814 2942 1879 2997 hea-

107 3029 175 3084 Sed
194 3027 342 3099 quianon
369 3029 400 3083 in
415 3029 526 3085 decimo
541 3046 674 3097 numero,
701 3031 798 3086 sedin
823 3033 976 3087 undecimo
1033 3035 1079 3083 lus
1091 3029 1244 3100 Gregorius
1259 3028 1319 3084 aitl
1344 3031 1418 3085 llere
1436 3029 1543 3084 metalli
1559 3029 1755 3085 insensibilem
1773 3047 1877 3086 sonum

110 3116 259 3183 revelati,
275 3122 304 3170 el
319 3133 376 3171 non
398 3118 482 3186 oculi,
507 3119 555 3174 sed
572 3121 651 3188 quusi
666 3121 737 3175 oculi
756 3125 823 3174 sunt
837 3120 974 3190 denotati,
1029 3117 1101 3172 bene
1126 3117 1264 3188 loquendi
1288 3118 1402 3179 hahent,
1428 3118 1476 3172 sed
1505 3133 1620 3172 sensum
1648 3118 1721 3173 bene
1740 3119 1877 3191 loquendi

112 3207 186 3262 ideo
201 3221 264 3259 non
279 3206 322 3260 lex
338 3206 458 3260 dicende
481 3211 524 3260 est
547 3207 675 3278 proprie,
692 3209 740 3262 sed
756 3209 838 3280 quasi
854 3210 897 3264 lex
913 3225 974 3264 cre·
1029 3220 1087 3259 non
1103 3204 1220 3259 habent.
1239 3205 1382 3272 Curtilaqo
1396 3206 1455 3274 ejus
1475 3207 1556 3275 qnasi
1571 3206 1674 3259 lamina
1688 3208 1767 3271 ferri.
1787 3206 1863 3261 Carti

117 3294 220 3350 denda
248 3297 291 3348 esl
319 3299 466 3365 usurpata.
497 3300 535 3349 Ac·
561 3312 613 3366 per
632 3297 687 3351 hoc
712 3297 876 3352 adversaria
893 3303 976 3352 testa·
1029 3293 1232 3364 lagonamque
1260 3295 1316 3349 ossi
1339 3294 1426 3348 habet
1449 3292 1586 3364 speciemr
1609 3295 1658 3348 sed
1680 3299 1793 3348 artuum
1818 3310 1877 3349 nou

119 3382 232 3439 mentis
257 3382 361 3437 divinis
377 3383 502 3438 veridice
524 3386 745 3456 comprobanda.
770 3387 835 3442 llaec
859 3393 900 3443 est
925 3387 975 3442 illa
1028 3382 1133 3436 relinet
1153 3381 1337 3450 firmitatem,
1369 3400 1403 3437 eo
1428 3384 1513 3438 modo
1541 3389 1570 3438 et
1589 3384 1674 3455 huJus
1701 3381 1874 3454 iniquissimi

121 3471 231 3526 locutio
260 3477 360 3525 contra
384 3473 473 3526 Deum
501 3472 657 3543 ingentia:
685 3474 746 3528 hoec
770 3481 813 3529 est
837 3475 973 3531 fortitudo
1030 3472 1108 3526 ducis
1127 3472 1251 3526 ministri
1274 3473 1388 3543 pietatis
1410 3473 1504 3543 specie
1528 3472 1599 3527 iacie
1622 3477 1706 3526 tenus
1722 3471 1877 3526 ostendunt

124 3565 224 3614 contra
251 3558 429 3614 Altissimum
452 3562 576 3628 elevata;
592 3562 654 3617 hec
677 3566 721 3616 est
745 3565 890 3618 stellarum
911 3565 975 3620 coeli
1028 3559 1157 3629 perditis,
1174 3561 1222 3615 sed
1236 3565 1332 3615 carent
1343 3559 1436 3614 fructu
1454 3561 1583 3631 ejusdem
1599 3558 1765 3615 castissima
1779 3559 1876 3630 pieta-

124 3645 169 3701 illa
200 3647 401 3719 praesumptio,
425 3647 532 3717 partim
555 3649 629 3718 pede
658 3649 783 3705 victoriae
799 3653 972 3707 conculcata.
1027 3647 1074 3716 lis,
1096 3647 1322 3719 hypocritarum,
1346 3665 1406 3702 nou
1432 3655 1597 3703 sanctorum
1624 3647 1771 3703 imitantes
1793 3647 1874 3719 vigo·

125 3735 210 3791 tutta
223 3739 367 3806 praetereo
383 3735 592 3806 quiamultum
608 3737 720 3792 festino.
1028 3751 1090 3790 rem
1119 3753 1125 3791 :
1152 3737 1202 3791 sed
1229 3743 1420 3804 versutorum,
1444 3753 1501 3791 non
1524 3737 1678 3791 humilium
1706 3737 1878 3792 sinceritatis

154 3827 202 3879 26.
236 3822 280 3876 tta
311 3823 509 3878 beatissimum
536 3824 589 3879 lob
619 3825 779 3893 veniamus,
810 3828 973 3899 raptimque
1028 3824 1198 3879 aemulanles
1224 3825 1375 3891 uirtutem
1409 3825 1590 3899 simulatores
1623 3835 1652 3879 et
1684 3825 1789 3893 callidi,
1826 3827 1877 3898 qui

125 3912 282 3982 potentiam
315 3912 482 3981 behemoth,
519 3928 553 3966 ex
581 3913 643 3984 ejus
666 3915 760 3969 verbis
789 3917 973 3971 sanctissimis
1028 3915 1101 3970 iram
1117 3932 1230 3986 semper
1244 3920 1400 3987 provocant
1415 3914 1538 3970 [lamini.
1555 3915 1621 3968 Post
1640 3929 1764 3986 quorum
1788 3931 1875 3985 expo-

125 4001 179 4070 (tob
202 4015 249 4067 aa,
274 4001 307 4055 10
330 4005 356 4055 ct
378 4000 466 4072 seqq.)
496 4017 684 4072 exponamus.
713 4003 765 4068 Qui
796 4020 861 4058 eum
882 4012 973 4060 utve·
1028 4004 1097 4058 sitos
1112 4004 1193 4058 dolos
1216 4004 1418 4075 inspiratorem
1435 4003 1515 4058 verbi
1538 4002 1635 4074 gladio
1658 4002 1875 4072 ieritlpseesl,

125 4103 242 4158 sperum
257 4105 344 4160 snper
358 4089 435 4144 lilios
452 4095 536 4144 terrie
548 4107 720 4162 consurgere
731 4091 811 4162 dixit,
824 4098 974 4165 totumque
1028 4095 1078 4161 ait,
1091 4096 1257 4165 principium
1271 4097 1388 4148 uiarum.
1406 4095 1463 4149 liei.
1479 4096 1517 4147 Ac
1534 4093 1558 4146 si
1580 4091 1696 4160 diceret,
1713 4091 1820 4146 idcirco
1840 4092 1876 4147 ad

126 4175 221 4231 lumen
235 4177 298 4248 ejus
314 4178 461 4233 fumosum
480 4184 635 4233 nocturnas
650 4181 782 4234 tenebras
797 4182 971 4252 praecedens,
1028 4188 1087 4238 tam
1122 4184 1318 4254 multipliciter
1348 4199 1452 4252 magna
1487 4188 1516 4236 et
1548 4181 1657 4251 majora
1686 4179 1876 4252 multiplicata

126 4264 253 4319 omnium
280 4267 367 4318 corda
390 4267 562 4337 caliginibus
591 4266 738 4322 involvens
762 4268 780 4337 ¹,
807 4277 907 4340 aperto
923 4288 972 4328 ore
993 4272 1114 4332 Ithome
1129 4271 1327 4343 iniquissimus
1350 4271 1463 4337 suflicit,
1480 4270 1548 4341 quia
1564 4269 1720 4341 inspirator
1734 4272 1797 4339 ejus
1811 4270 1876 4326 dia-

126 4352 269 4407 revelante
295 4352 350 4407 sibi
378 4353 475 4408 divino
505 4354 609 4425 spiritu
634 4358 766 4428 sequenti
793 4359 895 4413 seculo
921 4359 973 4414 de·
1029 4360 1111 4414 bolus
1128 4361 1157 4413 in
1173 4365 1277 4414 natura
1291 4375 1386 4414 rerum
1401 4359 1481 4430 prior
1496 4359 1656 4413 substantia
1676 4359 1809 4415 conditus
1825 4376 1875 4415 ex-

127 4441 302 4495 monstravit.
329 4441 361 4496 ln
384 4457 508 4513 quorum
533 4444 688 4500 verborum
711 4447 973 4519 principianomen
1028 4449 1109 4502 stitit.
1139 4449 1192 4503 Sed
1217 4448 1445 4519 sapientissimus
1473 4446 1619 4513 Conditor,
1649 4448 1699 4519 qui
1728 4465 1795 4502 euru
1812 4448 1875 4519 pri-

125 4529 187 4583 satis
202 4529 345 4584 concinne
370 4530 550 4586 videndum:
572 4539 600 4587 et
624 4550 659 4588 ex
680 4536 830 4602 vocabulo,
853 4553 973 4607 operum
1029 4552 1106 4590 mum
1122 4543 1316 4591 creaturarum
1333 4536 1461 4590 omnium
1477 4536 1553 4603 iecit,
1566 4537 1643 4606 juste
1668 4536 1798 4606 gladium
1815 4537 1876 4607 ejus

124 4615 265 4672 stoliditas
302 4622 345 4671 est
383 4619 562 4688 exponenda.
602 4621 711 4676 [licitur
754 4640 880 4696 namque
913 4625 973 4679 ani·
1027 4624 1246 4695 inquibusdam
1268 4624 1393 4694 plicavit,
1419 4640 1485 4678 cum
1511 4640 1577 4679 eunt
1602 4624 1701 4678 saevire
1725 4624 1876 4680 ineleclos

121 4706 199 4759 mal:
218 4718 318 4760 nams
340 4708 484 4762 Bebemolb
505 4725 537 4762 ex
559 4710 692 4778 Hebraeo,
708 4711 738 4766 in
756 4713 886 4767 Latinum
910 4717 972 4768 ani·
1027 4719 1167 4782 quantum
1183 4714 1245 4783 ejus
1260 4712 1391 4766 votnnlas
1403 4712 1527 4783 maligna
1542 4713 1681 4784 suggerit,
1699 4729 1755 4767 non
1770 4714 1878 4784 permi-

120 4795 175 4848 mal
189 4800 283 4848 sonat.
301 4799 406 4866 Aperte
420 4798 497 4852 haud
514 4798 667 4865 hdubium,
684 4801 760 4871 quod
774 4801 835 4871 ejus
852 4802 972 4856 stultitia
1027 4800 1072 4855 sit.
1100 4804 1170 4857 Huic
1194 4806 1295 4856 montes
1325 4801 1421 4856 herbas
1446 4803 1550 4868 lerunt.
1582 4802 1654 4856 Elati
1679 4802 1877 4856 videlicetsae·

116 4892 173 4946 per
187 4883 241 4937 hoc
255 4899 362 4938 nomen
377 4884 552 4958 divulgatur.
578 4887 725 4960 Siquidem
739 4889 770 4943 iu
784 4890 908 4945 litteris¹
924 4906 971 4946 ex·
1026 4889 1093 4957 culi,
1110 4897 1138 4946 et
1151 4889 1265 4962 tyranni
1287 4889 1445 4956 saevissimi,
1471 4889 1669 4960 iniquissimas
1695 4890 1721 4944 ei
1751 4890 1877 4944 oiieruut

159 5063 172 5087 ⁸
190 5055 257 5110 Vide
273 5073 361 5128 supra
376 5059 478 5115 eadem
492 5061 579 5116 verba
596 5068 763 5133 praenotata.
1062 5069 1071 5104 ¹
1090 5070 1151 5133 lis..
1178 5069 1375 5137 precedente...
1388 5069 1548 5124 involvente.

159 5127 174 5167 b
190 5126 248 5194 ils,
266 5144 383 5210 qnam...
395 5133 424 5184 in
434 5148 523 5201 qna...
538 5134 677 5189 nundinas
691 5141 841 5192 exercetur.
1061 5153 1076 5195 s
1095 5141 1156 5205 ils,
1175 5142 1253 5194 llam.
1270 5140 1315 5194 Sic
1329 5139 1398 5194 alibi
1414 5156 1470 5194 non
1487 5139 1575 5193 semel
1591 5140 1625 5194 ll.
1639 5154 1692 5210 pro
1709 5140 1741 5194 N.

161 5197 248 5265 eils,
262 5204 393 5268 potentia.
1061 5212 1075 5253 h
1095 5210 1154 5275 ils,
1172 5217 1230 5265 aul.

160 5267 258 5350 dits,
271 5272 389 5351 pretioso
410 5273 476 5338 luto,
499 5277 586 5329 sensio
611 5274 687 5329 idem
709 5294 741 5332 ac
758 5277 909 5332 sententia.
932 5278 970 5332 Ex
1061 5280 1067 5315 ¹
1089 5282 1118 5335 F.
1134 5282 1274 5347 inlitteris,
1291 5282 1318 5336 id
1335 5285 1386 5346 est,
1404 5280 1566 5336 illitteratus
1587 5279 1682 5335 :inira
1697 5279 1775 5333 enim
1792 5296 1873 5335 num.

119 5331 209 5460 ξὶῖἰζ
225 5339 401 5396 isidorianis.
418 5343 467 5397 ilic
489 5350 584 5399 eutem
600 5346 736 5403 licentiam
755 5348 970 5421 videtnrsigui·
1025 5354 1060 5407 28
1076 5351 1181 5477 ἀέοἰιυτ
1195 5356 1253 5408 sinte
1268 5355 1366 5408 litteris
1382 5358 1466 5407 ortus.

164 5452 245 5547 ‘lls.,
261 5483 364 5538 cornus
375 5484 567 5540 undecimus...
582 5489 640 5557 qni.
1065 5484 1078 5517 ¹¹
1095 5463 1118 5548 ti
1134 5425 1346 5561 .q,ug⁹u{5{uqmt?s'
