3930 6098
660 195 918 251 wrunntennrt
937 197 1150 255 enuntietis
1168 198 1324 256 MONACHI

296 325 329 380 in
362 325 492 390 Gaesoreo,
529 324 655 386 Victoris,
688 325 804 379 dicrimi
834 329 861 379 et
889 327 1008 381 tior-A

335 429 417 467 noni.

118 504 181 557 Dies
220 504 252 555 ro
271 501 465 555 Tredecimam
483 499 642 555 Felicianus
654 516 719 555 cum
734 499 880 556 Severino.

262 589 390 660 Cumque
415 589 566 661 Exuperio,
591 588 660 643 tidei
678 589 834 645 certamine
863 591 963 644 saucit.

201 701 204 708 ·
293 677 327 730 in
347 675 476 736 Cesarea,
505 678 643 743 tonuerit,
676 678 785 740 Vitatis,
814 679 962 733 Marcioni.

330 765 531 833 Anqustoduno
541 773 563 828 ⁸,
573 765 696 834 Simplici
709 769 840 837 episcopi.

204 856 239 909 20
259 855 398 908 Pontiano
414 853 465 907 tihi
481 853 640 908 duodenam
658 854 750 907 Roma
764 853 857 908 dicato

259 943 402 1013 Obsequio
417 947 517 1009 sacrat,
540 942 660 996 antistes
685 947 851 1014 martyrque
869 942 962 997 beate.

292 1032 326 1085 In
345 1031 466 1100 Sponiis,
492 1032 584 1085 nutele
602 1032 691 1085 suncti
715 1033 831 1086 Moeimi
847 1032 963 1101 presby·

335 1123 395 1173 teri.

206 1211 237 1262 it
260 1208 339 1263 Abba
354 1206 548 1263 Columbinus
565 1208 712 1263 undenam
733 1209 788 1263 sibi
804 1213 907 1276 servet,
928 1206 963 1262 ab

890 1297 963 1367 [ipso

260 1385 371 1440 Oceano
404 1385 502 1440 multis
525 1385 589 1440 vitae
619 1385 670 1456 qni
694 1386 827 1456 dogmata
856 1391 962 1440 sanetae

260 1474 408 1544 Religione
431 1473 479 1544 pia
504 1474 617 1544 sparsit,
647 1490 791 1542 sermone,
817 1490 963 1546 manuque

293 1565 330 1617 Et
343 1565 439 1631 cipitia
452 1568 550 1618 sancta
568 1563 690 1619 Cecitiae.

205 1654 239 1705 tt
260 1650 373 1705 Caecilia
390 1651 514 1705 illustrat
538 1652 642 1705 denam
669 1666 735 1704 mox
757 1655 856 1706 sancta
870 1628 1003 1706 nitoreB

259 1742 410 1810 Perpetuo,
431 1741 514 1794 claris
533 1756 647 1811 semper
669 1739 813 1809 vulganda
834 1741 962 1810 tropaeis,

259 1827 344 1898 Virgo
367 1828 435 1882 hinc
463 1834 595 1899 cognato,
623 1834 779 1900 sanctoque
801 1828 869 1883 hinc
892 1830 964 1884 tutta

837 1914 961 1990 [marito.

293 2008 392 2070 none,
405 2012 497 2077 passio
509 2013 609 2063 sancte
622 2012 749 2076 uirqinis.

204 2097 239 2151 ‘23
261 2096 370 2149 Nonam
386 2097 463 2166 Papa
485 2102 564 2151 tenet
588 2096 720 2151 Clemens
745 2095 910 2162 certamine,
936 2102 964 2150 et

888 2185 963 2256 [altis

258 2273 401 2328 Virtutum
427 2273 528 2343 titulis,
561 2279 684 2328 mortem
713 2273 764 2345 qni
791 2289 892 2344 pessus
933 2273 962 2327 in

854 2362 959 2432 [undis‚

258 2449 394 2520 Repperit
407 2454 585 2504 exstructum
608 2449 704 2504 divino
730 2464 851 2504 munere
864 2450 877 2491 b
891 2453 962 2502 tem·

855 2535 959 2608 [pium.

257 2626 328 2679 Turn
354 2642 470 2697 quoque
492 2630 611 2696 septeno
635 2626 759 2698 genitrix
779 2641 845 2680 cum
870 2626 958 2696 prote,

869 2712 961 2785 [bauto

258 2800 426 2854 Praeceiiens
451 2799 543 2854 radiet
569 2800 696 2854 Felicitas
711 2800 786 2854 aima
801 2799 959 2870 triumpho.

258 2889 365 2960 llicque
395 2904 462 2942 suos
483 2897 494 2923 ⁸
517 2888 633 2944 Trudon
662 2889 762 2943 ruundi
782 2893 961 2960 contemptor

817 2975 957 3049 [aduniat.
981 2969 1001 3022 D

203 3067 238 3120 rt
257 3064 458 3136 Chrysogonus
494 3065 606 3120 meritis
638 3071 765 3120 octavam
795 3071 823 3120 et
849 3065 959 3120 iuuere.

848 3151 959 3224 [sancit.

290 3243 323 3295 In
338 3242 443 3309 Btooiu,
457 3244 676 3298 sonctiitoinoni.

220 3332 255 3383 25
274 3328 426 3401 septenam
453 3332 552 3385 Petrus
583 3331 700 3385 antistes
728 3335 894 3402 martyrque
918 3346 961 3385 ve·

840 3416 960 3488 [nnstat‚

257 3502 339 3557 Urbis
353 3502 507 3557 Aiexendri
530 3503 655 3574 populus
680 3519 736 3574 quo
755 3503 888 3573 praeduce
909 3503 961 3557 iul·

904 3589 959 3663 [tus

253 3679 387 3733 Errorum
403 3695 504 3734 curvos
525 3678 640 3751 'spernit
664 3695 812 3751 caecosque
836 3687 956 3735 meatus.

200 3769 234 3821 ‘26
253 3767 364 3823 Sextum
399 3769 477 3824 Linoe
515 3785 608 3823 sacras
633 3785 716 3824 roseo
748 3769 783 3824 de
817 3771 958 3839 sanguine

873 3855 957 3929 [rara

288 3947 323 4000 Et
335 3947 428 4002 Stricti
438 3951 463 4001 et
478 3946 612 4002 Cassiani.

197 4034 230 4087 27
251 4033 385 4104 Martyrio
399 4034 529 4105 quintam
552 4035 684 4105 Agricola
708 4039 737 4088 et
752 4032 851 4088 Vitatis
866 4033 957 4088 hono·

776 4150 782 4156 -
868 4120 955 4193 [rant.

286 4210 378 4265 Severi
396 4214 421 4264 et
434 4212 513 4264 Booti
528 4214 656 4280 episcopi.

196 4296 446 4367 instruereris,
467 4302 534 4353 tuus
548 4305 680 4369 quartam
701 4314 796 4354 cernes
820 4305 907 4370 auget
926 4304 954 4354 et
974 4271 996 4324 ὓ

845 4386 952 4462 [ornat.

276 4429 435 4544 inceptum
449 4479 475 4530 ct
488 4477 565 4530 Jutii.

194 4564 228 4616 29
247 4562 379 4631 Terinam,
390 4563 553 4631 Saturnine,
568 4563 631 4636 tihi,
644 4565 798 4637 itauroque
812 4564 951 4621 dicamus.

140 4725 377 4795 ⁸duqustoduno.
392 4728 441 4782 Hic
457 4729 594 4782 nonnulla
614 4727 805 4790 monebimus,
831 4744 896 4800 quoe
912 4728 951 4783 le·

106 4798 178 4851 ctori
193 4814 245 4852 nec
258 4798 371 4868 ingrata
383 4800 500 4853 tortasse
511 4816 563 4853 nee
573 4799 687 4852 inutilia
698 4800 878 4853 ridebuntur.
893 4800 952 4853 Pri·

1198 311 1266 384 iten‘t
1288 329 1443 390 Saturnini,
1464 335 1490 384 et
1510 332 1636 392 sisinnii,
1650 336 1677 385 et
1691 332 1743 388 cnr

1235 422 1261 472 ct
1272 419 1371 473 Duriae.

1020 506 1082 559 Dies
1119 507 1153 561 30
1168 505 1295 560 Andreas
1310 506 1401 577 pridie
1421 508 1567 576 pracellet
1586 509 1743 578 apostolus¹

1095 651 1098 657 ,
1161 594 1305 649 Virtutum
1331 595 1444 665 fulgens
1460 596 1557 662 radiis,
1582 595 1734 668 titulisque

1160 768 1215 833 Qui
1246 768 1403 824 indomitos
1443 769 1528 824 verbo
1570 770 1720 843 signisque

1160 945 1323 1001 Brumalem
1352 946 1413 1001 haec
1437 947 1574 1002 claudunt
1599 948 1743 1019 populoru

1649 1035 1743 1109 [Nerei

1344 1169 1539 1224 DECFMBEH.

1158 1291 1235 1346 Anni
1250 1308 1418 1362 supremum
1433 1292 1561 1346 dicemus
1575 1297 1705 1363 ternpore
1720 1307 1743 1348 m

1160 1380 1289 1445 Quorum
1321 1380 1392 1434 festa
1419 1381 1494 1435 colat
1528 1380 1660 1436 brevibus
1701 1381 1743 1437 rei

1017 1559 1080 1612 Dies
1118 1560 1128 1611 i
1152 1557 1260 1628 Eligius
1281 1558 1416 1612 Noviome
1444 1558 1495 1612 tibi
1519 1558 1572 1612 sub
1585 1559 1648 1612 luce
1674 1560 1743 1613 Dece

1160 1647 1254 1700 Prima
1269 1646 1400 1717 designat
1415 1647 1558 1717 condigno
1574 1648 1677 1717 praesul
1693 1647 1743 1701 hor

1124 1735 1236 1803 2Veri,
1257 1734 1411 1806 Securique
1438 1736 1525 1789 micat
1550 1737 1696 1789 Nonarum
1724 1752 1743 1789 si

1721 1823 1743 1896 ir

1194 1913 1227 1966 In
1254 1914 1434 1978 *territorio
1459 1917 1547 1967 suncti
1565 1914 1720 1979 Saturnini,

1231 2005 1330 2065 innoti,
1345 2006 1371 2056 et
1386 2003 1509 2056 Memini.

1125 2092 1140 2144 3
1160 2089 1254 2144 Africa
1278 2091 1411 2145 Cassiano
1430 2091 1502 2145 libat
1525 2090 1577 2145 sub
1606 2095 1731 2161 martyre

1193 2180 1347 2246 InAsiico,
1368 2180 1460 2234 nutele
1474 2183 1562 2233 suncti
1581 2182 1709 2242 ioannis,
1730 2178 1743 2235 i

1230 2273 1256 2322 et
1274 2270 1398 2322 Victoris.

1123 2357 1229 2413 itum
1251 2356 1342 2428 pridie
1364 2372 1429 2411 curu
1452 2357 1575 2411 Victoria
1605 2357 1743 2428 praeceitet

1192 2534 1227 2588 id
1246 2535 1380 2589 Laodicea
1400 2536 1551 2604 metropoli,
1574 2536 1669 2588 Feiicis
1691 2537 1716 2588 ct
1737 2562 1743 2587 t

1229 2629 1255 2677 et
1268 2625 1412 2678 transietio
1425 2626 1512 2677 sancti
1525 2623 1664 2676 Benedicti
1676 2622 1743 2676 obbo

1122 2714 1137 2764 5
1158 2711 1317 2767 Dalmatius
1338 2719 1446 2783 martyr
1469 2713 1573 2781 Nonas,
1599 2710 1743 2782 Crispinaq

1191 2881 1225 2934 In
1248 2881 1366 2946 Africo,
1397 2882 1489 2934 notuic
1521 2884 1676 2934 secretorum
1712 2878 1743 2934 Co

1228 2970 1343 3029 Priooti,
1357 2970 1493 3037 Fuipcnti,
1505 2974 1530 3023 ct
1545 2973 1633 3022 suncti
1646 2968 1743 3022 Amant

1123 3060 1139 3111 6
1159 3056 1281 3111 Octonas
1298 3058 1363 3111 idus
1376 3057 1508 3111 Nicotaus
1521 3057 1670 3128 episcopus
1685 3072 1743 3110 orn

1191 3146 1223 3199 In
1247 3145 1361 3213 Africo,
1395 3147 1488 3200 noioie
1528 3149 1684 3199 sanctornm
1713 3145 1743 3198 Fi

1228 3234 1413 3301 Hennoqenis,
1427 3238 1452 3287 et
1464 3235 1573 3300 Roqoti.

1120 3321 1293 3393 iseptenas
1328 3322 1433 3376 retinet
1464 3323 1636 3393 Polycarpus
1670 3337 1737 3376 cum

1189 3501 1288 3561 Romae,
1320 3502 1413 3555 notate
1440 3505 1528 3554 suncti
1558 3503 1704 3568 Eutycioni
1729 3515 1743 3568 e

1224 3590 1261 3642 Et
1275 3594 1370 3644 octova
1382 3594 1470 3644 sorceti
1481 3590 1600 3643 Andreae
1611 3589 1739 3658 opostoti,

1119 3676 1316 3746 8Eutyciane,
1333 3678 1407 3732 nites
1433 3678 1508 3732 senis
1537 3676 1613 3731 felici
1638 3691 1743 3747 papae

1155 3765 1210 3818 tias
1227 3781 1343 3837 quoque
1354 3768 1450 3821 Zenon
1477 3765 1565 3820 habet
1583 3765 1736 3835 conjuncto

1189 3952 1300 4006 Eusebii
1323 3955 1452 4022 episcopi,
1475 3954 1561 4007 tironi
1586 3955 1716 4021 episcopi,
1741 3981 1743 4000 .

1224 4044 1291 4094 cessi
1303 4044 1429 4110 episcopi.

1117 4130 1133 4180 9
1152 4127 1350 4182 Sebastianum
1368 4130 1464 4200 quinis
1479 4129 1657 4183 celebramus
1672 4128 1707 4181 ab
1724 4128 1743 4183 U

1151 4217 1344 4284 Translatum‚
1371 4219 1487 4289 proprio
1509 4235 1567 4290 qno
1594 4216 1700 4271 Gallica
1721 4232 1744 4269 ri

1150 4394 1307 4460 Exsultant,
1324 4394 1427 4465 ingens
1439 4395 1579 4466 temptum
1592 4394 1638 4448 cui
1649 4392 1742 4465 surgit

1149 4482 1348 4555 Antiquusque
1372 4484 1465 4538 nitent
1487 4483 1633 4555 sequentia
1661 4482 1740 4535 cuim

1005 4729 1138 4795 Eufcmiae
1156 4731 1185 4782 et
1198 4730 1273 4783 noce
1294 4730 1423 4796 nomine,
1445 4729 1505 4784 haec
1528 4729 1677 4783 incudem
1699 4744 1743 4783 coi

1006 4813 1067 4852 esse
1087 4799 1228 4868 descripta
1248 4800 1387 4865 uirides,
1408 4816 1477 4866 non,
1492 4806 1525 4855 ut
1540 4816 1601 4854 uros
1621 4805 1674 4864 est,
1694 4801 1743 4869 Eup·

106 4869 742 4940 mumincodiceiiegionusquamnonscribi
764 4869 949 4938 Apustiduno,
1005 4868 1158 4931 etPieocae;
1183 4876 1269 4941 atque
1296 4887 1360 4924 eam
1390 4871 1534 4925 scribendi
1560 4871 1700 4924 rationem
1726 4887 1742 4924 a

105 4956 226 5010 eamque
241 4940 384 4994 scribendi
401 4941 552 5007 rationem,
576 4948 606 4993 ut
620 4956 737 5012 prarmn
759 4957 830 5005 esse,
847 4941 887 4994 ite
901 4941 949 4995 diu
1005 4955 1121 5010 quoque
1136 4957 1197 4994 esse
1220 4946 1371 5009 servatam,
1388 4942 1465 5012 quod
1490 4942 1638 5011 vuigorem
1666 4957 1739 4994 num

105 5009 361 5079 tuisseusurpatam
371 5027 378 5064 :
387 5012 462 5081 qnod
472 5027 536 5065 cunr
545 5010 742 5077 aliunde‚tum
751 5010 859 5066 etiamn
869 5027 951 5065 num·
1005 5009 1108 5079 optimi
1122 5010 1309 5080 antiquitates
1321 5019 1418 5078 testes,
1431 5017 1624 5082 aspernantur
1635 5027 1642 5075 ;
1654 5016 1685 5064 nt
1700 5011 1743 5066 vid

104 5082 159 5134 mis
174 5087 294 5148 constet,
312 5081 457 5152 inquibus
471 5082 808 5147 iustinianus,iustinns,
821 5081 950 5136 Tiberius
1004 5081 1034 5134 in
1049 5097 1136 5150 opere
1151 5084 1197 5134 cui
1217 5082 1319 5136 titulus
1338 5085 1511 5139 Numismoto
1529 5084 1617 5152 Impp.
1632 5084 1737 5136 lterum.

103 5153 275 5222 pierumque
290 5153 407 5222 quidem
424 5156 557 5219 Aupusti
576 5168 633 5205 uon
650 5168 715 5206 raro
737 5159 833 5206 tomen
849 5155 950 5220 deusti
999 5151 1068 5219 juno
1081 5153 1237 5214 Dreinetc.

104 5222 388 5276 dicuntui·.dtterunr
404 5223 432 5276 iu
456 5224 555 5276 eodem
579 5224 676 5276 codice
700 5222 749 5276 ubi
772 5222 948 5276 Autisiodori
1039 5223 1159 5276 bDioino
1182 5238 1301 5277 munere.
1326 5223 1420 5277 Secuti
1440 5240 1539 5278 sumus
1561 5223 1716 5278 lectionem

104 5293 211 5346 mentio
227 5293 266 5353 tit.
283 5309 344 5347 eam
363 5294 461 5346 urbem
477 5293 682 5347 autisioderum
703 5309 816 5362 semper
829 5293 924 5347 vocari
940 5310 947 5348 :
1004 5291 1096 5362 Regii,
1114 5293 1143 5345 in
1160 5294 1249 5361 priori
1265 5293 1400 5360 editione,
1416 5294 1506 5349 diuino
1520 5300 1640 5349 crumino.

104 5364 180 5431 quod
195 5379 229 5416 eo
245 5363 341 5417 minus
364 5366 606 5418 contemnendum
622 5369 673 5430 est,
690 5380 747 5434 quo
769 5365 860 5435 magis
883 5379 949 5418 con·
1037 5363 1164 5429 eflicque
1200 5378 1272 5418 suos.
1311 5365 1360 5418 iiic
1389 5382 1486 5420 versus
1510 5366 1590 5420 abest
1617 5381 1683 5420 curn
1712 5381 1731 5420 a

103 5437 168 5509 stat,
184 5433 252 5487 inde
272 5434 444 5489 hodiernum
460 5451 565 5497 nomen
580 5437 716 5502 Auente,
737 5451 796 5488 nou
815 5450 848 5488 ex
862 5435 948 5488 Auti-
1002 5431 1105 5503 Regio,
1121 5440 1181 5488 tum
1198 5436 1285 5489 etiam
1299 5451 1316 5488 a
1332 5435 1422 5505 diget.

103 5501 228 5568 erodere,
244 5518 306 5557 esse
320 5504 514 5577 desumptum.
532 5507 723 5572 Postremum,
736 5505 949 5560 ubioccurrnnt
