3930 6098
108 225 162 278 225
623 221 759 280 CONTRA
781 223 981 281 uuacottult
1003 223 1180 280 opposui.
1198 255 1230 265 -
1246 228 1309 283 blB.
1327 227 1349 283 l.
1811 243 1864 296 226

88 348 253 415 ‘haereseos
270 358 466 430 reprehendit,
483 359 564 431 quasi
581 359 655 414 male
671 358 832 430 scripserit;
848 359 897 415 sed
913 375 957 414 re·
976 361 998 415 h
1014 375 1079 413 rum
1101 360 1285 429 testimoniis,
1308 362 1366 417 imo
1390 364 1467 418 hisce
1491 364 1673 436 potissimum
1702 370 1863 429 rationibus

107 432 202 485 tertur
237 431 268 484 in
296 432 458 500 catalogum
486 430 658 500 scriptorum
690 430 957 496 ecclesiasticorum,
1014 429 1163 485 adductus.
1190 431 1287 485 ltltera
1313 434 1577 506 est,seplingentos
1601 443 1864 508 perannoshaere·

106 509 139 556 ut
157 502 201 554 vir
215 517 274 555 nun
291 502 385 555 miuus
396 500 453 554 vita
468 517 553 571 qnam
571 500 710 569 doctrino,
728 502 843 571 ingenio
859 508 888 556 et
903 502 959 556 elo·
1013 501 1052 554 sis
1068 501 1145 556 haud
1161 502 1359 557 insimulatum
1376 506 1411 559 ab
1427 506 1486 560 ullo
1502 508 1651 578 scriptore,
1666 512 1771 566 nedum
1784 505 1862 569 damss

106 571 178 643 quio
194 571 315 640 insignis
329 572 536 625 elcatholicus.
556 592 566 619 ι
1015 576 1115 626 netum
1131 574 1331 628 Ratramnum.
1348 575 1444 628 Altera
1459 592 1537 641 vero,
1563 595 1657 650 neque
1681 581 1714 635 ab
1731 583 1793 654 ipso
1809 587 1862 640 Be·

144 644 287 696 aubertus
301 642 414 697 hiesus
430 643 458 696 in
472 642 592 696 scholiis
604 642 638 695 ad
656 641 807 711 praefatum
823 643 958 711 sigiberti
1014 645 1147 712 rangario
1163 644 1364 709 haeresiarcha,
1388 662 1481 716 neque
1506 649 1540 702 ab
1561 651 1623 719 ejus
1646 650 1794 723 discipulis
1816 672 1861 710 us·

106 719 214 786 caput:
232 734 247 762 n
275 714 438 768 Bartramus
463 713 576 784 scripsit
592 714 697 766 librum
728 714 763 767 de
789 714 916 782 Corpore
932 720 960 769 et
1013 729 1100 784 quam
1116 714 1264 769 laudatum
1282 717 1433 787 repereris.
1450 717 1499 772 llis
1514 721 1705 791 acceditquod
1722 726 1861 781 immunis

105 784 255 851 Sanguine
276 783 400 850 Domini,
426 799 572 851 excusum,
585 783 712 840 Coloniae
738 786 816 852 1532,
841 784 958 840 Basileia
1013 784 1153 839 exstilerit
1172 785 1243 840 liber
1257 785 1305 840 ille
1328 787 1476 841 Ratramni
1501 804 1648 844 ascensura
1663 793 1775 848 consilii
1792 796 1860 849 ller-

105 855 138 909 in
158 854 425 926 DycropresBytico,
448 858 476 908 et
494 853 573 922 alibi,
593 854 642 909 scd
672 854 873 910 damuatuma
894 856 959 911 Tri·
1012 855 1153 921 cellensis,
1171 856 1198 909 in
1214 871 1271 927 qno
1286 858 1450 928 Berengarii
1463 858 1585 929 impium
1601 859 1704 930 dogma
1716 864 1858 937 simulque

106 927 236 979 dentinis
259 927 434 979 censoribus.
463 926 506 979 lta
521 926 649 981 llolanus
663 925 692 980 in
713 925 888 981 Bibliotheca
903 942 958 981 ms.
1011 926 1128 980 loannis
1149 926 1288 997 Brigenae,
1310 928 1367 981 sive
1397 929 1484 991 Scoti',
1512 931 1640 1000 ejusdem
1664 933 1763 988 larinae
1784 952 1858 1007 opu·

107 997 241 1051 Haeretici
255 1012 321 1050 enm
336 997 424 1067 primi
440 997 514 1067 typis
528 997 692 1061 ediderunt,
709 997 899 1069 uidenturque
914 999 958 1052 illi
1012 997 1090 1051 scula
1111 1003 1219 1052 aterno
1244 999 1427 1054 anathemate
1442 1000 1522 1054 tuere
1543 1003 1683 1071 perculsa.
1710 1006 1859 1062 Postremo

106 1068 265 1122 inseruisse
287 1064 468 1138 quaecunque
492 1069 533 1121 vel
558 1067 678 1122 obscura
702 1067 746 1120 sel
775 1067 805 1122 in
834 1069 957 1140 speciem
1012 1067 1162 1138 subjungit
1187 1068 1379 1124 Sanbovoeus:
1405 1071 1462 1125 Etsi
1487 1086 1559 1141 opus
1582 1071 1655 1127 illud
1678 1073 1712 1127 de
1735 1075 1859 1147 Corpore

130 1154 197 1192 rave
221 1138 354 1192 sonantia
370 1139 514 1209 leguntur.
529 1137 664 1192 Plurimis
682 1142 757 1192 certe
779 1138 846 1193 locis
862 1154 958 1194 veram
1012 1143 1041 1192 et
1055 1138 1200 1209 Sanguine
1226 1139 1352 1207 Domini,
1380 1141 1456 1211 qnod
1479 1142 1619 1196 Bertrami
1641 1145 1789 1213 presciert
1803 1163 1856 1202 no·

106 1155 216 1264 issisti
248 1210 431 1280 praeentiam
457 1209 560 1263 astruit
595 1212 624 1262 et
659 1210 959 1264 transsubstantiatio·
1013 1224 1089 1277 men,
1105 1210 1249 1280 genuinus
1270 1210 1548 1283 essetlpsinsletns,
1567 1213 1856 1286 minimequecorru·

107 1295 176 1333 nem
193 1281 284 1345 docet,
301 1285 333 1334 nt
352 1296 389 1334 ue
403 1280 464 1351 ipse
480 1279 596 1351 quidem
612 1280 800 1349 interpolator
814 1281 842 1335 id
857 1281 909 1335 sub
924 1281 959 1336 fi·
1011 1285 1088 1349 ptus,
1104 1281 1433 1352 interpolatusve,suum
1448 1298 1508 1338 esse
1520 1284 1710 1339 nihilominus
1726 1287 1857 1344 Ratram-

107 1367 177 1404 nem
200 1350 371 1415 dissimulet,
391 1352 488 1405 dicens
502 1352 593 1404 multa
607 1366 664 1404 non
680 1351 824 1406 cohaerere
839 1357 868 1406 et
882 1368 957 1423 pras·
1012 1366 1082 1405 uum
1096 1356 1238 1419 nostrum,
1254 1353 1298 1407 sel
1321 1368 1381 1407 siim
1406 1354 1508 1408 haeresi
1531 1354 1684 1418 laventem,
1703 1356 1739 1411 ob
1762 1374 1860 1414 naevos

107 1423 240 1476 cedentia
264 1422 451 1491 sequentibus
474 1421 678 1476 contradicere.
705 1422 761 1475 lloc
790 1420 867 1476 iuter
887 1424 958 1478 elios
1012 1437 1045 1475 eo
1059 1421 1090 1475 in
1108 1437 1195 1490 opere
1218 1428 1377 1489 contentos,
1398 1424 1540 1478 incassum
1561 1427 1734 1496 persuadere
1750 1445 1857 1484 conan-

106 1493 270 1546 ohservarit
294 1492 523 1547 Bartholomaeus
548 1493 649 1546 Petrus
674 1491 842 1562 lintrensis,
857 1493 959 1550 doctor
1012 1497 1059 1545 tur
1073 1491 1216 1546 haeretici:
1246 1494 1354 1574 quippe
1381 1495 1430 1566 qui
1447 1497 1582 1550 continuo
1599 1496 1629 1550 in
1647 1498 1776 1553 Ecclesiae
1791 1501 1857 1555 sinu

105 1562 282 1633 theologus.
299 1583 312 1613 ι
1011 1562 1089 1624 vixit,
1118 1579 1150 1616 ac
1174 1564 1284 1633 placide
1299 1581 1328 1618 ιιι
1345 1565 1407 1635 ejus
1423 1565 1599 1620 obdormirit
1613 1569 1822 1625 conmunione.
1842 1590 1856 1622 a

147 1633 288 1688 Dionisins
317 1634 448 1688 Peresius
471 1632 499 1687 S.
527 1633 552 1686 l.
577 1633 817 1697 'theologicorum
835 1635 957 1704 Dogma·
1011 1634 1059 1687 nit
1071 1633 1147 1687 enim
1164 1635 1311 1690 Facundus
1326 1635 1376 1690 lib.
1391 1651 1420 1704 x,
1433 1652 1495 1707 cap.
1513 1639 1546 1690 5:
1564 1638 1655 1691 «Non
1670 1654 1703 1694 ex
1719 1642 1773 1694 levi
1789 1657 1858 1695 sono

106 1708 265 1758 tumtomo
292 1705 326 1765 ll.
345 1706 394 1758 lib.
411 1721 458 1768 ru,
474 1719 536 1773 cap.
564 1705 591 1766 2,
607 1708 673 1757 aute
695 1704 795 1770 finem,
811 1705 1175 1769 Rntrnmutierhorum,
1203 1706 1251 1759 sed
1287 1721 1321 1760 ea
1349 1706 1510 1760 intentione
1545 1709 1664 1761 dicentis
1688 1710 1856 1766 estimanda

105 1781 240 1844 tunquam
256 1776 383 1830 catholici
401 1774 553 1843 nobilisque
571 1777 712 1842 scriptoris
727 1778 957 1833 auctoritateutr'·
1012 1780 1157 1845 suntque
1186 1775 1328 1830 dicuutur.
1357 1777 1481 1831 Dicentis
1510 1783 1606 1831 autem
1630 1778 1765 1848 intentio,
1790 1797 1856 1835 cum

106 1852 163 1911 tur,
179 1847 320 1916 euplicrms
335 1861 425 1900 uocem
440 1846 580 1916 Filioque.
597 1845 722 1900 additum
744 1846 781 1900 ud
800 1847 956 1916 Symbolum
1007 1845 1068 1915 jam
1092 1861 1215 1914 persone
1230 1847 1363 1901 defuncta
1384 1854 1489 1902 estex
1514 1848 1718 1905 communione
1737 1850 1857 1922 religio-

105 1917 452 1986 Constanlinopolitanum·.
492 1936 504 1963 ι
546 1914 621 1979 Quin
650 1915 735 1970 etiam
773 1917 954 1988 Ratramnus,
1010 1916 1069 1969 sius
1098 1918 1266 1971 aestimatur.
1296 1937 1309 1966 s
1336 1918 1369 1972 Et
1392 1934 1460 1971 sane
1483 1918 1518 1971 ah
1543 1920 1783 1975 heterodoxorum
1809 1938 1855 1976 ca-

106 1987 272 2041 Corbeinsis
292 1986 504 2052 monachus‚in
528 1987 578 2041 lib.
605 2002 623 2040 n
647 2003 699 2056 pro
720 1988 957 2045 RomanaEccle-
1010 1987 1120 2040 lumnia
1144 1988 1281 2041 catholice
1308 1989 1422 2043 delendi
1453 1995 1549 2059 posset
1580 1991 1763 2055 Ratramnns,
1799 2008 1856 2047 non

104 2059 148 2111 sia
171 2064 273 2113 contra
295 2059 418 2124 Graecos,
435 2073 522 2128 quem
543 2057 617 2111 circa
636 2073 744 2111 anuum
766 2061 818 2113 868
832 2060 954 2129 scripsit,
1010 2074 1090 2111 secus
1115 2064 1201 2129 atque
1225 2059 1295 2111 olim
1321 2059 1487 2128 Dionysium
1513 2062 1740 2115 Alexandrinum
1766 2063 1858 2117 viudi-

104 2127 204 2184 Photii
223 2134 365 2210 ternpore,
383 2135 521 2200 tanquam
538 2128 573 2182 ab
592 2128 649 2182 illis
664 2128 809 2197 objectum
826 2133 955 2201 corrupti
1010 2130 1084 2182 eavit
1099 2129 1281 2183 Athanasius.
1299 2151 1313 2176 ι(
1341 2130 1435 2199 ldagni
1458 2134 1534 2183 certe
1558 2131 1721 2200 argumenti
1737 2137 1780 2186 est
1804 2133 1858 2204 (in-

104 2199 230 2269 symholi
251 2215 362 2253 crimen
375 2199 469 2264 diluit,
494 2220 508 2248 a
531 2205 585 2253 etc.
605 2200 645 2254 Ac
659 2199 770 2254 subdit:
797 2220 811 2248 ιι
836 2199 956 2272 Scripsit
1010 2200 1071 2270 quit
1096 2199 1157 2269 ipse
1184 2201 1214 2252 in
1244 2199 1363 2268 epistola
1390 2201 1425 2254 de
1449 2200 1574 2270 Dionysii
1592 2202 1734 2255 salutantia
1756 2208 1857 2257 contra

103 2276 202 2324 autern
218 2270 402 2335 Ratramnus,
416 2276 448 2325 ut
457 2270 519 2340 jam
534 2269 642 2324 dictum
659 2275 711 2334 est,
729 2274 794 2340 post
808 2279 955 2342 acceptam
1009 2269 1139 2341 Arianos)
1156 2286 1191 2324 ne
1207 2270 1237 2323 in
1264 2273 1316 2324 hoc
1340 2270 1456 2341 quidem
1477 2271 1542 2325 illos
1563 2287 1663 2326 verum
1684 2272 1788 2339 dicere,
1806 2274 1856 2329 sed

104 2341 215 2395 Nicolai
240 2342 425 2411 Encyclicam,
452 2340 589 2411 quamsd
616 2341 801 2395 Rlncmarum
826 2346 854 2394 et
883 2343 955 2398 alios
1008 2341 1160 2394 calumniis
1185 2340 1279 2394 airam
1304 2357 1447 2412 premere,
1468 2342 1544 2413 quod
1570 2342 1619 2396 ille
1645 2357 1794 2414 nunquam
1820 2345 1857 2398 ab

105 2413 258 2481 episcopos
282 2412 312 2466 in
328 2427 418 2483 reguo
443 2413 536 2466 Caroli
553 2411 628 2466 Calvi
651 2412 823 2466 constitutos
837 2413 955 2468 miserat
1007 2411 1071 2464 aliis
1084 2412 1226 2482 episcopis
1246 2412 1281 2465 de
1297 2412 1444 2482 impietate
1459 2413 1605 2467 conuictus
1625 2419 1677 2480 est,
1694 2428 1788 2484 neque
1800 2415 1856 2469 ha·
1880 2454 1883 2459 ,

104 2499 180 2537 auno
193 2485 257 2546 867,
275 2489 306 2537 ut
320 2499 369 2538 eos
380 2482 543 2536 hortaretur
558 2483 593 2536 ad
604 2482 774 2537 refellendas
789 2483 953 2539 Graecorum
1009 2482 1093 2536 resim
1109 2482 1319 2563 propugnando
1339 2482 1374 2538 ab
1395 2483 1517 2537 Ecclesia
1543 2483 1668 2549 secessit,
1692 2484 1740 2538 sed
1763 2485 1794 2539 in
1822 2502 1856 2540 ea

103 2553 274 2616 calumnias,
290 2553 427 2608 adversus
445 2553 607 2608 Romanam
624 2553 775 2607 Ecclesiam
797 2553 955 2624 objectasa
1007 2567 1071 2606 cum
1087 2557 1195 2622 pretate
1209 2552 1399 2620 ohdormisil3
1414 2553 1548 2624 quodque
1569 2554 1631 2624 ejus
1649 2555 1789 2609 memoria
1807 2555 1857 2610 ha-

104 2624 240 2679 Eichaele
262 2625 435 2695 imperatore
458 2627 486 2678 et
507 2624 611 2678 Basilio
635 2624 664 2677 in
691 2624 953 2696 epistolaquadam
1006 2628 1106 2676 etenus
1127 2638 1192 2677 cum
1215 2623 1347 2677 Patribus
1369 2623 1743 2696 hucusqnecelehrataest,
1771 2631 1799 2680 et
1824 2627 1855 2681 in
1925 2688 1929 2699 ,

105 2696 183 2749 adse
199 2696 314 2766 scripta.
335 2716 348 2744 ιι
1006 2695 1169 2762 catalogum
1185 2694 1290 2760 relata3
1307 2695 1357 2765 qui
1372 2695 1396 2748 si
1413 2710 1478 2749 curn
1493 2695 1555 2749 istis
1569 2696 1700 2765 ejusdem
1711 2695 1856 2766 opinionis

135 2766 262 2820 loannes
290 2782 323 2819 na
347 2765 470 2828 Lacum,
487 2766 587 2819 doctor
603 2764 779 2832 parisiensis,
795 2765 825 2819 in
841 2766 953 2821 disser-
1006 2763 1114 2825 fuisset,
1142 2772 1191 2818 aut
1223 2765 1247 2818 si
1277 2765 1446 2835 scriptorum
1476 2781 1595 2819 suorum
1624 2767 1766 2820 rationem
1795 2782 1855 2822 non

103 2837 214 2891 tatione
236 2836 272 2892 de
299 2838 387 2891 veteri
409 2836 538 2891 ciborum
566 2837 691 2898 Delectu‚
715 2841 780 2900 etc,
807 2852 874 2907 pag.
900 2840 950 2893 tt:
1006 2834 1185 2901 reddidisset,
1215 2835 1332 2890 minime
1361 2836 1482 2890 dubium
1507 2836 1578 2907 quin
1603 2836 1702 2890 eadem
1726 2853 1791 2908 qnae
1812 2837 1853 2892 illi

107 2929 117 2954 ι
143 2907 309 2962 Graecorum
335 2906 491 2978 objectioni
517 2907 556 2960 sic
581 2908 736 2977 respondet
765 2909 949 2975 Ratramnus,

106 2978 271 3032 Corbeinsis
290 2978 456 3042 monachus,
475 2979 605 3048 inopere
626 2978 701 3048 quod
718 2984 786 3031 tirno
801 2979 950 3049 episcopo-

1005 2921 1105 2975 passns
1120 2905 1228 2960 fuisset.
1253 2927 1262 2953 ι
1287 2905 1413 2960 Tandem
1430 2922 1497 2960 vero
1512 2922 1578 2960 cum
1599 2912 1658 2961 tam
1674 2909 1856 2977 praeclareat

1005 2980 1103 3047 aperta
1119 2977 1149 3028 in
1173 2976 1290 3047 prelato
1315 2977 1463 3031 Ratramni
1483 2992 1570 3048 opere
1595 2980 1700 3031 realem
1723 2979 1854 3049 corporis

106 3064 167 3102 rom
182 3048 353 3104 auctoritate
377 3055 475 3103 contra
496 3048 609 3103 Graecos
631 3050 673 3101 vir
698 3050 747 3102 ille
770 3049 953 3104 doctissimus
970 3050 990 3105 C
1007 3054 1035 3100 et
1055 3046 1203 3117 sanguinis
1223 3047 1326 3101 Christi
1352 3047 1534 3117 presentiam
1557 3047 1609 3101 sub
1631 3048 1780 3118 speciebus
1806 3066 1855 3103 eu·

104 3119 283 3189 conscripsit.
309 3119 348 3173 Ex
366 3118 416 3174 lib.
435 3135 461 3173 iv
484 3119 570 3189 hujus
583 3119 690 3190 operis,
707 3140 717 3166 ι
735 3125 788 3173 etc.
807 3119 871 3174 lude
883 3136 951 3189 pro·

106 3192 190 3244 liram
204 3193 350 3260 pericopen
364 3193 506 3260 excerpsit.

136 3260 283 3315 Gilbertus
299 3260 441 3327 aaronis,
467 3259 529 3330 regi
551 3276 568 3314 a
589 3259 728 3320 consiliis.
751 3258 781 3314 in
802 3259 950 3315 llistoricae

104 3335 130 3384 et
143 3330 362 3402 chronologicae
387 3329 599 3386 Dissertationis
621 3331 713 3401 capite
732 3333 774 3396 tl,
790 3331 824 3386 ad
842 3347 948 3386 annum

103 3402 163 3455 850.
180 3421 195 3452 a
223 3401 282 3457 linc
304 3402 390 3456 etiam
408 3417 484 3455 anno
503 3403 686 3465 Ratramnus,
707 3402 868 3456 Cnrbrinsis
885 3418 950 3456 mo·

104 3473 209 3526 nachus
229 3488 289 3527 nnn
305 3472 375 3526 laris
396 3477 550 3526 armatura
574 3472 604 3526 in
629 3471 751 3526 Ecclesia
766 3472 872 3527 Christi
896 3473 949 3527 mi·

104 3544 150 3607 les,
167 3542 249 3613 regin
264 3542 399 3597 mandato
415 3541 629 3614 obtemperans,
645 3542 717 3597 duos
729 3543 815 3597 libros
826 3543 861 3597 de
877 3544 951 3597 Pra-

103 3612 293 3737 ppppinations
330 3613 500 3685 composuit.
531 3633 545 3663 a
578 3614 648 3680 Quos
683 3614 730 3668 ille
764 3616 871 3683 primus
896 3614 951 3669 luci

133 3753 257 3810 lacobus
278 3769 311 3808 nr
334 3753 431 3809 Satura
457 3754 576 3820 Baurva,
604 3754 695 3808 socius
721 3753 895 3809 Sorhonicus
918 3770 950 3810 ac

104 3825 196 3895 regins
216 3824 376 3950 poroiessor,
401 3830 549 3880 tractatum
573 3825 607 3880 de
633 3824 812 3880 Euchariston
834 3827 863 3878 ιἰι
886 3825 949 3880 Sor·

104 3894 172 3950 mua
186 3910 216 3950 sc
252 3897 287 3950 tis
302 3896 526 3965 ipseprretepens,
542 3897 723 3951 llutrnnsuum
747 3896 840 3950 multis
863 3897 951 3964 iisque

104 3980 152 4047 uon
170 3967 284 4035 mrlpuri
299 3966 451 4047 eruditione
462 3968 693 4048 refertiseprepr'e
706 3966 840 4022 uindicat.
854 3966 950 4020 Primo

105 4035 950 4178 thaath,ttltlhlillalltlshtl‘tllll

1006 3117 1166 3171 charteticis
1181 3117 1300 3186 probent
1319 3132 1350 3170 ac
1369 3117 1729 3184 transsubstantiationem,
1751 3119 1855 3174 obscu-

1006 3188 1082 3242 riora
1106 3188 1228 3257 proinde
1244 3193 1272 3240 et
1294 3186 1456 3240 difficiliora
1471 3187 1505 3241 ad
1526 3186 1716 3242 orthodoxum
1738 3204 1854 3244 sensum

1006 3258 1130 3329 benigue
1148 3262 1259 3328 queunt
1282 3257 1432 3322 elucidari;
1454 3273 1487 3311 ex
1510 3256 1618 3326 Regula
1642 3257 1781 3312 nimirum
1807 3259 1855 3314 l'a-
1919 3319 1924 3329 Ι

1006 3331 1103 3394 crindi,
1125 3328 1174 3384 lib.
1194 3344 1232 3393 rx,
1249 3344 1273 3382 c.
1296 3331 1331 3382 5:
1363 3346 1376 3380 a
1402 3327 1649 3393 Quemadmodum
1677 3329 1855 3384 calumnian-

1006 3401 1078 3454 tium
1107 3399 1307 3454 hasreticorum
1330 3404 1374 3453 est
1401 3415 1436 3453 ex
1461 3399 1557 3454 dubiis
1585 3405 1614 3452 et
1637 3398 1765 3454 obscuris
1789 3415 1855 3472 quar

1004 3478 1082 3526 rerta
1105 3476 1133 3525 et
1148 3471 1298 3525 manifesta
1323 3475 1389 3524 suut
1403 3471 1478 3525 male
1493 3469 1686 3540 interpretati,
1705 3471 1736 3524 in
1752 3470 1791 3525 ita
1805 3472 1856 3526 sal·

1005 3558 1072 3596 rum
1098 3547 1142 3596 est
1163 3540 1325 3612 prudentiae
1350 3557 1381 3595 ac
1399 3540 1512 3612 pietatis
1532 3540 1681 3595 catholicas
1694 3556 1728 3595 ex
1742 3540 1855 3597 indubi-

1005 3613 1071 3666 tatis
1087 3618 1175 3684 atque
1194 3611 1374 3666 evidentibus
1389 3616 1418 3665 et
1433 3612 1547 3666 firmare
1562 3611 1699 3682 ambigna
1723 3614 1752 3665 et
1766 3612 1856 3667 lateu-

1004 3683 1045 3736 tia
1058 3683 1213 3737 declarare.
1231 3683 1259 3737 Si
1287 3682 1338 3753 qui
1357 3698 1424 3736 vero
1446 3681 1601 3737 orthodoxi
1625 3683 1710 3736 etiam
1727 3681 1804 3738 aliud
1819 3683 1856 3738 fa·

1005 3752 1139 3877 ciendupn
1153 3752 1327 3823 putaverint,
1347 3768 1406 3807 non
1426 3756 1494 3806 sunt
1515 3753 1546 3805 in
1566 3753 1620 3806 hoc
1636 3770 1651 3805 a
1666 3752 1855 3824 prudentibus

1005 3824 1106 3878 imitan
1128 3823 1177 3876 i.»

1042 3895 1106 3949 Bac
1128 3892 1274 3958 ltcherius,
1314 3891 1341 3947 ui
1358 3895 1498 3964 praterea
1514 3895 1613 3946 monet
1626 3907 1675 3946 eos
1690 3891 1780 3946 lihros
1793 3909 1811 3947 a
1825 3910 1855 3949 se

1006 3964 1097 4019 editos
1123 3981 1184 4019 esse
1204 3980 1238 4017 ex
1262 3909 1360 4018 ceilae
1383 3963 1528 4017 thuaneo.
1551 3964 1633 4018 llunc
1654 3962 1786 4017 codicem
1807 3963 1855 4018 de·

1005 4035 1073 4090 inde
1098 4034 1230 4089 leuzins
1255 4035 1377 4088 contulit
1414 4033 1444 4087 in
1478 4033 1648 4087 bibliotheca
1677 4032 1853 4101 Colbertina,

1006 4122 1131 4177 eumque
1155 4106 1314 4177 diligentias
1340 4120 1399 4159 suoe
1429 4104 1555 4158 lructum
1585 4103 1692 4165 retulit.
1719 4103 1795 4175 quod
1823 4105 1854 4159 in

106 4177 246 4249 luxusque
268 4178 361 4233 locum
387 4177 547 4233 obtinuisse
563 4179 762 4241 Ratramnum,
786 4177 889 4232 deinde
902 4194 949 4232 ca·
1006 4176 1155 4232 nonnullis
1177 4176 1246 4231 locis
1261 4175 1453 4246 deprehendit
1464 4173 1577 4231 acherii
1588 4174 1738 4231 librarium
1752 4173 1783 4229 iu
1796 4174 1855 4231 Ra·

107 4247 237 4303 tholicum
251 4264 326 4320 opus
347 4249 383 4303 de
400 4249 524 4320 Corpore
539 4255 568 4303 et
583 4248 729 4320 Sanguine
745 4248 859 4302 Domini
875 4264 951 4303 com·
1004 4247 1112 4302 tramni
1131 4262 1218 4318 opere
1242 4246 1429 4301 exscribendo
1456 4245 1579 4300 nimium
1604 4245 1722 4316 ingenio
1744 4261 1797 4300 sno
1812 4245 1853 4301 in·

108 4318 226 4386 posuisse
243 4318 343 4387 docet;
369 4319 459 4375 fretus
474 4336 534 4375 non
556 4324 669 4375 tantum
684 4318 818 4391 Sigiherti
841 4323 871 4373 et
885 4319 951 4374 alin·
1005 4318 1136 4373 dulsisse.

793 4663 934 4737 LIBER
962 4660 1156 4735 PRIMUS.

903 4843 1049 4854 ——n

965 5014 986 5069 D
1001 5013 1107 5070 inlerre
1117 5012 1255 5080 valerent,
1272 5011 1402 5082 illudque
1422 5011 1636 5067 Salomonicum
1658 5012 1767 5083 Spiritu
1785 5028 1850 5067 san-

109 5132 234 5190 pimss
249 5137 276 5189 e,
285 5133 386 5188 Bau-m
398 5133 486 5202 impp
502 5101 634 5200 oppon-,223
648 5129 795 5199 mmm·
813 5125 945 5196 Oppoma
999 5106 1044 5157 cto
1067 5101 1238 5173 prolatum:
1262 5099 1401 5170 Responde
1432 5101 1518 5154 stulto
1537 5100 1684 5155 secundum
1703 5101 1852 5156 stultitiam

439 5201 602 5258 draconum.
999 5207 1088 5258 suum,
1108 5205 1142 5245 ne
1161 5189 1216 5244 sits·
1239 5192 1349 5260 sopiens
1372 5203 1428 5244 esse
1445 5188 1574 5243 uidentur
1597 5188 1687 5259 (Pron.
1710 5203 1785 5256 xxvi,
1810 5191 1849 5260 5).

134 5293 269 5366 Opposita
295 5291 399 5365 quibus
428 5290 546 5345 Richael
567 5293 596 5344 et
623 5286 754 5355 Basilius,
781 5286 945 5341 Graecorum
1000 5279 1159 5336 Camenim
1172 5278 1269 5334 dicant
1282 5277 1360 5349 quod
1372 5277 1496 5332 chrisma
1507 5275 1693 5330 conficiamus
1707 5291 1742 5329 ex
1757 5292 1850 5348 aqua;

106 5378 296 5454 imperatores,
307 5380 466 5436 Romanam
485 5377 637 5433 Ecclesiam
663 5374 803 5430 infamare
832 5387 944 5427 conan—
998 5374 1026 5424 et
1041 5368 1119 5441 quod
1143 5384 1251 5440 agnum
1269 5367 1426 5422 dissencio
1450 5365 1565 5420 Paschae
1587 5380 1673 5435 super
1688 5365 1779 5420 altare
1793 5383 1852 5422 una

105 5470 209 5534 tnr,rel
235 5469 318 5533 falsa,
347 5467 391 5523 vel
420 5465 566 5531 haeretica,
592 5466 636 5520 rel
663 5460 870 5534 superstitiosa,
899 5459 944 5516 vel
999 5473 1065 5512 cnm
1093 5456 1242 5511 Dominico
1271 5470 1391 5526 corpore
1416 5452 1586 5508 sacrandum
1621 5453 1787 5511 ludaeorum
1816 5456 1851 5512 de

104 5553 257 5629 irreligiosa
271 5555 334 5610 lore
344 5558 565 5626 cognoscuntur.
577 5551 756 5622 Quapropter
764 5549 866 5603 merito
875 5562 944 5602 con·
998 5560 1244 5618 moreponamus,
1266 5558 1364 5599 nonne
1390 5541 1541 5596 manifeste
1566 5540 1770 5598 mentiuntur?
1793 5544 1851 5598 Nec

103 5645 220 5717 temptui
235 5643 384 5714 subjacere
399 5642 549 5708 deberent,
558 5639 615 5696 nisi
625 5637 854 5694 consideraretur
867 5634 945 5708 quod
1000 5634 1105 5691 timent
1127 5631 1200 5689 illud
1222 5628 1381 5687 Psalmiste
1405 5627 1516 5701 Spiritu
1540 5631 1640 5685 sancto
1672 5629 1849 5704 loquentis:

101 5732 276 5805 simplicibus
292 5731 445 5804 minusque
469 5727 621 5802 capacibus
637 5726 804 5783 scandalum
820 5722 945 5780 lesionis
1000 5721 1098 5778 Perdes
1123 5734 1212 5778 omues
1234 5721 1283 5791 qui
1299 5719 1449 5789 legimur?
1465 5715 1638 5775 mandarimus
1661 5717 1745 5790 (Prot.
1763 5732 1791 5785 v,
1809 5716 1849 5788 7).

381 5023 494 5080 CAPUT
510 5021 659 5078 Putuuu.
