3930 6098
730 242 912 299 uetulum
926 242 1158 301 cousulensls
1177 243 1343 302 llollsclll.
1879 250 1912 299 Al

1094 481 1837 491 m--ss———m-
1845 482 1889 489 ...-

759 625 937 699 LIBER
984 625 1314 700 SECUNDUS.

794 784 1268 841 ιιιιιιιιιιιιιιτιιιιιιοιιιιιιιι.

199 1099 363 1167 Antequam
379 1094 415 1149 de
425 1095 567 1149 malorum
579 1094 828 1165 praedestinatione
844 1093 1044 1165 loquamur,A
1064 1109 1125 1149 rem
1141 1110 1200 1149 non
1224 1095 1436 1151 contomneudo
1463 1102 1540 1166 sunt,
1568 1114 1634 1153 oves
1657 1114 1708 1168 par
1734 1099 1840 1155 ostium
1864 1101 1911 1155 in·

163 1184 233 1256 quid
247 1182 284 1239 sit
299 1182 523 1254 predestinatio,
545 1183 620 1238 beati
635 1181 788 1253 Augustini
810 1181 894 1237 dictis
909 1181 1009 1237 docaa·
1064 1182 1168 1237 trando
1184 1187 1261 1251 sunt,
1272 1199 1337 1236 oves
1347 1188 1476 1238 exeundo
1487 1189 1630 1256 etpascna
1644 1185 1816 1241 inveniendo
1832 1193 1910 1251 sont,

164 1286 238 1325 mos.
256 1270 306 1341 [Ait
325 1269 403 1325 enim
436 1271 614 1341 Augustinus
637 1278 649 1305 ⁸
676 1270 752 1324 libro
768 1269 802 1325 de
824 1269 1012 1325 Draedestins-
1064 1286 1131 1325 ores
1150 1274 1256 1326 aeterna
1276 1272 1333 1325 vita
1362 1272 1535 1342 perfruendo
1561 1277 1636 1329 erint.
1664 1273 1815 1338 Quomodo
1842 1291 1912 1345 ergo

164 1358 266 1414 tione:
296 1356 525 1431 [Praedestinalio
548 1358 655 1430 quippe
681 1376 698 1414 a
725 1359 927 1430 praemittendo
950 1357 1009 1429 (nl,
1064 1358 1127 1414 istis
1141 1359 1234 1415 dixit:
1258 1361 1351 1414 ‹Non
1375 1361 1443 1415 estis
1462 1378 1494 1416 er
1510 1362 1610 1417 ovibus
1635 1361 1726 1418 meis‘l
1740 1384 1754 1413 a
1779 1363 1852 1428 Quia
1873 1365 1914 1419 ri·

163 1447 358 1518 praevidendo)
374 1452 402 1502 ot
417 1446 619 1518 preveniendo
635 1447 676 1501 rel
694 1447 911 1519 prmordinando
931 1448 1009 1502 lutu-
1064 1448 1149 1504 debat
1168 1465 1217 1503 eos
1235 1449 1269 1504 ad
1285 1450 1491 1520 sempiternum
1516 1450 1663 1506 interitum
1680 1452 1911 1522 predestinatos,

165 1552 229 1592 rum
250 1535 358 1606 aliquid
383 1535 509 1605 dicitnr]
534 1535 642 1600 Quibus
669 1535 762 1590 uerbis
786 1535 912 1591 ostendit
935 1537 1009 1607 quod
1065 1552 1122 1590 non
1142 1536 1177 1591 ad
1200 1537 1288 1591 sitam
1304 1542 1442 1593 mtcrnam
1466 1539 1512 1593 sui
1529 1540 1676 1609 sanguinis
1692 1541 1784 1612 pretio
1799 1556 1913 1612 compa·

164 1625 324 1698 praemissio
339 1624 592 1696 elpraeordinatio,
610 1624 668 1679 sive
684 1625 849 1695 proventio,
864 1625 1010 1696 prmdesti-
1064 1623 1166 1696 ratosl.
1182 1626 1253 1680 ltem
1269 1625 1411 1680 inferius:
1436 1648 1450 1678 u
1467 1627 1558 1681 Vitam
1573 1633 1710 1683 aeternam
1735 1628 1808 1683 daho
1827 1629 1880 1698 eia,
1897 1649 1911 1681 s

165 1715 242 1770 natio
252 1714 299 1782 sit,
313 1719 342 1769 et
355 1715 385 1769 in
399 1714 494 1769 verbis
509 1714 634 1780 dillerre,
649 1730 735 1768 sensu
745 1730 811 1768 vero
829 1730 886 1769 non
904 1714 1011 1770 discre-
1064 1711 1094 1767 id
1114 1718 1156 1766 cst
1168 1712 1268 1768 ovibus
1284 1714 1364 1782 meis,
1384 1734 1397 1767 c
1412 1720 1441 1770 et
1453 1732 1510 1769 non
1526 1716 1662 1787 peribunt
1674 1716 1704 1771 in
1719 1721 1871 1772 aeternum,
1896 1740 1911 1767 u

163 1817 242 1872 pare.
260 1802 294 1855 ut
318 1800 485 1872 Fulgentius
505 1800 534 1854 in
550 1800 624 1855 libro
652 1801 687 1855 de
704 1799 957 1855 Praedestinatione
973 1800 1011 1854 ila
1064 1801 1215 1869 Sulmudis,
1246 1806 1385 1875 tanquam
1409 1803 1450 1859 eis
1489 1805 1612 1859 dixerit:
1650 1807 1703 1859 Vos
1729 1806 1859 1877 peribitis
1881 1806 1912 1861 iu

163 1890 204 1943 ait
226 1891 367 1960 (Fulgent.
384 1889 422 1943 cd
441 1891 588 1944 llouimum
608 1888 641 1943 de
666 1891 774 1956 pomino
797 1888 935 1957 Prodest,
955 1887 974 1943 1.
990 1905 1010 1954 ι,
1065 1889 1216 1950 oeternum,
1234 1885 1374 1956 quianon
1395 1886 1462 1940 estis
1485 1902 1517 1940 ex
1538 1887 1638 1941 ovibus
1653 1887 1735 1942 meis.
1752 1908 1766 1937 α
1779 1887 1842 1944 Νοιι
1865 1904 1911 1942 ra·

163 1994 223 2049 cap.
248 1977 313 2044 tol:
340 1976 451 2050 [Neque
473 1978 550 2032 enim
573 1983 616 2030 est
643 1978 699 2031 alia
716 1977 763 2030 Dei
786 1976 1010 2046 predestinatio,
1066 1972 1125 2042 piet
1143 1989 1192 2026 cas
1208 1973 1360 2044 quisquam
1384 1974 1418 2027 de
1440 1989 1528 2030 monn
1555 1991 1629 2030 mee.
1646 1998 1659 2025 a
1677 1977 1818 2032 latentius
1833 1977 1912 2032 acci·

164 2066 218 2120 nisi
232 2066 394 2120 futurorum
409 2081 529 2136 operum
546 2065 608 2135 ejus
632 2070 741 2118 selerne
764 2063 961 2136 praeparatio]
980 2066 1012 2119 El
1064 2062 1124 2132 pilo
1141 2077 1148 2114 ε
1164 2082 1178 2110 «
1196 2063 1279 2116 Pater
1303 2077 1384 2116 mous
1399 2063 1475 2133 quod
1491 2063 1570 2119 dedit
1585 2064 1656 2119 uitri
1672 2065 1766 2136 majus
1791 2070 1833 2120 esl
1847 2081 1910 2120 om·

164 2153 210 2208 liic
239 2154 477 2224 preparationem
508 2152 789 2225 praedestinationem
828 2153 1009 2208 nominarit:
1066 2148 1190 2204 nibus.»
1212 2149 1284 2215 Quid
1300 2153 1502 2222 potestlupus,
1528 2152 1596 2223 quid
1614 2153 1765 2222 potestlur
1776 2159 1804 2209 et
1818 2153 1912 2210 latro?

164 2242 285 2313 proinde
313 2242 371 2296 sive
390 2242 632 2313 properationem
652 2241 1010 2313 siveprmdestinetioncm
1066 2240 1129 2293 Non
1155 2239 1282 2310 perdunt
1303 2240 1358 2294 nisi
1378 2241 1411 2294 ud
1441 2240 1590 2296 interitum
1616 2242 1843 2313 predestinatos.
1870 2245 1912 2299 Dc

163 2331 193 2384 in
220 2336 383 2385 sanctorum
412 2331 492 2386 dictis
525 2331 649 2402 positum
680 2329 884 2395 invenerimus,
919 2346 1007 2386 unirm
1064 2327 1120 2382 illis
1134 2333 1229 2382 autem
1245 2328 1345 2383 ovibus
1360 2329 1394 2384 do
1410 2329 1811 2402 quibusdicitApostolus:u
1827 2332 1912 2386 Novit

162 2419 297 2490 idemque
312 2419 470 2491 significari
485 2420 629 2475 docemur.
648 2421 681 2475 Et
704 2419 738 2474 de
754 2419 1008 2490 predestinatione.
1027 2400 1045 2453 Β
1066 2416 1204 2471 Dominus
1221 2416 1270 2488 qni
1286 2423 1353 2472 suot
1367 2418 1429 2487 ejus
1441 2419 1478 2485 (ll
1494 2420 1563 2474 Tim.
1580 2435 1611 2481 ιι,
1633 2420 1693 2487 10);
1706 2439 1719 2472 o
1734 2427 1763 2475 et
1778 2435 1785 2475 :
1802 2419 1911 2484 «Quos

162 2506 203 2562 ita
225 2507 397 2563 venerabilis
426 2508 526 2563 doctor
557 2508 735 2580 Augustinus
767 2508 798 2562 in
827 2509 1008 2580 Expositione
1065 2505 1911 2579 prescivit,ipsoselprmdestinevit3qnosautempraede·

162 2596 303 2668 evangelii
320 2596 437 2652 loannis
458 2602 552 2667 (tract.
573 2603 629 2664 nv)
651 2595 790 2670 dicit:[«
806 2596 859 2662 Qui
875 2597 909 2652 de,
938 2599 1009 2653 coelo
1064 2593 1190 2657 stillavit,
1209 2593 1285 2665 ipsos
1300 2599 1327 2650 ei
1344 2596 1455 2650 locavit
1471 2611 1478 2648 t
1494 2611 1565 2665 quos
1592 2600 1689 2651 autem
1706 2596 1823 2663 vocavit,
1844 2596 1911 2650 illos

162 2684 240 2739 verrit
255 2702 340 2756 supra
357 2702 457 2740 omncs
472 2690 530 2753 est3
556 2691 585 2740 ct
606 2687 682 2758 qood
696 2685 767 2739 vidit
779 2691 807 2741 et
824 2685 934 2741 audivit
956 2687 1010 2741 hoc
1062 2688 1092 2739 et
1102 2683 1283 2754 justificaril3
1298 2699 1370 2754 qnos
1384 2688 1480 2737 antem
1492 2683 1675 2753 justificavit3
1689 2683 1754 2738 illos
1774 2688 1802 2739 et
1824 2685 1912 2755 glori-

161 2776 298 2841 testatum
315 2773 511 2829 testimoninm
532 2776 593 2846 ejus
608 2773 823 2845 nemoeccepit.
844 2796 854 2824 ι
872 2774 1008 2843 sinemo,
1063 2770 1158 2826 licerit
1169 2771 1256 2840 (liora.
1271 2787 1329 2839 vui,
1345 2774 1391 2840 ss,
1407 2773 1452 2836 30)
1469 2786 1475 2826 :
1494 2793 1509 2822 »
1526 2772 1560 2827 de
1574 2773 1676 2827 ovibus
1692 2773 1752 2827 istis
1763 2773 1912 2843 neclupus

161 2862 275 2933 utquid
292 2862 389 2917 venit?
402 2862 598 2928 Quorumdam
623 2879 691 2935 ergo
706 2879 802 2919 nemo.
820 2863 868 2918 Est
891 2864 1009 2935 quidam
1065 2859 1149 2930 rapit,
1177 2875 1229 2915 nec
1256 2860 1303 2915 fur
1332 2861 1418 2927 tollit,
1442 2875 1493 2914 nec
1520 2860 1590 2914 latro
1614 2859 1759 2915 interficit.
1787 2860 1911 2916 Securru

162 2951 287 3021 populus
306 2952 530 3022 praepiaratusad
557 2951 630 3006 iram
653 2951 714 3016 Dei,
740 2952 920 3007 damnandus
943 2969 1008 3007 cum
1063 2952 1104 3001 est
1118 2947 1153 3002 de
1169 2962 1288 3002 unmeto
1309 2945 1484 3017 earum,qu
1504 2946 1613 3017 procis
1632 2947 1801 3018 novitqnod
1819 2947 1908 3003 dedit.

162 3037 301 3092 diaholo:
324 3039 426 3093 lrornm
442 3055 528 3094 nemo
544 3042 651 3110 accepit
672 3038 867 3095 testimonium
892 3038 1007 3096 Christi.
1063 3037 1096 3091 Et
1110 3035 1162 3091 hoc
1177 3041 1220 3090 est
1238 3036 1313 3106 quod
1339 3035 1381 3090 ait
1397 3051 1404 3089 :
1422 3056 1435 3084 o
1452 3036 1514 3090 Non
1533 3036 1627 3107 rapiet
1645 3052 1692 3090 cos
1708 3034 1859 3107 quisquam
1874 3037 1910 3090 de

162 3126 231 3180 llam
246 3126 269 3181 si
285 3127 404 3181 omnino
429 3144 524 3195 nemo,
540 3128 637 3183 nullus
661 3128 756 3183 homo.
774 3127 846 3192 Quid
871 3131 914 3183 est
932 3128 1007 3199 quod
1064 3139 1150 3178 manu
1164 3140 1243 3190 mea;
1259 3124 1399 3178 »etitem
1415 3123 1450 3178 ad
1460 3124 1594 3178 Patrem:
1611 3145 1626 3173 α
1638 3126 1720 3177 l’aler
1734 3139 1815 3177 mens
1830 3124 1910 3193 qnod

161 3214 311 3286 sequitur?
327 3235 340 3266 a
357 3215 411 3280 (lui
439 3218 548 3288 accepit
566 3217 763 3272 testimonium
787 3217 859 3288 ejus,
886 3216 1009 3288 signavit
1063 3214 1142 3268 dedit
1161 3212 1231 3267 milri
1251 3212 1342 3283 majo
1367 3212 1501 3267 omuibus
1526 3217 1567 3266 est
1586 3214 1674 3281 (loen.
1697 3228 1735 3278 xi,
1757 3214 1801 3280 28,
1817 3214 1874 3284 29).
1892 3235 1905 3261 ι

159 3304 228 3375 quin
244 3305 319 3358 Deus
334 3321 416 3359 rerax
432 3313 484 3360 est.
509 3305 622 3361 »Certe
646 3322 714 3377 ergo
739 3322 797 3360 non
812 3321 909 3373 nemo,
934 3304 958 3360 si
976 3308 1008 3360 tu
1097 3302 1131 3356 lit
1152 3299 1198 3356 uie
1224 3305 1253 3356 et
1267 3301 1399 3372 superins
1419 3301 1488 3356 dum
1512 3302 1561 3373 qni
1582 3317 1641 3355 non
1664 3304 1731 3355 sunt
1745 3317 1779 3355 cx
1807 3301 1910 3355 oribus

159 3391 221 3462 ipse
237 3392 325 3446 dicis:
344 3411 357 3444 c
373 3392 427 3456 Qui
452 3393 562 3464 accepit
580 3393 777 3448 testimonium
794 3393 866 3465 ejus,
884 3394 1007 3465 signavit
1062 3389 1176 3458 curisti,
1189 3389 1224 3443 ad
1240 3389 1388 3444 interitum
1404 3388 1473 3444 dicit
1499 3393 1688 3460 praepo-atos,
1715 3389 1838 3445 ostendit
1858 3405 1909 3460 ge·

152 3477 228 3551 ¹quia
256 3480 330 3534 Deus
352 3495 436 3534 verax
461 3484 544 3534 est.»
573 3482 769 3552 Responderet
798 3498 866 3553 ergo
889 3482 1007 3538 tortasse
1062 3477 1171 3533 minam
1195 3494 1256 3533 esse
1279 3478 1580 3549 praedestinationem
1597 3478 1665 3551 quia
1683 3478 1818 3534 etsaneli
1837 3494 1909 3550 prae-

159 3566 355 3638 interrogatus
368 3567 503 3635 loannes,
517 3571 544 3622 et
556 3567 663 3623 diceret
680 3582 687 3626 :
704 3569 776 3624 Nori
791 3569 860 3640 quid
875 3568 1006 3637 dixerim,
1062 3565 1196 3621 destinati
1210 3569 1277 3620 sunt
1294 3568 1327 3622 ad
1348 3567 1445 3626 ritem.
1468 3567 1561 3640 etqui
1577 3568 1606 3622 in
1622 3567 1744 3640 peccatis
1758 3566 1815 3622 suis
1843 3582 1909 3639 per·

159 3654 249 3711 Nemo.
285 3654 332 3709 Est
359 3653 436 3709 enim
464 3655 581 3726 quidam
609 3658 733 3728 populus
761 3662 846 3713 natus
873 3657 907 3712 ad
934 3658 1006 3712 iram
1022 3699 1042 3754 C
1061 3655 1304 3723 severaturisunt,
1322 3656 1356 3711 ad
1371 3656 1529 3712 interitum.
1546 3657 1616 3712 ltem
1633 3657 1663 3711 in
1686 3657 1788 3712 eodem
1813 3658 1908 3726 (tract.

160 3741 220 3809 Dei,
236 3743 313 3798 etad
332 3742 385 3798 hoc
398 3745 599 3815 precognitus,
620 3746 673 3812 Qui
688 3745 745 3801 sint
760 3747 840 3801 euim
854 3745 1006 3816 credituri,
1063 3744 1126 3817 inv)
1142 3761 1149 3799 :
1170 3742 1209 3816 [Si
1221 3744 1350 3799 catholici
1374 3745 1473 3800 fideles
1497 3751 1578 3800 erant
1597 3762 1663 3801 oves
1678 3752 1778 3813 erant3
1795 3746 1818 3800 si
1842 3762 1910 3801 ores

158 3831 250 3902 etqui
265 3847 323 3886 non
339 3831 396 3887 sint
410 3832 557 3902 credituri,
570 3835 650 3888 novit
665 3836 757 3902 Deus,-
773 3834 824 3907 qui
838 3834 895 3890 sint
909 3849 1005 3908 perse·
1062 3837 1153 3900 orent,
1164 3833 1416 3905 quomodorocem
1430 3833 1517 3889 alieni
1543 3833 1642 3889 audire
1655 3833 1830 3905 potnerunt?
1842 3849 1910 3890 cum

158 3920 283 3975 voraturi
299 3921 328 3974 in
344 3936 378 3975 eo
398 3921 474 3993 quod
489 3921 683 3992 crediderunt,
698 3923 792 3995 etqui
820 3923 878 3978 sint
897 3923 1006 3994 lapsuri
1061 3922 1199 3978 Dominus
1219 3922 1341 3977 dicatu
1362 3924 1424 3977 Non
1445 3922 1598 3977 audieruut
1617 3939 1747 3978 eosores
1768 3925 1845 3978 Joou.
1876 3939 1907 3991 ιι,

158 4009 237 4065 norit
265 4011 357 4066 Dcus:
379 4017 407 4067 ct
424 4011 566 4067 numerati
586 4013 720 4068 snntDeo
743 4028 844 4067 omnes
866 4012 956 4068 futuri
974 4013 1005 4070 in
1060 4013 1097 4080 8).
1111 4032 1124 4061 o
1141 4010 1276 4079 Audistis,
1296 4011 1407 4079 iratres,
1424 4011 1604 4068 altitudinem
1629 4009 1816 4084 questionis?
1840 4011 1910 4068 Dico

157 4098 244 4154 ritem
264 4100 778 4172 ceternom3etnovitjampopulum
801 4101 882 4156 illum
901 4099 1005 4157 distin·
1060 4116 1128 4171 ergo
1167 4120 1178 4148 ι
1204 4100 1285 4154 Norit
1305 4099 1444 4155 Dominus
1468 4099 1598 4172 quisunt
1628 4100 1689 4172 eJ'us
1718 4102 1757 4170 (ll
1778 4102 1848 4155 lt‘m.
1874 4117 1907 4167 ιι,

157 4192 246 4242 ctum,
271 4189 305 4242 Et
318 4187 343 4242 si
356 4188 416 4260 ipss
434 4188 523 4259 novit,
540 4195 568 4245 et
583 4190 731 4262 prophetis
745 4189 822 4245 dedit
845 4205 930 4244 nosse
951 4205 1005 4261 por
1061 4188 1115 4261 19),
1135 4210 1145 4237 ι
1164 4189 1243 4243 norit
1255 4190 1409 4259 praeseitos,
1422 4189 1640 4259 praedestinatos
1656 4205 1662 4244 :
1680 4190 1715 4245 de
1730 4189 1780 4243 illo
1797 4188 1907 4260 quippe

156 4275 296 4347 Spiritum
311 4293 405 4345 suum,
424 4278 503 4334 dedit
518 4283 546 4334 et
559 4279 673 4336 loanni.
690 4280 760 4333 Cum
780 4279 858 4333 onim
873 4279 1004 4351 superins
1057 4279 1183 4335 dicitur:
1209 4277 1312 4343 notros
1340 4282 1437 4333 autem
1466 4278 1615 4350 praescivit,
1638 4283 1667 4334 et
1690 4276 1907 4348 predestinavit

156 4364 254 4420 mullis
280 4365 453 4421 testimoniis
473 4371 663 4422 monstratum
687 4366 723 4422 sit
751 4371 912 4421 sanctorum
941 4382 1003 4423 esse
1057 4365 1215 4421 conformes
1230 4364 1293 4419 lieri
1310 4365 1443 4436 imaginis
1458 4365 1521 4418 Filii
1534 4366 1587 4433 sui,
1614 4370 1645 4419 nt
1659 4365 1695 4420 sit
1717 4364 1778 4436 ipse
1793 4364 1905 4435 primo·

155 4455 449 4525 predestinationem,
466 4459 495 4511 et
509 4472 586 4511 nrum
603 4455 728 4511 dicitur:
744 4455 863 4527 quidam
877 4457 1002 4527 populus
1057 4454 1169 4524 genitus
1192 4454 1221 4508 iu
1246 4453 1344 4508 multis
1363 4452 1497 4507 fratribus
1513 4471 1521 4507 :
1539 4468 1612 4524 qnos
1631 4457 1728 4508 aulem
1749 4451 1904 4524 predesti-

154 4547 331 4616 prreparatus
346 4544 380 4599 ad
398 4543 469 4599 iram
488 4545 540 4600 Dei
555 4544 735 4600 declinandus
751 4559 816 4598 cum
831 4544 954 4612 diabolo,
975 4551 1002 4600 et
1057 4542 1144 4611 navit,
1169 4542 1247 4614 ipsos
1270 4547 1299 4598 et
1313 4541 1439 4610 vocaril;
1465 4547 1494 4597 et
1507 4558 1580 4614 quos
1599 4542 1707 4597 vocavit
1721 4541 1799 4613 ipsos
1813 4546 1843 4596 et
1855 4541 1904 4613 jn-

153 4633 325 4704 proeparalio
340 4633 557 4704 praedestinatio
572 4632 619 4701 sit,
642 4633 716 4688 sieut
734 4632 866 4703 superius
892 4634 999 4705 palefa·
1055 4630 1209 4686 stificavit?
1237 4647 1309 4704 qnos
1331 4634 1426 4686 eutem
1445 4629 1623 4702 justificavit,
1650 4630 1728 4702 ipsos
1749 4633 1777 4685 et
1792 4629 1905 4700 glorili-

152 4726 230 4776 ctnm
243 4726 294 4792 est,
316 4725 494 4777 monstratur
508 4736 569 4777 esse
584 4721 701 4794 gemina
726 4721 951 4792 praedestinatio,
968 4723 996 4778 id
1054 4720 1137 4776 caut.
1161 4720 1191 4775 Si
1206 4720 1280 4775 Deus
1301 4719 1458 4792 monebis,
1481 4719 1545 4792 quis
1571 4723 1672 4774 contra
1686 4720 1793 4774 nos‘lo
1821 4718 1904 4774 Adde

153 4814 197 4864 est
212 4813 239 4863 et
255 4823 355 4863 eornm
371 4809 421 4881 qui
431 4808 574 4865 numerati
589 4812 656 4863 sunt
671 4808 738 4876 Deo,
756 4812 784 4863 et
799 4809 943 4880 portinent
963 4809 999 4863 ad
1054 4810 1162 4864 adhuc:
1188 4831 1201 4860 e
1226 4808 1279 4874 Qui
1301 4808 1419 4881 proprio
1444 4809 1515 4863 Filio
1537 4823 1665 4863 sunnon
1691 4807 1828 4879 pepercit,
1853 4809 1905 4863 sed

151 4896 240 4950 sitam
265 4900 413 4964 aeternam,
438 4901 466 4953 et
492 4911 594 4952 eorum
621 4896 672 4968 qni
699 4897 854 4968 praeparati
883 4898 998 4952 suntad
1054 4896 1471 4969 profnobisomnibuslradidit
1481 4913 1557 4963 enm,
1570 4895 1717 4968 quomodo
1727 4911 1786 4951 non
1797 4900 1903 4952 etcum

151 4985 224 5039 irem
250 4984 300 5040 Dei
321 4984 478 5041 damnandi
498 5000 562 5039 cum
585 4984 707 5042 diabolo.
734 4983 815 5059 [ltem
839 4985 870 5041 in
895 4987 997 5042 eodem
1014 5002 1035 5057 p
1054 4987 1104 5043 illo
1119 4985 1216 5042 omnia
1230 4985 1313 5042 nobis
1332 4985 1477 5042 donarit?
1500 5006 1512 5035 ι
1534 4986 1620 5056 (Rom.
1643 5001 1704 5053 aur,
1727 4985 1833 5053 tw.)
1847 4984 1903 5041 Sed

150 5072 242 5146 (tecet.
264 5073 384 5146 merul:
410 5074 436 5146 [u
460 5072 515 5129 Sed
538 5089 588 5129 vos
614 5091 675 5129 non
698 5075 822 5144 creditis,
850 5076 997 5147 quianon
1052 5075 1186 5148 quibus·
1207 5074 1308 5132 nobis?
1324 5093 1338 5128 ι
1355 5073 1736 5146 Praescitis,praedestinatis,
1759 5072 1904 5144 Justiflcn·

151 5163 218 5217 estis
236 5163 380 5218 erroribus
396 5160 468 5216 meis
491 5161 578 5232 (dono.
594 5177 624 5226 x.
639 5162 695 5234 26).
713 5165 800 5219 »lam
821 5179 907 5235 snpra
921 5164 997 5219 didi·
1051 5162 1087 5218 lis
1102 5168 1130 5219 et
1144 5162 1321 5236 glorificatis.
1348 5163 1387 5219 Do
1401 5163 1505 5235 quibus
1521 5164 1672 5235 sequitur:
1690 5184 1705 5213 u
1720 5161 1789 5227 Quis
1816 5178 1904 5217 socn-

150 5250 227 5306 cistis
242 5266 308 5323 qnae
334 5250 392 5304 sint
414 5264 504 5305 orest
530 5255 621 5306 estote
650 5268 725 5307 oves.
751 5252 824 5308 Ores
852 5252 996 5308 credendo
1051 5251 1126 5308 saliit
1153 5255 1287 5309 adversus
1323 5252 1427 5307 electos
1453 5250 1504 5307 Dei
1528 5252 1628 5324 (told,
1658 5251 1743 5323 su.»
1772 5271 1786 5301 ιι
1816 5251 1904 5307 Novit

150 5346 225 5408 sunl,
242 5355 308 5394 oros
323 5341 469 5409 pastorem
484 5338 628 5412 sequendo
646 5346 724 5410 sunt,
741 5357 807 5396 oves
822 5341 995 5414 Redempto·
1051 5354 1119 5411 ergo
1135 5340 1270 5396 Dominus
1284 5338 1415 5413 quisunt
1429 5339 1510 5411 ejus;
1536 5361 1551 5391 »
1578 5339 1632 5412 ipsi
1656 5343 1723 5395 sunt
1742 5353 1819 5394 ores.
1836 5338 1902 5394 Ali-

185 5498 269 5552 ·lmo
289 5499 389 5550 auctor
406 5497 648 5569 llypoguosticoo,
667 5499 716 5553 til.
734 5516 771 5566 rr,
789 5514 850 5570 cap.
864 5501 890 5554 2.
