3930 6098
129 217 180 270 ³95
578 213 737 269 ALVARUS
757 211 1012 269 CORDUBENSIS.
1025 242 1060 251 —
1074 211 1210 268 NOTITIA
1232 210 1426 268 fllsroulce.

127 349 299 421 Sauloquod
310 347 457 417 cujusdam
477 346 655 415 homunculi,
671 346 748 415 pacis
767 336 975 417 perturbatoris
994 349 1014 402 Α
1031 361 1064 400 ao
1081 348 1280 402 iucarnationis
1291 347 1459 400 Domini859
1470 345 1519 399 sub
1535 361 1597 414 reae
1611 344 1767 413 Matrorrrad,

128 428 156 476 et
178 421 319 476 haeresum
340 419 441 470 satoris
461 417 645 487 persuasione
665 433 698 471 ac
720 419 824 486 verbis,
847 418 974 488 postula·
1028 418 1094 472 idus
1109 419 1214 481 Martii,
1229 433 1317 488 quam
1332 433 1364 471 es
1378 416 1475 470 codice
1499 432 1550 470 ms.
1570 417 1695 470 ecclesiae
1719 415 1768 471 Οιι

128 500 188 546 ιιιιιι
216 490 249 544 ab
282 506 315 543 eo
340 487 527 542 absolutionis
560 487 687 543 osticium
720 489 876 560 negaverit.
904 489 973 542 ltem
1028 487 1614 559 hoctituloinsignem,etqoasioperam
1633 486 1768 558 Eulogii}

128 562 205 634 quod
234 562 264 614 in
300 559 430 629 pluribus
459 559 518 612 veri
551 559 601 613 [lei
634 559 760 614 ministri
796 564 890 631 partes
914 575 974 614 uon
1029 575 1119 622 mum,
1135 559 1253 613 Morales
1267 559 1367 625 edidit,
1384 566 1412 612 et
1426 563 1491 628 post
1510 574 1574 611 carn
1589 557 1708 612 Schotus
1725 560 1757 611 in

127 633 227 703 egerit.
1027 632 1080 683 nire
1093 630 1240 684 illustrata
1262 635 1363 701 quarto
1380 630 1537 696 uolumine,
1561 645 1626 683 cum
1650 629 1727 682 uotis
1748 630 1768 699 ιζ

161 702 226 756 liiV.
244 701 343 755 dicari
359 702 555 766 transqressori
573 699 685 755 directa.
703 700 821 755 Lemma
838 704 904 756 est:
925 703 974 755 ut-
1028 701 1151 755 bioralis.

125 774 191 827 lecto
206 773 274 825 mibi
288 773 418 825 Eleazaro
434 772 564 825 ntrrarns.
592 771 839 842 Principium:1rr
863 775 971 842 primis,
1064 773 1141 826 Hauc
1167 774 1385 841 consequuntur
1419 771 1448 823 in
1480 769 1582 824 eodem
1615 770 1710 824 codice
1738 769 1768 824 ed

123 846 163 897 mi
175 842 282 896 dilecte.
299 841 396 897 Callus
422 842 534 895 Eleazar
549 841 602 895 tuit
625 842 752 908 natione,
770 844 819 897 sed
839 842 974 898 Hebraeas
1029 842 1091 909 bas,
1111 843 1232 913 Hymnus
1248 844 1278 896 in
1292 842 1401 897 diemS.
1419 842 1552 908 Eulogii:

123 914 181 968 tide
197 929 229 967 ex
249 912 433 966 Christiano:
456 928 544 981 quare
572 928 637 966 eum
660 918 897 983 transgressorem
922 929 969 982 ap·
1275 919 1426 968 Almiuunc
1440 919 1553 968 redeunt

123 986 221 1054 pellet.
237 983 365 1053 Totaque
381 987 424 1036 est
448 982 482 1036 de
508 983 747 1053 promissionibus
769 989 798 1038 et
812 985 974 1056 prophetiis
1276 982 1351 1030 Festa
1365 981 1483 1045 polifera.

121 1055 182 1124 jem
198 1054 361 1124 adimpletis
375 1053 487 1106 ventari
505 1054 620 1108 hessia.
1027 1057 1113 1122 atque
1138 1052 1207 1106 item
1230 1051 1409 1123 epitaphium
1432 1052 1570 1120 ejusdem.
1595 1050 1695 1105 Omnia
1724 1051 1768 1105 har

159 1126 211 1179 XV.
236 1126 407 1193 Rescriptum
434 1127 644 1191 transgressoris
683 1125 788 1179 Aloaro
830 1123 972 1190 directum,
1027 1129 1110 1193 cepto
1123 1128 1266 1195 postremo
1286 1121 1372 1175 hocce
1388 1122 1453 1176 vitre
1472 1121 1698 1192 Eulogii,latcut
1712 1121 1767 1176 adh

123 1211 189 1249 cam
204 1197 257 1250 hac
271 1195 463 1248 salutatione:
484 1196 586 1249 Dilecto
602 1196 672 1249 mibi
682 1195 812 1249 Eleazar.
830 1194 947 1249 Initium
965 1211 972 1248 ε
1028 1194 1124 1264 Neque
1139 1194 1172 1248 a.
1191 1192 1357 1247 Laurentius
1372 1193 1559 1260 Rama-erius,
1577 1208 1670 1262 neque
1696 1193 1728 1246 D.
1752 1192 1768 1246 l

122 1267 267 1336 Scripsisti
289 1267 366 1318 mibi.
382 1265 470 1335 liujus
481 1270 578 1319 tamen
592 1265 780 1336 paucissimos
799 1281 897 1319 versus
922 1282 972 1319 su·
1026 1264 1169 1329 Tarnaias,
1185 1272 1347 1318 nostrarum
1377 1280 1473 1317 reram
1485 1263 1706 1334 diligentissimi,
1731 1277 1768 1333 qu

122 1353 236 1407 peresse
268 1336 335 1390 fecit
371 1335 490 1405 alicujus
520 1338 614 1390 torscn
645 1336 755 1407 religio,
779 1336 973 1405 superstitioni
1027 1335 1182 1389 editionem
1210 1336 1337 1389 meditati
1355 1339 1430 1400 sunl,
1451 1335 1537 1388 tidem
1562 1349 1642 1387 suern
1669 1333 1768 1386 liberer

123 1409 265 1477 proxima.
292 1406 435 1460 neladaei
459 1407 598 1476 scriplum
623 1407 775 1471 legeretur.
804 1407 876 1460 Vere
895 1407 972 1460 eninr
1029 1407 1110 1460 Forte
1126 1422 1187 1472 nos,
1200 1406 1222 1459 si
1236 1405 1327 1459 olium
1350 1411 1482 1476 suppetat
1500 1405 1614 1459 scholiis
1629 1405 1766 1459 coniicieo

123 1477 339 1549 quatuordecim
359 1493 466 1541 versas,
492 1478 542 1547 qai
566 1478 595 1531 in
624 1478 737 1547 pagina,
766 1476 970 1547 sequebantur,
1027 1477 1237 1546 prestabimus.
1255 1476 1658 1546 'tribuiturqaoqaerllvaro.

122 1549 287 1602 cancellavit
302 1563 446 1617 possessor
462 1547 534 1609 libri,
552 1548 711 1618 foliumque
736 1548 881 1617 integrum
905 1549 972 1601 sub·
1063 1548 1143 1600 Liber
1158 1547 1349 1608 scintillarum,
1365 1547 1394 1599 ia
1424 1547 1519 1600 codiee
1536 1546 1743 1600 menbranaceo

123 1617 396 1689 sequeusexsecuit;
422 1618 596 1688 tandemque
613 1626 736 1688 quatuor
756 1618 819 1671 aliis
842 1619 972 1672 versibus
992 1617 1116 1700 Bthecea
1139 1618 1305 1671 monasterii
1334 1619 1363 1671 S.
1396 1617 1518 1670 Facundi
1543 1618 1684 1686 (Subaqun
1713 1614 1768 1685 vall

122 1689 271 1760 epistolam
310 1689 521 1741 absolventibus
556 1691 702 1759 pagiuam,
738 1704 804 1760 qoae
836 1689 972 1743 volumen
1027 1688 1186 1758 Hispania:
1214 1689 1262 1741 abi
1296 1688 1410 1757 post-S.
1443 1688 1569 1756 Gregorii
1608 1689 1768 1756 Exposition

122 1759 317 1818 continuabat.
337 1760 493 1812 mulctarit.
1026 1760 1189 1813 Ezechielem
1214 1759 1260 1812 hic
1287 1760 1359 1812 liber
1381 1764 1471 1811 exstat
1496 1773 1560 1811 cum
1589 1758 1641 1812 lrec
1662 1758 1768 1828 inscrip

156 1830 339 1884 lividinem
359 1829 686 1884 aliaEieazarodireclo.
709 1830 815 1885 Dilecto
841 1831 972 1886 Eleazaro
1026 1831 1056 1883 ln
1087 1831 1190 1885 Christi
1211 1833 1325 1894 nominc,
1351 1832 1448 1897 incipit
1471 1829 1540 1882 liber
1560 1830 1748 1883 scintillarum

121 1901 248 1955 Alaarus.
268 1899 351 1953 luilio
367 1899 439 1953 isto:
456 1902 646 1969 Responsionis
665 1907 726 1956 tua.
750 1901 885 1955 Retrrndit
911 1902 972 1954 brec
1026 1900 1204 1956 Cordubensis
1221 1900 1391 1954 collecturae
1416 1902 1555 1953 sententiis
1571 1907 1725 1952 sanctorum
1747 1899 1768 1952 Ρ

45 1979 49 1984 ’
120 1971 247 2025 Eleazari
270 1987 322 2039 pro
346 1969 504 2041 Syaagngae
527 1972 672 2025 erroribus
697 1977 875 2043 argumenta.
900 1971 972 2027 Scri·
1026 1972 1152 2039 Scriptus
1173 1971 1276 2024 dicitur
1300 1987 1316 2022 ι·
1334 1971 1395 2024 Kal.
1421 1971 1545 2024 Octobris
1567 1986 1621 2024 aera
1645 1984 1756 2024 uccxur.

120 2042 397 2111 ptaiuiteauotlib.
1025 2042 1206 2110 exscriptoris
1241 2041 1285 2094 bic
1325 2040 1468 2106 laudatar,
1498 2057 1556 2094 aon
1599 2048 1711 2110 tempus
1736 2055 1768 2093 au

157 2113 248 2166 xvlll.
279 2113 448 2181 Fragmenta
478 2112 535 2166 duo
566 2111 695 2182 epistolae
724 2112 843 2166 alterius
866 2112 970 2166 Alvaro
1026 2112 1160 2183 Exempla
1177 2113 1233 2165 duo
1248 2113 1303 2165 alia
1318 2112 1445 2177 uorans,
1462 2113 1511 2180 qai
1527 2112 1692 2181 etprimum
1722 2109 1768 2165 hol

26 2207 31 2215 ·
121 2183 252 2252 opposita
267 2182 302 2235 ab
318 2183 421 2236 eodem
439 2183 569 2236 Eleazaro
592 2199 680 2248 ,curn
706 2183 899 2254 eequaeiade
922 2199 971 2307 po·
1026 2183 1168 2237 laudatio
1195 2182 1331 2236 relatione
1352 2183 1443 2236 adhuc
1464 2183 1570 2236 inedita
1598 2198 1656 2235 sace
1681 2181 1768 2251 exped

121 2256 176 2306 tait
207 2253 268 2306 sine
299 2252 448 2321 dispendio
474 2254 598 2307 aliarum
628 2253 734 2320 alvari,
766 2253 899 2308 similiter
946 2253 971 2307 ic
1024 2253 1104 2323 regio
1121 2258 1192 2307 nata
1212 2253 1247 2306 nd
1271 2253 1411 2306 visitanda
1435 2253 1574 2306 tabularia
1589 2258 1618 2306 ct
1640 2253 1752 2306 camilia

122 2323 551 2377 oblivionisacrificarerillibri
568 2339 724 2393 possessor.
1024 2323 1084 2390 cite,
1120 2323 1311 2388 asturiarum,
1338 2329 1365 2377 et
1395 2324 1522 2377 Castaliae
1551 2323 1658 2375 Veteris
1687 2323 1766 2376 initae

156 2394 249 2450 xvllt.
279 2395 377 2447 Aloari
403 2396 460 2447 alia
484 2397 681 2460 transgressori
709 2395 823 2448 directa.
849 2393 970 2449 Exordi-
1027 2394 1201 2463 historiali)
1225 2394 1352 2448 attenua
1377 2395 1539 2464 exemplum
1565 2393 1767 2448 serrariaitG

121 2468 191 2518 tur‘:
209 2467 362 2530 Confectum
384 2464 533 2518 mendacio.
554 2467 634 2519 Lecto
661 2465 759 2519 omnia
781 2467 811 2519 in
834 2480 864 2518 ra
888 2463 969 2520 Chri·
1025 2465 1174 2534 scripturae
1187 2465 1416 2535 antiquissimam
1433 2465 1463 2517 in
1480 2464 1653 2518 monasterio
1669 2463 1702 2517 de
1716 2464 1744 2516 la
1766 2510 1768 2518 .

121 2535 219 2590 stiaate
235 2535 361 2589 veritalis
371 2536 665 2606 aduersusperlidiam
682 2536 845 2590 ludaeorum
859 2535 970 2606 dignis·
1025 2533 1219 2589 Cistercieosis
1234 2535 1354 2599 ordinis,
1367 2536 1468 2605 quinto
1484 2534 1595 2588 decimo
1608 2535 1731 2589 aPiacia
1745 2549 1768 2587 u:

120 2606 202 2661 sima.
1023 2607 1106 2675 pide;
1137 2607 1257 2659 alterum
1284 2606 1314 2659 ia
1343 2605 1530 2659 ltiudonieusi
1553 2606 1632 2661 urbe.
1664 2607 1768 2659 Editaa

154 2677 218 2731 xlx.
237 2677 445 2742 Transqresscri
461 2676 563 2730 Aloaro
579 2676 635 2730 alia
652 2675 830 2731 brevissima.
1023 2677 1079 2729 fait
1091 2676 1204 2730 Basileae
1220 2677 1328 2747 absque
1339 2677 1463 2729 erraturis
1476 2676 1590 2729 nomiae
1605 2675 1637 2746 (c)
1663 2691 1768 2729 anno..

154 2749 205 2803 lix.
222 2749 407 2815 Reciprocatio
420 2747 519 2801 Aloari
536 2750 732 2815 transgressori
741 2747 857 2801 directe.
1060 2748 1173 2801 Periere
1200 2748 1266 2810 alia,
1304 2747 1409 2800 scilicet
1436 2747 1470 2801 ad
1497 2748 1646 2817 Eulogium
1674 2747 1768 2800 littera

156 2817 292 2873 dutehas
309 2818 711 2886 epistolasiucodiceuostro
743 2819 871 2871 carmina
893 2833 970 2887 qam·
1024 2833 1089 2870 crrnr
1117 2833 1150 2871 eo
1178 2818 1357 2871 velitationes
1386 2818 1570 2879 scholastica,
1601 2834 1671 2887 qaas
1699 2823 1768 2871 tame

120 2889 186 2943 dam
202 2894 269 2942 sunt
282 2893 347 2959 post
369 2889 442 2941 banc
468 2889 706 2957 inscriptionem:
728 2891 868 2958 incipiant
885 2889 967 2941 uersi.
1023 2889 1201 2959 rhythmicus
1222 2904 1328 2954 sersus,
1344 2893 1434 2952 astas,
1457 2893 1489 2942 at
1510 2889 1571 2957 jam
1597 2904 1629 2941 es
1646 2904 1678 2942 co
1707 2903 1768 2957 post

119 2959 253 3030 Sequitur
283 2974 390 3012 carnaea
421 2958 609 3026 filomelaicum
645 2962 674 3012 in
705 2960 825 3027 filomela
849 2959 965 3013 laudem.
988 2959 1327 3048 Cmutaaboleudanein
1345 2965 1464 3027 posteros
1481 2964 1658 3025 remanerent,
1682 2958 1768 3012 decret

122 3032 253 3099 Fragmea
278 3031 391 3083 alterius
420 3033 559 3084 carminis.
583 3031 711 3084 dlisticba
732 3030 764 3083 de
788 3031 869 3097 palio.
892 3031 968 3085 Verri
1058 3029 1245 3083 lieditabnlur
1266 3045 1382 3101 qaoque
1402 3031 1536 3083 adversus
1555 3029 1724 3083 alcoranum
1745 3044 1768 3082 e:

120 3103 172 3171 (ita
193 3117 306 3170 semper
325 3104 661 3168 rocarrtur,nonuersnsl
688 3101 778 3154 laudis
802 3102 843 3154 uei
866 3103 963 3169 precis.
1022 3103 1114 3170 posito
1140 3100 1273 3164 scribere,
1299 3106 1329 3153 at
1354 3116 1387 3153 ex
1415 3101 1457 3153 his
1488 3099 1608 3153 indiculi
1634 3100 1717 3153 datur
1745 3114 1768 3152 ct

122 3174 200 3226 Versr'
233 3171 417 3239 Epimenides,
445 3172 618 3237 egritudinis
648 3175 774 3240 propria.
807 3172 966 3226 Lomentum
1022 3171 1120 3235 «Qua
1144 3172 1241 3224 omnia
1257 3171 1285 3222 in
1302 3170 1357 3224 alio
1371 3187 1456 3241 opere
1471 3172 1647 3224 enucleatius
1668 3175 1694 3222 el
1724 3169 1768 3223 liu

117 3245 258 3296 metricum
279 3245 430 3310 proprium.
461 3244 539 3296 Versi
564 3245 592 3294 in
626 3242 786 3296 bibliolbeca
813 3241 967 3305 Leouiqildi
1021 3242 1190 3307 invectione,
1208 3241 1230 3294 si
1249 3241 1424 3296 Darrsritam
1446 3241 1625 3307 concesserit,
1652 3241 1768 3294 disseret

119 3313 385 3367 lnorucisluuaem.
405 3313 484 3365 Versi
511 3313 611 3365 heroici
630 3315 660 3364 ia
679 3313 786 3366 larrdem
813 3312 846 3365 B.
869 3314 965 3366 Hiero·
1021 3313 1053 3365 Et
1066 3318 1209 3381 postea:«
1226 3313 1316 3365 Pudet
1330 3328 1452 3383 nataque
1465 3312 1703 3382 insaniamipsius
1716 3310 1768 3364 dor

118 3386 204 3452 nami.
221 3383 323 3437 Omnia
346 3383 406 3434 haec
426 3382 456 3433 in
481 3381 638 3451 exemplari
655 3388 753 3434 nostro
769 3386 797 3434 ct
819 3383 849 3436 ia
868 3382 965 3436 codice
1020 3383 1165 3452 sigillatim
1185 3398 1341 3452 exponere,
1363 3399 1416 3436 aec
1437 3382 1550 3452 expedit
1570 3383 1695 3436 breviter
1719 3381 1768 3435 alic

118 3452 305 3506 Cordubensi.
323 3453 464 3504 Prmtcraa
484 3453 598 3521 scripsit
617 3453 736 3505 alvarus
753 3453 791 3504 uti
805 3453 863 3520 jera
890 3451 964 3505 ridi·
1020 3453 1399 3522 mullisderidendajeculis
1427 3454 1586 3522 impetere3
1607 3469 1670 3507 cum
1694 3459 1769 3506 nostr

118 3538 182 3577 mus
196 3524 235 3591 (in
246 3524 370 3589 Eulopio)
387 3537 393 3574 :
1019 3529 1122 3576 aealur
1137 3524 1166 3577 iu
1187 3523 1331 3577 mentibus
1346 3528 1405 3578 tote
1420 3524 1594 3595 quaudoque
1619 3524 1752 3577 tidelihus

156 3594 247 3647 Vitam
275 3593 316 3645 rel
342 3592 495 3645 Passionem
520 3591 669 3646 beatissimi
698 3594 830 3660 martyris
855 3593 966 3659 astrati
1019 3609 1120 3648 care.»

116 3665 267 3733 presbytcri
280 3667 305 3716 et
319 3662 445 3728 doctoris,
462 3664 510 3730 qui
524 3669 669 3732 pussnsest
683 3679 897 3732 arcamarcaa,
917 3680 964 3718 an·
1054 3665 1094 3719 De
1117 3664 1214 3719 Alvari
1240 3664 1318 3719 obilu
1339 3664 1411 3718 nibil
1440 3665 1579 3720 babemus
1606 3668 1675 3719 certi
1699 3664 1743 3734 (e).

152 3786 189 3858 (a)
217 3786 364 3842 liabenlur
392 3785 452 3840 hec
481 3786 578 3840 omnia
602 3787 677 3857 apud
708 3786 865 3842 Florezinm
893 3791 963 3842 lom.
1018 3789 1768 3858 nostramemoratocodicecontentorum‚qaaetamt

115 3860 158 3926 lli,
179 3876 195 3913 a
219 3875 283 3929 pag.
312 3860 373 3924 275,
402 3859 470 3924 imo,
487 3859 543 3911 nisi
566 3857 658 3918 fallor.
688 3858 794 3929 duplici
818 3859 963 3928 poematia
1019 3860 1223 3913 Paatodlvaro
1246 3860 1399 3928 abjudicat.
1418 3862 1448 3914 ln
1472 3861 1607 3927 hisapud
1634 3860 1768 3913 Floreziul

116 3936 208 3997 aucta,
224 3929 360 3983 nimirum
376 3929 601 3998 altercacapite
621 3928 733 3994 mutilo,
749 3932 824 3998 quod
851 3928 964 3983 ridetur
1018 3932 1061 3997 ab,
1084 3936 1185 4011 quarto
1210 3930 1271 3984 loeo
1290 3936 1489 3985 memoratur:
1516 3932 1597 3985 Liber
1620 3931 1653 3984 de
1679 3933 1768 3983 Genea

115 3997 962 4070 essedeparoaereliqaasaresetprecipuephilomelam
1017 4001 1179 4071 incipiens:
1211 4004 1270 4056 Duo
1293 4008 1357 4056 sunt
1383 4001 1490 4066 Adam;
1516 4017 1584 4055 anus
1613 4005 1653 4055 est
1675 4002 1766 4069 protei

115 4071 238 4142 superbe
261 4070 445 4137 despiciente,
473 4086 487 4121 a
516 4085 572 4138 qao
600 4075 695 4122 tamea
712 4076 797 4122 canta
813 4069 960 4124 vincitur:
1016 4072 1087 4126 alius
1105 4077 1145 4126 est
1163 4072 1400 4127 secundusddam
1418 4072 1543 4126 Christus
1560 4089 1566 4125 :
1584 4072 1659 4142 qaod
1676 4088 1768 4136 uos,a

115 4143 180 4208 alio,
196 4142 227 4194 in
242 4157 297 4210 quo
314 4142 417 4193 ilorrnu
435 4142 542 4192 colores
558 4154 622 4193 cum
645 4139 806 4208 lapillorum
819 4141 962 4195 coloribus
1017 4141 1073 4195 tiae
1086 4142 1172 4207 aliud,
1188 4158 1253 4196 cum
1264 4143 1415 4197 delsidoro
1427 4143 1585 4213 llispalausi
1608 4158 1768 4209 ageremus.

113 4218 325 4281 comparantur.
345 4211 463 4263 Videtur
481 4215 577 4263 aulem
600 4211 630 4263 in
650 4211 694 4262 his
710 4211 860 4279 poematiis
881 4211 962 4265 elra-
1018 4213 1079 4282 ejas
1094 4229 1181 4285 opera
1197 4214 1355 4280 retulimus,
1376 4213 1448 4267 nihil
1463 4220 1559 4267 tamen
1585 4213 1656 4266 certi
1678 4212 1713 4265 de
1731 4213 1768 4282 ejr

114 4281 446 4351 rus,quodpsuloaute
464 4280 620 4345 innuimus,
644 4280 785 4334 Isidorum
807 4282 957 4350 llispalea·
1015 4291 1093 4337 clore
1126 4289 1291 4337 statuentes.
1321 4285 1352 4338 ln
1379 4285 1533 4338 Galliarum
1561 4285 1637 4353 regis
1676 4284 1768 4337 Biblio

113 4367 173 4405 sem
191 4358 277 4421 atque
301 4350 460 4420 Eugenium
485 4351 653 4405 Toletaaum
670 4352 774 4404 imitari
804 4353 954 4418 studuisse,
978 4359 1086 4423 opaci.
1117 4370 1157 4418 ιιι,
1184 4358 1248 4418 aar,
1284 4355 1347 4408 cod.
1377 4355 1447 4409 alit
1475 4360 1590 4408 notatur
1615 4356 1690 4407 hunc
1714 4355 1768 4410 sa

113 4426 146 4475 ut
167 4422 258 4493 liquet
281 4437 314 4475 ex
342 4421 475 4475 aitinihus
502 4436 601 4474 eorum
622 4421 743 4475 rubricis
766 4427 851 4492 alque
873 4439 958 4492 arga·
1012 4426 1166 4478 rarnPauli
1185 4425 1279 4479 alvari
1299 4430 1450 4479 tractatum
1470 4425 1500 4478 in
1523 4426 1585 4478 aliis
1604 4425 1750 4478 codicibus

112 4499 220 4546 mento.
239 4497 278 4546 Ac
299 4492 333 4546 de
360 4491 570 4561 Epigrammata
591 4494 622 4547 ln
647 4493 839 4548 bibliothecam
863 4494 957 4548 Laoui-
1012 4495 1094 4549 rabili
1111 4496 1193 4550 Bedoe
1210 4496 1306 4549 tribui.
1322 4496 1496 4562 laAluensi,
1514 4496 1594 4548 classi
1612 4512 1647 4559 rr,
1670 4496 1767 4549 decor.

111 4562 193 4630 gildi,
218 4564 303 4632 paulo
331 4568 396 4615 ante
424 4562 556 4629 diximus,
583 4562 682 4616 eudem
709 4564 792 4616 initio
821 4563 957 4619 nimirum
1012 4567 1075 4632 245,
1106 4582 1122 4619 a
1148 4568 1319 4636 ansquiero
1347 4567 1484 4619 tribuitur
1507 4567 1607 4620 loanni
1641 4567 1764 4620 Deieuso

111 4634 181 4689 Sunt
195 4635 238 4688 bie
251 4636 334 4703 ptura
346 4647 435 4698 sacra,
450 4640 514 4699 etc,
533 4634 588 4703 legi
605 4634 632 4686 in
654 4633 828 4688 bibliotheca
843 4634 955 4688 isidori.
1013 4628 1176 4703 bodleiana,
1194 4638 1274 4690 class.
1296 4653 1331 4699 rr,
1348 4637 1429 4691 codd.
1452 4639 1519 4691 1383
1535 4643 1563 4689 ct
1580 4639 1658 4697 1393.
1681 4637 1768 4690 Cassii

110 4706 249 4759 addimus
277 4721 352 4757 nunc
372 4705 530 4757 Lomentum
557 4704 708 4768 metricum,
731 4705 777 4758 cai
801 4705 894 4758 simile
914 4711 957 4759 est
1013 4707 1247 4762 laEscurialeusi
1265 4707 1769 4776 Elymologiarumsanctiisidoriic

110 4775 212 4829 isidori
244 4777 398 4830 lamentum
432 4777 598 4843 pauitantia
627 4775 841 4844 rhythmicum:
865 4776 954 4840 Audi,
1011 4779 1124 4844 seculo,
1142 4785 1172 4831 at
1187 4778 1309 4839 videtur,
1331 4794 1358 4831 rr
1372 4785 1498 4838 exarato,
1515 4778 1666 4840 digramm.
1691 4783 1720 4831 cl
1741 4780 1768 4848 pl

110 4846 224 4909 Christe,
263 4850 366 4900 tristem
403 4849 503 4913 lictum.
540 4847 571 4899 ln
603 4846 833 4915 premeridibas
866 4851 956 4900 autem
1010 4864 1038 4901 n.
1059 4850 1173 4918 laquo
1192 4850 1326 4902 laco:De
1345 4849 1494 4915 angelisin
1519 4848 1726 4912 isidoritesta,
1750 4850 1768 4902 li

108 4918 281 4985 agritudinis
297 4918 415 4985 propria
430 4918 542 4970 ridetur
555 4918 674 4985 Eugenii
688 4917 815 4971 Toletani
828 4915 955 4985 ejusdem
1010 4917 1134 4985 legitur:
1152 4920 1253 4975 Narem
1276 4934 1331 4972 esse
1357 4919 1464 4973 ordines
1491 4921 1647 4987 arrqetorum
1671 4934 1757 4974 sacre

96 4989 166 5042 'fere
183 4987 344 5058 argumenti
365 4986 477 5041 titulum
500 5003 549 5040 seu
567 4987 767 5051 Ouerimoniam
781 4987 955 5056 agritudinis
1009 4993 1076 5042 lura
1092 4993 1247 5043 testantur:
1269 4989 1298 5042 in
1315 4990 1443 5059 margine
1461 4996 1557 5042 autem
1577 4991 1699 5043 habetur
1714 4990 1768 5044 laer

106 5063 226 5127 propria
254 5059 359 5127 pressis
385 5058 510 5126 vestigiis
543 5063 692 5120 secutunr;
716 5064 801 5138 atque
830 5057 899 5111 item
924 5058 954 5111 iu
1009 5060 1128 5128 antiqua
1147 5075 1235 5113 mana
1255 5066 1282 5113 et
1308 5060 1754 5128 Gothicisaporisthhl'hllUS.

107 5128 488 5198 Philomelaico,qaodopad
508 5127 953 5198 atramqaehocrnitiolerre·
1008 5145 1090 5199 quum
1113 5131 1210 5197 lepisse
1228 5147 1269 5183 me
1295 5133 1324 5183 r'n
1357 5132 1430 5185 nulio
1455 5133 1605 5185 anticorum
1628 5132 1736 5185 doctore
1763 5148 1768 5183 ι

107 5201 196 5269 petito
207 5202 311 5269 legitur
331 5215 337 5253 :
356 5200 425 5260 Voce,
443 5200 602 5264 Philomela,
617 5204 675 5264 tna,
691 5205 739 5252 ete.
1007 5215 1099 5254 nouem
1112 5201 1220 5255 ordines
1233 5201 1398 5268 angelorum,
1419 5203 1474 5255 nisi
1488 5205 1517 5255 ia
1532 5207 1624 5256 sancto
1639 5204 1768 5270 Gregorii

142 5272 178 5338 (bl
199 5270 256 5324 lib.
269 5286 324 5331 xiv,
340 5284 401 5339 cap.
419 5272 445 5322 3.
1007 5270 1312 5341 conuenarumque
1335 5272 1429 5325 lorsan
1443 5288 1476 5325 ex
1496 5273 1597 5326 Altero
1617 5279 1716 5327 nostro
1743 5273 1768 5328 dt

141 5341 175 5410 (c)
197 5342 260 5395 Bini
291 5339 449 5395 exstantia
478 5338 556 5408 regia
588 5338 744 5393 Matritensi
781 5338 953 5395 bibliotheca
1008 5341 1058 5394 dit.
1077 5341 1333 5396 Etohservrndum
1353 5342 1382 5395 in
1402 5343 1736 5414 eeCregoriumsaneti,

105 5411 186 5464 Pauli
204 5412 299 5466 dlvari
313 5409 503 5466 scintillarum
518 5409 640 5476 codices,
663 5426 786 5480 quorum
810 5411 882 5465 alter
897 5411 951 5466 Co·
1007 5426 1069 5464 rum
1084 5427 1150 5466 vero
1167 5413 1259 5467 domiti
1270 5414 1351 5466 titulo
1366 5414 1521 5468 honestari.

104 5481 198 5535 thicus
222 5489 265 5536 est
288 5482 457 5551 videturque
482 5481 599 5533 incunte
628 5481 732 5534 sarcito
760 5497 786 5535 ,ιι
810 5487 949 5548 exaratus,
1042 5481 1081 5552 (a)
1107 5483 1148 5536 lta
1175 5500 1227 5553 pro
1251 5483 1355 5552 domus,
1380 5484 1415 5538 de
1445 5500 1503 5555 qua
1532 5501 1619 5556 supra
1647 5489 1758 5556 egerat,

105 5553 177 5606 alter
196 5553 287 5606 tribas
322 5552 476 5606 minimam
501 5551 612 5605 srecrrlis
639 5552 788 5606 recentior.
823 5552 952 5607 Meminit
1006 5553 1142 5608 nimirum
1159 5552 1317 5623 cujusdam.
1411 5562 1414 5573 '

103 5623 253 5694 utriusque
267 5622 542 5690 Florcziusbom.lll,
578 5638 625 5704 ag.
640 5623 685 5689 il,
701 5638 718 5676 a
732 5638 762 5677 u.
775 5624 809 5677 68
825 5637 951 5677 necnon
1040 5623 1074 5694 (e)
1089 5626 1130 5682 cl.
1148 5624 1301 5692 Florezius,
1316 5630 1336 5678 t.
1360 5624 1405 5687 iil,
1431 5640 1497 5696 pag.
1513 5627 1557 5689 ab.
1576 5643 1606 5681 n.
1623 5628 1670 5693 ³³,
1693 5627 1731 5682 ad
1749 5644 1765 5682 a

103 5694 225 5750 aliorum
240 5694 444 5766 opusculorum
458 5691 488 5748 in
502 5637 609 5749 celeln
624 5692 801 5749 Cordubensi
814 5692 951 5764 saepiusa
1005 5693 1111 5750 Christi
1125 5695 1188 5760 dil,
1202 5699 1250 5749 aul
1266 5696 1341 5750 circa
1355 5696 1384 5750 id
1398 5697 1616 5768 tempashlrari
1631 5697 1743 5754 exilum
1758 5714 1768 5754 ι
