3930 6098
705 226 818 283 isonis
836 224 1099 285 sanusutnnsm
1117 224 1270 282 nonnulli
1320 232 1327 241 '

783 501 867 547 ΛΝΝΟ
891 500 1006 547 DOMINI
1029 501 1177 547 DCCLXXI.

355 673 479 818 rso
539 674 1111 819 sancinensis
1157 673 1609 819 nonianus

615 905 1350 1125 NOTITIa—HmlORICA.

539 1209 625 1274 (Apud
643 1210 801 1270 Fabricium,
819 1209 981 1261 Bibliotheca
997 1209 1091 1261 mediae
1108 1212 1135 1260 st
1150 1207 1248 1259 iniimae
1265 1206 1436 1271 Latinitatis.)

863 1348 1114 1364 Q*

149 1468 352 1540 lsomagister,
379 1469 537 1524 monachus
553 1469 581 1524 S.
606 1468 688 1536 Galli,
705 1472 734 1523 ct
752 1466 1173 1532 doctornomi-Abenedicti,
1207 1471 1287 1538 parte
1312 1482 1343 1532 rr,
1365 1480 1431 1538 pag.
1462 1468 1522 1521 lou.
1551 1467 1684 1521 Famula
1707 1465 1845 1520 chartarum

112 1541 290 1605 natissimus‚
306 1540 455 1594 defunctus
472 1555 518 1594 an.
544 1542 606 1601 87¹.
623 1539 716 1610 pridie
741 1541 780 1595 ld.
799 1541 872 1608 licii,
889 1546 960 1595 teste
1015 1541 1046 1593 in
1060 1539 1190 1593 centuria
1212 1540 1287 1608 apud
1312 1539 1448 1591 eumdem
1468 1537 1646 1601 Gotdastum,
1671 1543 1742 1591 toan.
1759 1537 1781 1591 ll
1795 1539 1845 1590 tle-

113 1613 276 1666 Hermanno
311 1610 461 1665 contracto
488 1612 519 1665 iu
539 1613 657 1677 (ibrum,
678 1616 707 1665 et
737 1610 906 1681 Horridanno
929 1612 960 1665 in
1015 1610 1154 1675 mannia,
1177 1624 1244 1679 pag.
1265 1610 1309 1675 28,
1335 1611 1380 1672 30,
1405 1610 1448 1674 33,
1470 1608 1577 1672 ³b‚l8‚
1601 1608 1688 1673 eibi,
1715 1608 1845 1678 seq.‚Gri·

112 1682 270 1736 Annalibus
287 1683 362 1752 apud
379 1682 546 1737 Goldasturn
561 1689 631 1735 tom.
650 1683 660 1735 l
677 1682 784 1737 Rerum
795 1683 961 1736 Alemanni·
1015 1680 1112 1734 muido
1130 1678 1242 1744 abbate,
1259 1682 1388 1750 adeoque
1402 1685 1467 1733 ante
1481 1695 1527 1732 aa.
1543 1680 1605 1743 872,
1619 1693 1740 1732 nonan.
1754 1679 1809 1740 913,
1822 1684 1845 1730 ut

53 1780 57 1784 ·
112 1769 222 1818 carum,
255 1752 283 1805 in
309 1768 366 1823 quo
387 1753 534 1807 volumine
558 1752 659 1807 obvius
682 1752 768 1806 etism
800 1753 960 1807 Radbertus
1014 1751 1246 1821 Goldastuspag.
1264 1751 1288 1804 5.
1307 1751 1473 1821 (uthossar
1498 1746 1844 1818 taPrndeattumpoelan,

112 1825 288 1887 monacl1us3
311 1824 341 1877 in
356 1824 438 1894 anus
453 1823 526 1877 libro
541 1823 576 1877 de
592 1822 709 1892 Origine
724 1829 752 1877 et
767 1822 886 1878 Casibus
901 1839 961 1877 mo·
1014 1838 1047 1876 er
1073 1821 1181 1891 duplici
1203 1821 1299 1876 codice
1319 1822 1412 1875 Caroli
1438 1820 1601 1885 Widmsnni
1622 1825 1649 1873 et
1676 1818 1774 1875 iacobi
1788 1821 1845 1873 bon·

114 1894 232 1948 nasterii
256 1892 283 1948 S.
308 1893 393 1961 Galli,
418 1895 553 1948 muttain
580 1894 695 1948 laudem
711 1895 799 1947 isonis
823 1895 961 1964 legeintur
1034 1892 1102 1945 arsii
1135 1892 1261 1961 vulgarit
1289 1892 1326 1944 ad
1351 1893 1456 1945 calcem
1488 1891 1638 1946 Prudentii
1661 1891 1706 1944 sui
1739 1892 1845 1944 loannes

112 1980 178 2034 pag.
195 1967 239 2030 lu,
259 1971 346 2034 atque
361 1965 504 2035 imprimis
519 1979 584 2034 pag.
601 1968 646 2030 Ὦ,
662 1980 723 2035 seq.
740 1971 769 2018 et
781 1969 826 2030 Π,
839 1966 889 2020 ubi
901 1966 961 2018 lau·
1047 1963 1159 2030 citzius,
1192 1978 1257 2033 pag.
1278 1963 1406 2028 rat-004,
1432 1963 1541 2016 lianor.
1567 1962 1645 2027 luit,
1671 1961 1702 2014 in
1723 1959 1763 2015 8⁰.
1778 1963 1842 2016 leci·

114 2038 220 2090 dautur
239 2036 351 2103 exejus
373 2035 531 2104 discipulis,
548 2035 707 2098 Marcellus,
734 2035 874 2089 liutbertus
896 2035 960 2089 Bal·
1014 2049 1062 2088 cort
1084 2034 1213 2087 latinum
1239 2048 1271 2087 er
1296 2035 1433 2086 orriaibus
1463 2038 1591 2086 veterum
1623 2032 1772 2102 glossariis
1796 2033 1843 2085 col·

111 2105 204 2172 buius,
221 2106 360 2160 Notlrerus
386 2109 521 2176 inagis-ter
536 2107 605 2159 artis
629 2105 777 2172 theoricas,
794 2106 958 2171 liutbertus,
1014 2106 1118 2159 tectum
1134 2104 1187 2158 sub
1202 2105 1319 2158 nomine
1334 2104 1495 2158 Salomonis
1510 2103 1645 2174 episcopi,
1667 2103 1746 2173 quod
1760 2103 1787 2156 in
1799 2118 1843 2156 mo

110 2176 214 2241 latito,
241 2176 445 2240 llarlmanuus,
462 2181 515 2231 ele.
533 2175 664 2244 Ejusdem
679 2176 769 2231 isonis
784 2176 961 2230 libriduode
1014 2175 1138 2228 austerio
1167 2174 1194 2229 S.
1212 2174 1283 2229 Galli
1316 2180 1344 2228 et
1366 2173 1539 2229 Constantine
1572 2173 1601 2227 in
1617 2173 1677 2227 bib.
1704 2172 1841 2228 cathedrali

111 2248 253 2302 liltrcculis
274 2248 305 2303 S.
340 2247 466 2303 Otbmcrt
488 2245 598 2300 abbatis
629 2247 657 2301 S.
691 2247 762 2302 Galli
786 2251 897 2301 exstant
928 2247 960 2300 in
1014 2245 1153 2299 asservari
1168 2245 1327 2312 Goldaslus,
1349 2260 1415 2315 pag.
1432 2245 1492 2309 lli,
1510 2249 1644 2312 testatur,
1667 2259 1754 2298 nemo
1770 2243 1842 2298 adbuc

111 2319 212 2372 eodem
237 2323 317 2372 tomo
343 2318 438 2388 primo
465 2318 572 2372 ilerum
597 2317 859 2386 Alamannieum,
892 2334 927 2389 pa
951 2358 958 2371 .
1013 2316 1042 2370 in
1057 2317 1148 2370 lucam
1172 2317 1303 2386 protulit.
1323 2316 1423 2370 fertur
1437 2321 1465 2369 et
1478 2316 1606 2368 carmina
1629 2316 1840 2386 quaedamcon·

113 2390 250 2455 180-189,
280 2391 308 2442 et
332 2389 409 2458 apud
437 2388 639 2444 llabilloniunf
670 2388 739 2443 Saec.
771 2404 801 2443 ru
833 2390 895 2443 ord.
929 2333 958 2444 ξ.
1013 2387 1153 2458 posuisse,
1168 2386 1255 2441 etiam
1271 2387 1333 2457 ipsa
1348 2387 1469 2441 necdum
1483 2387 1597 2456 publice
1611 2387 1682 2440 risa.

147 2562 188 2632 (a)
203 2561 452 2634 Supervacancum
463 2564 537 2618 toret
549 2564 612 2618 illas
624 2563 714 2618 isonis
726 2564 756 2618 in
770 2565 958 2620 Prudentiurn
1013 2565 1061 2620 liis
1080 2566 1210 2620 nilaliud
1243 2565 1381 2636 reperiret
1416 2566 1515 2630 lector,
1550 2564 1606 2619 nisi
1637 2564 1716 2636 quod
1747 2560 1836 2618 Araiai

112 2633 220 2689 Glaucus
241 2634 388 2700 recudere,
413 2639 477 2705 post
505 2640 632 2689 nostram
657 2635 853 2691 doctissimam
878 2637 960 2707 juata
1013 2637 1227 2692 commentariis
1253 2636 1345 2692 fusius
1373 2636 1515 2692 abundat.
1548 2636 1691 2691 Caeterum
1723 2636 1758 2690 ad
1802 2631 1836 2687 uid

111 2704 224 2758 brerali
250 2704 405 2760 editionem
426 2705 575 2760 Prudentii
590 2712 765 2777 poematum.
791 2709 820 2762 ln
838 2707 862 2760 is
876 2707 959 2761 scho-
1015 2707 1186 2781 proficerent
1214 2708 1320 2763 Glossae
1350 2707 1410 2763 sina
1438 2713 1516 2761 textu
1539 2706 1755 2761 commentato?
1811 2719 1834 2756 rr.
1879 2706 1881 2765 ἕ

870 2979 1107 3065 “⁰⁸¹⁸
1874 2970 1881 3215 l

390 3139 484 3243 DE
526 3136 914 3245 MIRACULIS
959 3136 1208 3243 SANCTI
1248 3136 1581 3245 OTHMARI

821 3318 974 3398 LIBRI
1015 3317 1143 3399 DUO.

496 3548 584 3614 (Apud
597 3550 790 3608 blabillonium.
803 3550 868 3601 Acta
882 3550 1040 3602 Smctorum
1052 3552 1155 3603 ordinis
1169 3552 1195 3603 S.
1212 3553 1318 3613 bened„
1334 3557 1399 3604 tom.
1414 3553 1470 3616 ill.)

681 3770 967 3846 PRAEFATIO
1007 3772 1291 3847 AUCTORIS.

144 3957 297 4030 llucusque
330 3957 449 4012 virtutes
481 3960 510 4011 ct
542 3957 678 4012 miracula
710 3958 747 4013 ob
776 3960 956 4015 sanctitatem
976 3961 1173 4033 Bgnorimus,
1188 3961 1285 4033 aliqua
1300 3977 1333 4015 ex
1348 3960 1393 4016 bis
1409 3961 1445 4016 ad
1456 3960 1571 4016 laudem
1586 3965 1616 4016 ct
1630 3960 1751 4033 gloriam
1763 3953 1833 4015 omui

108 4046 184 4102 beati
199 4046 327 4102 Otbmari
350 4045 460 4100 abbatis
482 4045 593 4101 coelitus
618 4047 759 4102 declarata
782 4047 954 4105 Walairidus
1010 4047 1134 4118 potentis
1151 4048 1201 4103 liei
1216 4048 1281 4120 styli
1295 4047 1390 4102 allicio
1402 4049 1547 4104 memoriae
1563 4050 1762 4105 commendare
1773 4058 1834 4101 cura·

109 4134 195 4190 abbas
209 4134 253 4189 vir
268 4134 367 4189 doctus
386 4134 552 4207 ctsapiens‚
568 4134 662 4207 quiin
684 4135 844 4191 litterarum
860 4139 954 4194 scicn—
1009 4137 1102 4191 vimus
1119 4154 1125 4192 :
1142 4141 1283 4209 quatenus
1306 4136 1372 4192 binc
1401 4137 1511 4209 liquido
1535 4137 1570 4191 ab
1595 4138 1731 4193 omnibus
1752 4146 1834 4192 saum

107 4223 148 4278 tia
173 4224 249 4296 apud
278 4229 419 4278 nostrates
443 4224 562 4277 illustris
590 4229 655 4278 ante
688 4223 759 4277 alios
783 4224 952 4293 habebatur,
1008 4225 1187 4297 sapientibus
1214 4226 1383 4296 colligatur,
1409 4241 1495 4297 quam
1521 4226 1607 4297 digne
1638 4225 1675 4281 ab
1693 4223 1836 4282 hominbus

107 4312 252 4367 seniorum
278 4311 308 4365 in
332 4310 463 4366 coenobio
482 4313 510 4367 S.
531 4312 604 4368 Galli
627 4312 856 4368 conversantium
880 4314 952 4369 rala-
1008 4313 1214 4369 honorificetur
1234 4314 1372 4380 interris,
1389 4314 1439 4386 qui
1460 4320 1519 4368 lam
1537 4301 1689 4369 minilcsta
1706 4315 1838 4386 signorm

106 4399 233 4454 tionibus
254 4416 304 4454 seu
320 4401 407 4456 etiam
431 4401 543 4472 scriptis
558 4400 685 4456 veritatis
707 4401 819 4457 ratione
843 4401 954 4472 plenis·
1008 4403 1188 4458 attestatione
1200 4402 1329 4474 quotidie
1346 4401 1563 4475 glorificaturin
1578 4403 1667 4460 caelis.
1684 4403 1750 4459 lion
1762 4408 1842 4459 umet

106 4487 187 4542 simis
211 4486 300 4544 fldem
316 4491 548 4557 accommodans,
569 4491 713 4545 luculento
733 4491 800 4544 satis
819 4506 952 4546 sermone
1008 4493 1183 4563 ejusamora
1215 4491 1293 4547 ducti
1318 4491 1416 4563 aliqua
1443 4491 1473 4546 in
1502 4491 1624 4547 dubium
1648 4493 1795 4549 venientia
1809 4488 1845 4545 sul

105 4582 134 4631 et
150 4578 244 4631 veraci
258 4580 415 4634 assertione
426 4581 603 4651 conscripsit.
620 4580 675 4635 Sed
689 4580 757 4651 qaia
774 4597 825 4634 nos
838 4581 951 4647 iratres,
1008 4582 1094 4636 etiarn
1110 4580 1227 4636 falsitati
1248 4579 1390 4647 obnoxia;
1414 4579 1462 4634 sed
1482 4596 1515 4634 ca
1530 4585 1646 4635 tantum
1669 4581 1776 4637 litteris
1788 4581 1848 4637 tilu-

104 4665 135 4720 iu
149 4666 251 4721 eodem
264 4668 392 4722 coenobio
407 4669 465 4724 Deo
482 4669 646 4735 militantes,
660 4673 726 4739 post
737 4669 840 4723 barum
850 4669 953 4723 deseri·
1007 4671 1066 4726 lare
1082 4669 1288 4740 disposuimus,
1312 4685 1377 4741 qum
1393 4674 1421 4723 et
1436 4668 1498 4724 luce
1513 4668 1619 4723 clarius
1640 4677 1779 4728 constant
1791 4670 1850 4727 acti·

103 4751 233 4823 ptionem
248 4752 386 4809 elatustum
403 4754 494 4809 multa
517 4753 721 4809 miraculorum
737 4753 863 4825 insignia
877 4754 953 4809 circa
1006 4760 1074 4823 tata,
1090 4759 1120 4810 et
1134 4756 1290 4810 multorum
1314 4754 1530 4809 narrationibus
1544 4754 1687 4810 veraciter
1703 4765 1855 4814 noscuntur

103 4856 206 4912 corpus
229 4841 358 4912 ejusdem
381 4841 433 4896 riri
461 4841 596 4897 divinitus
616 4842 797 4898 manifestata
823 4845 884 4898 cs'sc
903 4860 952 4899 co·
1006 4859 1068 4900 esse
1083 4843 1212 4914 probata.

742 5138 1215 5184 W—
