3930 6098
609 265 792 324 tuutcucus
811 268 1006 325 abstrusus
1655 276 1707 330 52²2

85 404 116 451 ‚⁸
143 395 298 451 Dominum
317 394 474 451 testimonii
492 412 561 450 voce
591 398 742 452 extollunt.
767 399 801 452 Et
819 403 966 463 Auertuat
985 404 1073 453 turres
1093 404 1164 466 tuas,
1190 406 1215 453 et
1233 416 1322 456 omnes
1341 404 1390 473 qui
1411 404 1575 459 succendunt
1597 405 1706 459 babita-

85 500 131 554 ιω,
155 485 222 540 buic
244 486 491 556 temporinostro,
521 486 669 557 sapientior
700 487 803 542 Christi
857 487 941 540 tiones
967 490 1032 541 tuas
1047 483 1065 536 ¹.
1089 486 1120 538 Et
1141 485 1208 538 licet
1232 485 1293 540 haec
1317 488 1413 541 omnin
1435 489 1470 543 ab
1488 489 1545 544 illis
1561 506 1613 561 pro
1637 507 1706 545 con·

85 573 128 629 alo
144 574 270 629 zabolico
290 575 375 644 pleno
392 591 398 628 :
421 574 451 628 iu
470 591 527 645 quo
544 576 640 628 nullus
656 575 802 630 invenitur
856 579 968 644 templu
984 579 1012 628 et
1027 573 1182 639 derisione,
1198 575 1242 628 vel
1260 574 1335 641 odio,
1360 582 1391 630 ut
1411 577 1545 646 diximus,
1562 578 1703 650 implean-

85 678 105 717 ι
128 661 242 732 jussum
272 663 385 718 Domini
410 664 536 718 tonantis
562 666 690 730 aetherei,
716 681 803 737 super
855 666 912 728 tur,
929 668 1026 718 tamen
1049 662 1135 717 etiam
1152 662 1305 717 carnaliter
1327 664 1357 717 in
1378 665 1565 721 habitationes
1588 666 1705 722 Domini

99 751 263 822 babylonia
300 753 498 824 caligosasque
527 759 620 807 turres
647 753 801 823 superbiae,
856 757 885 806 et
901 751 931 806 in
953 751 1109 807 sanctuarii
1125 752 1201 807 redes
1227 751 1356 822 quotidie
1386 761 1593 824 perpetrantur,
1624 755 1704 824 dum,

85 839 132 895 dei
159 841 271 896 attollat
293 840 441 909 vexillum,
461 841 632 896 sacrificium
658 840 800 895 Deonffe·
856 841 982 895 ecclesiae
999 840 1049 896 Dei
1065 841 1264 904 destruuntur,
1289 842 1451 913 etantiqua
1473 843 1615 898 soliditate
1632 854 1704 899 tem·

85 930 238 1000 pertinum.
257 930 287 982 Et
301 945 359 983 non
373 930 465 983 solum
486 936 582 984 mente
594 929 733 1000 jucunda,
755 945 801 984 ac·
856 928 903 999 pla
919 929 1041 996 firmata,
1064 934 1224 983 terratenus
1238 935 1434 1001 coequentur.
1458 931 1492 984 Et
1506 936 1584 986 estne
1611 934 1705 988 adbuc

97 1033 209 1085 serena,
235 1017 412 1087 respectione
434 1018 571 1085 modesta,
596 1034 707 1073 venena
727 1017 801 1072 reci·
857 1016 960 1087 aliquis
981 1017 1032 1088 qui
1060 1017 1111 1072 hos
1140 1018 1243 1088 dignos
1269 1018 1467 1073 maledictione
1484 1036 1541 1073 non
1569 1021 1705 1092 proterat,
1762 1016 1765 1023 ’

85 1106 215 1178 potiones
230 1106 361 1172 libamus,
378 1106 510 1176 germina
534 1106 665 1162 lethilera
684 1121 802 1176 praegu-
857 1121 929 1176 quos
957 1107 1122 1161 maledictos
1149 1110 1230 1161 tanto
1258 1112 1388 1178 tempore
1412 1123 1477 1162 cum
1503 1108 1627 1163 Ecclesia
1653 1109 1707 1164 do-

88 1195 149 1260 sad,
165 1193 242 1265 quod
260 1194 447 1264 perniciosius
463 1199 516 1261 est,
533 1195 758 1261 adversantibus,
775 1197 804 1247 et
856 1195 1120 1266 centepercantatl
1141 1196 1217 1249 Dana
1242 1196 1321 1249 enim
1349 1197 1580 1251 maledictionem
1610 1213 1705 1253 annue

108 1290 140 1338 at
163 1284 237 1338 Elias
253 1282 421 1350 zelantibus,
443 1282 636 1349 adversamus,
662 1299 695 1336 ac
717 1282 803 1336 surda
858 1283 979 1338 Ecclesia
991 1299 1078 1354 super
1094 1283 1224 1338 odientes
1246 1300 1286 1351 se,
1308 1300 1367 1339 non
1389 1285 1509 1355 occulte,
1528 1286 1578 1340 sed
1605 1291 1706 1356 paten-

85 1387 104 1427 u
120 1371 245 1426 inimicis
266 1371 373 1425 summi
388 1373 439 1426 Dei
459 1371 599 1425 amicitias
613 1370 800 1441 conligamus,
857 1374 900 1425 ter
914 1388 946 1427 ac
957 1371 1146 1440 luminositer,
1163 1374 1277 1441 clamat,
1294 1378 1322 1427 et
1349 1389 1416 1428 voce
1434 1374 1552 1428 sublimi
1567 1374 1704 1446 altarique

85 1465 149 1516 ntes
177 1461 219 1514 eis
242 1466 347 1515 nostrae
372 1459 438 1515 lidei
463 1460 645 1530 derogamus.
672 1461 706 1515 El
727 1465 802 1513 certe
856 1458 1007 1514 dulcedine
1028 1459 1202 1530 perfidorum
1220 1477 1336 1515 suorum
1358 1477 1409 1515 nra
1431 1462 1607 1517 sullicienler
1627 1464 1706 1518 exal·

95 1548 176 1620 juxta
193 1565 244 1603 nos
265 1555 298 1604 ut
320 1550 393 1604 Elias
411 1548 506 1620 gladio
533 1548 690 1615 decertare,
715 1564 802 1619 quam
857 1551 906 1601 tat.
926 1548 1053 1618 Angelus
1075 1565 1200 1619 namque
1227 1549 1340 1603 Domini
1359 1549 1531 1604 maledicere
1550 1551 1636 1620 jussit
1652 1553 1706 1606 ha-

85 1637 212 1692 rtnostri
231 1637 332 1691 heroes
357 1637 517 1690 adversare.
542 1634 673 1700 Quotidie
698 1651 802 1706 oppro·
857 1636 994 1690 bllatores
1015 1643 1098 1691 terrae
1119 1637 1207 1704 iltiu-·‚
1232 1636 1282 1708 qni
1299 1642 1411 1691 tantum
1432 1637 1460 1691 in
1487 1638 1624 1692 stasilium
1647 1640 1706 1694 lor·

85 1765 88 1779 .
107 1726 187 1783 mille
202 1725 443 1779 contumeliorum
464 1725 588 1778 fascibus
610 1725 714 1792 obruti,
737 1740 801 1796 per·
821 1707 843 1762 Β
860 1726 931 1779 tium
948 1725 1063 1780 Domini
1087 1742 1143 1779 non
1167 1742 1281 1780 seuere.
1300 1726 1331 1779 Et
1345 1742 1407 1792 nos,
1424 1724 1475 1797 qui
1490 1726 1576 1780 fortes
1592 1727 1706 1783 Domini

85 1831 126 1871 em
140 1832 191 1869 nos
212 1814 334 1869 dicimus
348 1830 405 1868 uon
420 1814 536 1867 habere.
558 1815 569 1855 b
593 1815 674 1880 Nam,
697 1818 727 1866 ut
747 1814 803 1867 alia
857 1812 1030 1880 concalcant,
1059 1819 1088 1866 ct
1103 1829 1183 1866 sacra
1207 1814 1258 1868 Dei
1276 1819 1362 1884 atque
1384 1830 1449 1868 rere
1470 1814 1571 1868 Sancta
1593 1822 1705 1870 saucto-

96 1910 172 1958 eerte
196 1903 265 1958 darm
280 1903 480 1956 defunctorum
496 1917 645 1971 corporea
672 1901 802 1955 sacerdo·
856 1916 920 1954 raim
935 1899 1071 1966 inrident,
1095 1901 1342 1956 nralcdictionibus
1358 1902 1508 1972 impulsari
1533 1903 1704 1973 proferimus

85 1991 151 2057 lent,
169 1996 200 2046 nt
219 2007 280 2045 mos
295 1997 338 2045 cst
353 1989 569 2055 ecclesiasticus,
592 1990 681 2043 trumo
709 1989 802 2044 dando
857 2004 988 2042 essenon
1002 1989 1133 2059 dignum,
1146 1990 1443 2045 sedindisaretumvel
1457 1990 1589 2062 iniquum
1604 1993 1707 2046 astrui-

94 2095 191 2135 nonne
214 2080 320 2149 apertis
336 2078 451 2133 vocibus
474 2082 502 2131 et
528 2077 734 2148 impurissimis
751 2092 801 2148 ge·
857 2094 921 2132 mus
937 2076 1012 2131 credi
1027 2077 1140 2132 debere.

85 2173 153 2223 unt:
181 2168 340 2233 Deus,nnn
363 2166 524 2222 miserearis
548 2166 624 2220 illis:
642 2170 670 2220 et
694 2165 803 2238 lapidi·
892 2168 918 2220 8.
936 2165 1122 2235 Proplretalis,
1139 2167 1197 2220 imo
1216 2165 1274 2232 Dei,
1292 2165 1435 2220 sententia
1464 2167 1598 2222 intonat:
1622 2168 1705 2222 Mate-

85 2257 196 2313 erdotes
233 2256 346 2310 Domini
384 2256 566 2326 impetentes,
604 2253 803 2325 ignominiosis
857 2253 1031 2308 diciteterra’
1052 2256 1151 2322 Meros,
1173 2254 1247 2308 diait
1271 2257 1382 2322 angelus
1408 2257 1515 2310 Domini
1532 2256 1706 2311 :maledicite

88 2345 230 2417 populum
255 2344 367 2398 Domini
395 2345 574 2411 denotantes,
600 2342 803 2414 spurcitiarum
857 2343 1057 2397 habitatoribus
1088 2346 1155 2412 ejus,
1187 2346 1236 2412 qui
1267 2359 1321 2397 noa
1348 2349 1478 2398 uenerunt
1503 2344 1540 2399 ad
1570 2347 1706 2399 auritium

85 2431 257 2487 lhristicotas
295 2437 486 2498 transeuntes,
530 2431 645 2501 paedore
685 2429 802 2484 intendo
856 2434 1070 2499 fortissimorum
1079 2432 1148 2500 ejus.
1166 2432 1404 2487 Berecdicitetabel
1419 2449 1489 2488 naar
1506 2433 1703 2488 Barcenneis:

85 2525 122 2585 ut,
138 2520 247 2590 majora
263 2520 422 2574 minitando
437 2519 606 2590 ringentes?
630 2519 663 2573 El
677 2518 734 2573 heu
749 2518 801 2572 ite·
857 2535 958 2589 uquam
970 2522 1073 2589 petenti
1094 2522 1135 2575 luc
1157 2521 1243 2588 dedit,
1259 2526 1284 2576 et
1309 2525 1337 2575 ia
1355 2521 1427 2590 fiola
1448 2524 1584 2592 principis
1608 2523 1706 2577 obtulit

94 2609 189 2674 tertio,
208 2609 358 2662 innumere
372 2624 414 2662 vin
430 2609 525 2674 nobis,
542 2609 591 2679 qui
614 2607 687 2661 hanc
698 2622 799 2661 eorrrm
858 2608 995 2676 butyrum.
1013 2610 1162 2665 Sinistrum
1179 2625 1292 2663 arariam
1314 2613 1389 2664 misit
1410 2611 1446 2664 ad
1466 2610 1582 2678 ambula,
1600 2617 1625 2665 et
1639 2610 1707 2666 ries·

85 2697 187 2753 ationis
209 2696 383 2751 derisionem
410 2702 568 2768 portamus,
593 2700 622 2750 et
642 2696 677 2750 de
705 2711 803 2766 perse·
858 2702 943 2752 teram
971 2697 1009 2752 ad
1040 2699 1183 2764 fabrorum
1205 2699 1340 2765 rnatleum,
1369 2701 1556 2768 percussitque
1583 2699 1707 2754 sisaram

92 2786 261 2843 antichristi
281 2791 411 2856 tempore
428 2786 604 2840 dubitamus.
630 2784 675 2839 Sic
704 2784 803 2840 itidem
858 2801 979 2854 quarens
1003 2788 1032 2840 in
1056 2789 1145 2855 capite
1169 2787 1288 2840 nutrieris
1309 2788 1405 2853 locum,
1430 2792 1455 2840 et
1480 2788 1608 2857 templum
1626 2788 1707 2842 hua-

85 2877 238 2931 saaerdotes
254 2875 315 2941 Dei,
340 2891 406 2928 casu
430 2873 804 2945 qnoquemobviantpar-
858 2875 913 2928 lide
933 2876 1079 2944 perforans
1108 2875 1208 2942 (tudio.
1236 2892 1262 2942 r,
1290 2877 1323 2930 23
1344 2875 1423 2945 seq).
1451 2877 1482 2930 Et
1509 2877 1573 2946 plus
1600 2881 1651 2944 est,
1675 2881 1707 2930 ut

104 2963 213 3036 lapides
241 2969 371 3034 testaque
395 2961 567 3016 arvissimad
595 2966 661 3016 ante
686 2961 803 3032 vestigia
824 2979 932 3061 Creor,
948 2964 1050 3034 capulo
1065 2968 1194 3032 tempora
1210 2963 1360 3033 perforari,
1378 2981 1463 3035 quam
1489 2964 1583 3019 verbis
1598 2964 1705 3020 veridi-

86 3055 258 3116 arolrentes,
273 3051 522 3123 acimproperioso
538 3049 803 3104 etinlaminomine
859 3051 898 3104 cis
919 3051 1050 3105 inimicos
1066 3051 1179 3104 Domini
1206 3051 1365 3105 vulnerare.
1387 3051 1574 3122 ampliorque
1598 3068 1706 3107 merces

87 3144 139 3208 tes,
174 3141 279 3210 vulgali
306 3140 468 3210 proverbio,
502 3137 611 3192 cantico
640 3138 804 3191 inhonestos
859 3144 901 3192 est
922 3154 974 3209 pro
1003 3155 1067 3193 rere
1095 3140 1198 3193 Sancto
1226 3144 1401 3205 sauctorum,
1431 3145 1463 3193 ut
1486 3139 1548 3209 jam
1572 3140 1707 3209 praefatus

85 3233 123 3294 nt,
139 3233 167 3283 et
182 3229 250 3283 fidei
270 3229 385 3299 signum
400 3227 587 3298 opprobrioso
602 3226 696 3296 elogio
718 3226 800 3279 deco·
858 3243 933 3294 sum,
950 3231 978 3281 et
993 3242 1044 3297 pro
1060 3232 1175 3282 aeternae
1196 3227 1261 3282 vitre
1285 3232 1359 3281 statu
1375 3227 1435 3281 sine
1455 3226 1512 3281 line
1533 3228 1630 3282 futuro
1651 3244 1705 3298 pu-

85 3360 88 3372 .
103 3316 157 3374 Sed
172 3333 237 3372 cum
252 3317 377 3371 basilicae
393 3321 517 3386 signnm,
535 3316 589 3368 boc
604 3320 657 3378 est,
676 3313 804 3368 tinnien·
859 3331 930 3387 gaas
944 3315 1105 3386 spiritalesi
1129 3316 1271 3386 praeliare,
1298 3331 1384 3386 qnam
1408 3332 1461 3386 pro
1476 3315 1571 3387 typica
1593 3321 1622 3370 et
1644 3332 1705 3371 car·

89 3405 226 3472 sonitum,
238 3405 289 3477 qui
301 3421 352 3475 pro
368 3402 805 3459 conventuecclesiaeadunauda
859 3403 918 3456 nali
934 3399 1122 3467 Hierusalem,
1138 3404 1181 3456 rel
1197 3407 1420 3472 rognoterreno,
1437 3404 1611 3473 quandoque
1626 3403 1706 3458 brevi

85 3493 193 3550 mnibus
220 3493 364 3548 canonicis
389 3492 559 3564 percutitur,
581 3492 712 3557 audiunt,
729 3490 804 3545 dari·
858 3491 982 3545 termino
996 3490 1190 3562 praecidendo,
1207 3491 1293 3545 clavis
1308 3495 1336 3544 et
1352 3490 1462 3545 malleis
1472 3490 1628 3546 decertare.
1649 3491 1706 3548 Sed

89 3582 270 3654 contemptui
291 3579 445 3648 inhiantes,
462 3585 607 3634 merentes
630 3579 732 3649 capita,
758 3579 804 3632 in·
860 3579 933 3634 hanc
966 3585 995 3634 et
1030 3580 1207 3650 prophetalis
1247 3579 1363 3650 spiritus
1396 3594 1430 3632 eo
1465 3584 1593 3650 tempore
1616 3581 1703 3636 bene·

84 3671 211 3727 iterando
248 3669 444 3742 congeminat,
486 3670 515 3722 et
542 3683 657 3721 omnem
694 3683 803 3734 sexum,
860 3667 941 3734 dixit,
957 3673 986 3722 et
1006 3669 1100 3722 omnis
1120 3667 1249 3722 Ecclesiae
1264 3668 1369 3722 chorus
1385 3666 1486 3722 eodem
1501 3668 1587 3723 bodie
1602 3669 1705 3739 praedi-

85 3775 178 3830 imque
228 3763 352 3824 aetatem,
401 3757 547 3827 totiusque
595 3754 700 3810 Christi
749 3754 804 3807 Do·
859 3756 1014 3823 eatmodo,
1037 3772 1094 3827 quo
1118 3761 1185 3810 tunc
1207 3760 1305 3810 sancta
1325 3756 1492 3810 universalis
1519 3758 1705 3828 congregatio

85 3863 244 3919 egemnon
261 3845 398 3900 uniformi
419 3843 586 3908 subsannio,
615 3843 663 3897 sed
687 3841 805 3895 milleno
860 3843 1050 3899 conlaudavit.
1067 3845 1147 3898 Certe
1161 3844 1210 3915 qui
1227 3845 1320 3899 hostes
1343 3844 1471 3898 Ecclesiae
1492 3845 1704 3913 maledicentes,

85 3936 197 3992 diarum
239 3934 369 4001 inlaurio,
417 3933 554 3989 maledice
591 3932 735 4002 impetunt
779 3933 807 3984 et
860 3932 1025 3986 maledictos
1049 3948 1110 3986 esse
1134 3931 1269 4001 ailirmat,
1297 3931 1456 3987 aseritate
1484 3932 1614 3987 resiliens
1639 3934 1705 3989 reli-

85 4029 103 4080 t.
860 4020 975 4092 gioncm
996 4037 1104 4075 sacram
1130 4021 1259 4089 detestat,
1286 4025 1415 4091 superest
1438 4020 1463 4074 ei
1489 4026 1520 4074 ut
1540 4027 1607 4091 post
1628 4038 1706 4092 prae·

85 4112 254 4185 nquidnon
282 4111 327 4165 isti
344 4113 411 4164 srrnt
438 4109 488 4179 qni
512 4109 686 4163 Hierusalem
716 4108 804 4162 male·
860 4109 987 4164 sentium
1011 4110 1228 4164 infamationem
1246 4110 1421 4164 anteriorum
1447 4117 1612 4165 sanctorum
1633 4113 1706 4166 cele·

85 4205 115 4256 et
130 4217 227 4255 muros
240 4199 307 4254 fidei
323 4202 427 4252 sanctae
449 4197 517 4252 Sion
533 4198 684 4253 destruunt
700 4195 728 4250 e't
743 4213 804 4251 suc·
860 4197 1019 4254 berrimnm
1052 4199 1190 4270 infringat
1225 4215 1357 4270 agonem.
1397 4199 1545 4253 llnledical
1579 4200 1706 4255 Jabelem

90 4287 106 4343 i
132 4289 172 4344 De
198 4289 302 4360 quibus
327 4286 449 4342 dicitnr:
481 4286 627 4340 Maledicti
648 4299 737 4339 amnes
758 4287 807 4354 qui
826 4302 951 4359 pqnam
975 4287 1151 4359 prophetalis
1175 4287 1205 4341 in
1230 4294 1368 4342 conventu
1393 4287 1521 4357 plebium
1557 4289 1707 4360 inspiratio

85 4382 92 4432 t
115 4382 149 4445 te,
174 4381 198 4430 et
224 4377 383 4444 omnesqui
408 4374 595 4443 blasphemant
618 4379 652 4427 te.
668 4372 809 4427 Maledicti
862 4374 1017 4429 benedixit.
1045 4375 1191 4430 blaledieat
1210 4375 1320 4438 iudith,
1338 4391 1402 4446 quoe
1416 4375 1514 4429 dolose
1537 4375 1621 4446 juxta
1642 4394 1706 4433 sen·

85 4464 245 4521 scinderunt
259 4469 295 4529 te,
315 4468 339 4517 et
352 4477 441 4517 omnes
458 4463 507 4530 qui
523 4462 646 4516 dixerint
660 4463 689 4514 in
704 4466 728 4516 te
746 4476 810 4514 uer-
863 4479 927 4517 sum
943 4463 1101 4518 derisorum
1120 4479 1238 4534 gregem
1260 4489 1267 4532 1
1295 4464 1402 4517 occisit.
1418 4463 1567 4519 blaledicat
1586 4472 1614 4520 et
1638 4467 1707 4521 alios

85 4569 160 4608 aum
186 4552 326 4608 Maledicti
348 4565 436 4604 omnes
476 4551 525 4617 qui
551 4549 687 4617 deponunt
716 4553 749 4615 te,
785 4553 810 4603 et
862 4548 1087 4604 innumerabiles
1101 4556 1206 4619 patres,
1223 4551 1273 4621 qui
1290 4567 1377 4620 usique
1398 4551 1431 4606 ad
1448 4557 1570 4607 mortem
1601 4553 1709 4609 bellan·

86 4645 117 4697 ui
138 4642 282 4697 destruunt
303 4654 394 4693 muros
424 4643 493 4704 tuos,
520 4641 649 4692 etamnes
676 4638 724 4705 qui
744 4637 808 4691 sub·
862 4640 905 4692 tes
919 4639 980 4692 zelo
995 4637 1109 4693 Domini
1125 4637 1255 4692 inimicos
1279 4640 1401 4693 Dcinon
1426 4641 1636 4708 saltemverbis,
1660 4643 1706 4698 sed

85 4789 110 4840 ta
123 4800 194 4838 eum.
864 4796 930 4834 vero
942 4779 1116 4834 aridissimus
1129 4779 1232 4832 melius
1245 4795 1331 4849 quarn
1353 4779 1382 4833 in
1397 4781 1492 4835 codiee
1503 4782 1636 4835 restituit.

85 4855 219 4910 setalia
246 4852 349 4907 melius
373 4848 608 4920 interrogationis
623 4848 705 4920 signo
731 4849 808 4903 clau·
897 4852 1081 4920 ⁸Perperam
1114 4851 1231 4904 librales
1264 4851 1424 4905 detruncant
1463 4868 1515 4921 pro
1556 4852 1708 4907 decolorant

84 4944 106 4981 r.
122 4925 196 4991 Quia
209 4931 305 4978 tamen
320 4938 468 4992 nunquam
485 4925 602 4975 notatur
621 4920 652 4973 in
667 4919 763 4975 codice
781 4925 810 4974 et
863 4921 961 4977 edidit.
1341 4985 1342 4989 ἵ

93 5013 127 5052 ex
149 4995 378 5051 adversariorum
401 4997 497 5046 mente
522 4991 597 5046 dieta
613 4990 712 5062 accipi,
736 4991 809 5046 nibil
899 4990 1138 5046 ‘Maledictiones
1153 4996 1221 5044 sunl
1243 5007 1315 5061 ques
1338 4989 1459 5046 Ecclesia
1480 5008 1565 5062 super
1580 4993 1709 5048 odientes

85 5068 251 5123 ermisimus.
864 5078 893 5116 se
908 5077 1003 5116 annue
1017 5069 1045 5116 at
1074 5063 1168 5132 palam
1184 5062 1331 5130 fundebat,
1357 5068 1386 5115 ut
1405 5063 1501 5116 statim
1518 5068 1617 5117 auctor
1632 5080 1710 5119 com-

85 5139 140 5192 sles
158 5138 252 5191 soum
274 5135 304 5188 in
324 5135 419 5189 divum
437 5133 547 5202 Eulog,
570 5132 724 5198 gemitibus.
753 5133 809 5187 Co-
864 5136 1014 5187 memorat.

85 5215 149 5272 tem,
177 5209 263 5274 nmis,
297 5204 373 5276 quod
403 5219 461 5257 noa
486 5204 704 5273 improbamus:
735 5202 809 5256 inira
900 5203 1062 5273 evulgata,
1080 5203 1271 5258 Dobercinaci.

85 5294 144 5333 um.
160 5280 317 5341 20,auctor
335 5274 468 5341 inculcat,
490 5276 637 5328 Donastitae
663 5275 738 5340 amis
761 5276 810 5327 im·
897 5276 910 5316 b
932 5275 1014 5344 Lege,
1032 5280 1144 5342 tempus,
1170 5274 1199 5328 id
1229 5280 1271 5328 est
1292 5279 1401 5344 partein
1420 5272 1531 5343 capitis,
1553 5289 1639 5344 quam
1662 5275 1710 5330 lli·

85 5364 135 5402 rm.
151 5350 196 5413 il,
212 5349 328 5416 impuris
340 5349 426 5413 penis.
864 5344 978 5416 spaniae
989 5344 1109 5398 dicimus
1126 5361 1131 5398 :
1151 5346 1189 5400 La
1203 5347 1277 5398 siem.

86 5419 146 5473 ales
166 5417 225 5472 ibi:
251 5419 322 5474 Casu
339 5417 468 5485 quopiam
492 5416 619 5483 cuiquam
641 5414 809 5468 etaiauerint
900 5429 906 5464 s
926 5415 987 5481 Ma,
1001 5430 1094 5484 pugna
1108 5417 1260 5485 spiritalia.

85 5506 108 5544 m
129 5489 236 5559 lapides
259 5503 350 5543 caram
375 5488 444 5555 ipsis
472 5487 648 5551 cumulantes,
674 5489 810 5552 testesque
909 5490 971 5543 tan
986 5486 1093 5554 rupem?

85 5575 136 5617 nus
162 5564 235 5628 unte,
264 5563 330 5624 eta,
358 5573 423 5628 qnae
447 5556 481 5610 de
508 5571 560 5609 suo
586 5553 690 5619 lexnit;
719 5555 810 5610 Testes

122 5656 270 5719 Parnon.
293 5652 406 5717 CXXI.
