3930 6098
69 2457 70 2460 Ἴ
169 2414 269 2452 amires
292 2398 493 2453 indifferentur
519 2414 605 2469 mam
629 2415 705 2469 saepe
721 2406 901 2454 sacramenta
915 2400 1014 2453 altaris

1862 235 1914 286 ‘tto

168 240 221 292 avo
531 233 758 310 dissuasorio
777 235 810 288 ΙΝ
832 232 899 289 LlB.
920 234 966 288 DE
986 232 1147 290 CORPORE
1168 233 1212 288 ΕΤ
1232 231 1406 288 SANGUINE
1426 230 1559 288 DOMINI.

169 373 248 428 dente
269 375 403 441 premitur
427 368 500 438 quod
534 383 584 436 per
609 372 702 437 partes
730 370 931 434 comminuitur,
967 368 1015 423 sed
1032 375 1114 427 Anae
1130 367 1302 439 patrocinari
1317 367 1429 439 potest?
1452 366 1556 422 Ethec
1571 366 1662 421 miror
1683 383 1833 439 nunquam
1861 368 1914 422 dis-

170 444 242 513 quod
261 446 291 497 in
313 443 366 511 tide
384 441 567 504 spiritualiter
590 441 734 507 accipitur,
764 443 859 493 irirrues
882 442 1013 493 nimirum
1068 446 1234 493 sertatarem
1251 439 1366 494 attentis
1384 438 1488 493 animis
1502 442 1659 507 reputasse.

169 513 340 574 eutrotidern
359 512 497 565 nihilesse
518 512 574 564 nisi
602 510 784 579 quodcorpns
809 513 908 578 pascit,
936 510 1014 565 dente
1105 510 1184 564 LVll.
1210 510 1303 577 llhid.)
1321 512 1356 564 Et
1374 525 1448 563 num.
1470 511 1690 563 tumulationem
1705 524 1760 563 esse
1782 513 1822 564 ait
1845 512 1913 579 ppu-

167 587 311 654 premitur.
333 583 385 637 Neo
414 582 471 636 dici
501 595 588 648 posse,
618 580 691 647 quod
718 581 864 649 profitetur
889 583 1014 635 Ecclesia
1067 587 1158 634 ratam
1173 583 1394 650 etspiritaalem,
1417 586 1447 634 ut
1473 582 1605 647 elicimus,
1626 596 1686 649 qua
1699 579 1752 650 fiat
1775 596 1825 650 per
1850 579 1916 650 fidei

171 657 218 708 liei
234 669 292 707 cum
318 653 402 707 Paulo
426 659 452 705 et
479 654 645 718 Augustino,
674 654 728 705 imo
751 667 811 705 cnm
829 652 936 708 Christo
961 655 1013 706 Do·
1067 653 1240 706 intellectum.

169 727 251 778 mino.
269 723 345 789 Quod
359 723 459 777 vidctis
473 729 512 777 est
522 737 619 792 corpas
633 737 728 776 meum.
1413 753 1568 793 flasconem,

1105 845 1162 897 lloc
1187 842 1290 898 falsum
1314 847 1364 907 est,
1392 858 1540 913 nunquam
1574 843 1614 897 sic
1638 844 1751 897 locatus
1775 849 1818 897 εει
1859 844 1915 898 ila·

1068 919 1208 981 tramnus,
1225 928 1277 968 nec
1291 913 1361 968 dixit
1375 914 1448 968 hanc
1464 914 1648 968 mutationem
1664 914 1755 968 siheri
1770 930 1822 985 per
1848 914 1915 968 fidei

202 987 264 1040 lam
293 985 507 1039 observavimus
534 985 721 1039 nutritionem
746 985 851 1039 animae
880 1002 1014 1057 procura·
1069 985 1541 1054 intellectum.lmoverosubJ'icit
1565 986 1705 1055 ejusmodi
1727 986 1914 1039 mutationem

169 1063 227 1111 tam
242 1072 326 1110 carne
342 1062 370 1111 et
393 1056 533 1126 saviguine
559 1056 663 1111 Christi
682 1072 740 1109 non
756 1056 827 1117 lieri,
854 1057 943 1110 instar
957 1074 1014 1110 nu-
1068 1055 1130 1109 lieri
1145 1056 1249 1110 debera
1264 1071 1298 1110 ex
1314 1070 1388 1125 pane
1404 1055 1513 1109 alvino
1530 1057 1559 1108 in
1585 1072 1689 1126 carpus
1702 1061 1730 1110 et
1744 1056 1914 1126 sanguinem

168 1128 295 1182 tuitionis
310 1127 457 1191 staturalis,
475 1142 526 1196 per
539 1126 734 1180 conversionis
758 1128 851 1180 carnis
868 1128 956 1198 ipsius
984 1128 1014 1180 in
1068 1125 1184 1192 Christi,
1198 1131 1229 1180 ut
1244 1126 1285 1180 ait
1296 1141 1376 1180 num.
1398 1127 1442 1192 30,
1460 1147 1474 1175 a
1486 1142 1589 1197 panem
1614 1136 1641 1180 et
1658 1127 1756 1180 sinum
1772 1127 1801 1180 in
1817 1143 1915 1197 corpo

171 1198 358 1252 substantiam
375 1198 490 1259 animae,
507 1200 553 1249 sed
566 1214 616 1266 por
628 1196 800 1250 infusionem
823 1199 921 1266 gratiae
936 1199 1014 1266 fidei,
1070 1196 1108 1251 ris
1122 1202 1151 1250 et
1165 1213 1215 1250 san
1238 1197 1314 1250 uinis
1330 1213 1465 1252 conversa
1485 1197 1671 1250 substantiam
1688 1197 1791 1251 virtute
1808 1204 1837 1252 el
1863 1213 1914 1266 po·

170 1270 232 1339 spei
247 1275 276 1322 et
290 1269 446 1323 charitatis.
464 1268 519 1324 Sed
544 1268 605 1323 liene
617 1285 676 1322 non
700 1268 883 1338 praepediunt
897 1269 1014 1340 quomi—
1068 1267 1156 1321 letitia
1170 1213 1254 1322 Verbi
1268 1268 1392 1322 divini.»
1416 1269 1524 1322 Revera
1546 1268 1630 1322 docet
1649 1268 1789 1336 ejusmodi
1819 1277 1914 1321 muta·

170 1356 224 1394 nus
235 1340 386 1394 silvarum
403 1339 508 1394 Christi
529 1356 631 1409 corpus
653 1338 734 1409 cujus
763 1339 960 1393 commistione
988 1344 1016 1394 et
1068 1338 1177 1392 tionem
1194 1354 1250 1392 non
1265 1339 1328 1393 lieri
1342 1338 1427 1393 modo
1443 1339 1573 1392 sensibili
1586 1344 1614 1392 el
1629 1355 1777 1407 corporeo,
1794 1338 1845 1392 sed
1859 1340 1915 1408 spi-

168 1411 333 1481 receptione
357 1416 527 1481 procuratur
547 1410 630 1464 nobis
650 1409 768 1463 nutritio
793 1410 950 1480 spiritualis
964 1426 1016 1478 per
1069 1408 1165 1464 rituali
1177 1415 1237 1463 eta
1255 1410 1387 1464 sensibus
1401 1414 1512 1463 remoto
1528 1414 1559 1463 ut
1574 1410 1707 1464 dixerunt
1733 1409 1911 1473 Paschasius,

169 1481 347 1551 spiritualem
364 1481 481 1553 spiritus
497 1480 547 1534 Dei
563 1480 720 1549 potentiam
734 1485 763 1535 et
780 1481 924 1535 virtutem.
946 1481 1014 1545 Qum
1068 1480 1201 1550 bigerus,
1222 1481 1395 1534 heniraucus
1418 1485 1447 1533 et
1468 1495 1569 1533 omnes
1591 1481 1741 1548 scriptores
1768 1480 1912 1533 catholici.

170 1567 234 1606 cum
252 1551 293 1605 ita
311 1552 378 1617 sint,
394 1552 621 1605 animadvertere
640 1557 908 1622 necesseestquam
928 1552 1014 1605 vehe·
1069 1550 1261 1614 Quamobrem
1277 1567 1317 1605 sic
1344 1552 1419 1606 latm
1435 1553 1606 1605 llatramnus
1633 1567 1712 1603 num.
1734 1553 1765 1604 vo
1792 1552 1843 1604 sub
1871 1567 1914 1603 ve-

168 1631 282 1677 menter
302 1622 524 1676 allucinatussit
547 1622 723 1683 dissertator,
754 1622 823 1675 dum
845 1622 1015 1677 asserilila-
1069 1623 1194 1675 lamento
1213 1622 1345 1692 corporei
1360 1623 1452 1691 panis,
1477 1622 1664 1691 corporeique
1681 1621 1740 1674 vini
1767 1623 1914 1690 spirituale

85 1718 93 1725 ·
168 1701 315 1747 tramnum
326 1692 486 1762 significare
496 1693 618 1746 voluisse
637 1698 744 1762 praeter
756 1691 843 1747 fidem
862 1693 891 1747 iu
909 1694 1016 1747 Eucba-
1035 1706 1168 1776 Boarpas
1183 1693 1286 1749 Christi
1315 1694 1524 1762 spiritualisque
1537 1694 1650 1760 sunonis
1665 1694 1778 1755 emistit:
1797 1693 1866 1762 quia
1877 1691 1912 1745 li-

169 1763 248 1816 ristia
261 1763 333 1816 nihil
345 1763 466 1843 reperiri
478 1763 533 1816 nisi
547 1763 625 1833 qnod
638 1763 673 1818 ad
685 1763 874 1817 nutritionem
886 1765 1013 1834 corporis
1068 1770 1112 1816 cel
1135 1778 1237 1833 corpus
1260 1763 1297 1817 sit
1311 1779 1422 1826 verum,
1437 1763 1509 1816 nulli
1527 1763 1632 1817 mentis
1655 1763 1822 1833 cogitationi
1846 1764 1911 1817 sub-

166 1833 346 1887 conducibile
360 1839 413 1899 s1t;
430 1833 484 1888 hoc
497 1835 574 1887 enim
591 1850 649 1888 non
673 1834 741 1888 dicit
763 1835 946 1901 ssahamnus,
963 1833 1013 1888 sed
1065 1833 1185 1904 jectum,
1201 1839 1352 1887 esttamen
1369 1833 1517 1904 spirituale
1532 1839 1561 1887 et
1575 1833 1744 1903 gloriosum,
1768 1834 1802 1886 ad
1823 1833 1914 1886 instar

168 1905 320 1975 quodcum
337 1904 394 1958 fido
408 1905 595 1974 spiritualiter
614 1906 751 1975 accipitur
766 1910 901 1974 prestare
920 1906 1011 1960 nutri·
1067 1921 1221 1973 corporum
1245 1911 1409 1958 nostrorum
1431 1920 1494 1958 com
1524 1911 1589 1974 post
1614 1903 1855 1958 resurrectionem
1871 1919 1914 1957 re·

168 1976 278 2029 tionem
303 1976 416 2029 animae.
446 1975 566 2030 Maxima
592 1975 669 2029 enim
692 1975 852 2030 differentia
875 1980 918 2031 est
938 1976 1014 2030 inter
1066 1974 1190 2029 vixerint
1206 1992 1212 2030 :
1227 1992 1291 2046 quae
1307 1975 1424 2045 quidem
1443 1979 1527 2028 oront
1542 1975 1642 2028 eadem
1657 1990 1723 2045 quae
1742 1978 1809 2028 sunt
1826 1974 1913 2028 hodie

167 2045 255 2100 fidam
272 2051 300 2099 ot
316 2046 344 2099 id
369 2046 535 2116 quodcum
563 2045 620 2100 fido
645 2047 811 2116 percipitur,
837 2047 912 2101 sicut
936 2047 1014 2101 inter
1067 2046 1282 2113 interrisviva,
1300 2047 1406 2099 licetin
1430 2046 1548 2099 coeliset
1571 2045 1665 2116 gloria
1688 2045 1823 2110 rediviva,
1854 2050 1913 2098 eta

168 2116 261 2170 visum
289 2122 318 2170 et
345 2115 488 2186 objectam
518 2116 604 2170 visus.
636 2116 706 2171 Cum
740 2117 895 2171 Retramno
922 2117 1013 2171 mira·
1067 2117 1168 2186 seipsis
1199 2117 1368 2170 mortalibus
1394 2131 1447 2186 per
1470 2116 1659 2170 substantiam
1687 2115 1913 2169 immortalitatis

169 2186 265 2241 bilitas
306 2187 440 2240 convenit
477 2186 653 2254 Paschasius,
690 2187 843 2241 discrimen
886 2193 1013 2242 statuens
1067 2187 1269 2258 discrepantia.
1297 2188 1367 2251 Quae
1399 2187 1556 2240 continenti
1592 2202 1724 2240 sermono
1759 2186 1830 2240 dixit
1858 2187 1913 2241 ila·

168 2258 245 2311 inter
263 2257 397 2312 horsiines
422 2257 507 2328 digua
533 2262 583 2312 aut
615 2257 733 2329 indigne
753 2261 789 2312 ad
819 2274 927 2313 moram
950 2274 1013 2312 cor·
1067 2264 1208 2320 traurnus,
1230 2258 1422 2311 sinceritatem
1440 2258 1506 2311 tidei
1526 2259 1586 2326 ejus
1609 2257 1912 2328 temperspicuecon-

168 2327 248 2398 poris
275 2327 379 2383 Christi
417 2330 652 2383 communionem
697 2331 871 2383 accedentes.
899 2348 912 2380 a
944 2330 1013 2383 Ecce
1067 2328 1184 2382 firmant
1198 2333 1230 2383 ut
1244 2329 1324 2382 nulla
1342 2344 1387 2381 res
1404 2327 1551 2382 intirmare
1579 2329 1723 2398 possit:u
1748 2328 1810 2382 Non
1836 2327 1913 2399 quod

1067 2400 1190 2454 duarum
1207 2400 1265 2452 sint
1284 2399 1441 2453 existentiae
1459 2414 1555 2453 rerum
1578 2403 1653 2452 inter
1668 2416 1697 2452 sc
1721 2398 1910 2463 diversarum,

168 2468 333 2539 percipiunt
347 2485 353 2522 ε
367 2470 529 2540 percipiunt
542 2470 638 2539 plane,
654 2470 702 2524 sed
719 2470 792 2523 alius
807 2486 922 2524 caruero
936 2470 1015 2525 Chri·
1067 2470 1196 2540 corporis
1211 2469 1343 2524 videlicet
1358 2476 1385 2523 et
1404 2469 1532 2540 spiritus,
1554 2485 1654 2523 verum
1668 2485 1727 2524 una
1751 2471 1911 2540 eademque

168 2540 205 2593 sti
220 2540 408 2609 spiritualiter
428 2540 583 2594 manducat
603 2546 631 2594 et
644 2542 814 2610 sanguinem
834 2541 918 2606 bibit,
941 2541 1015 2594 alius
1068 2557 1131 2607 ros3
1148 2541 1306 2594 secundum
1324 2539 1401 2594 aliud
1425 2540 1532 2610 species
1551 2539 1634 2609 panis
1648 2544 1676 2594 et
1693 2540 1753 2593 vini
1773 2540 1912 2603 consistit,

168 2625 237 2664 vero
258 2626 327 2676 non,
357 2612 487 2681 quamvis
510 2609 667 2665 buccellam
693 2612 728 2666 de
759 2612 1015 2666 manusacerdotis
1068 2612 1225 2664 secumdum
1255 2611 1332 2666 aliud
1350 2615 1446 2665 autem
1470 2610 1748 2681 corpusetsanguis
1772 2610 1912 2666 Christi.»

168 2681 463 2752 videaturparcipere.
481 2702 495 2731 »
515 2680 683 2736 Adidvero
707 2683 783 2752 quod
811 2683 852 2736 ait
878 2683 1014 2736 disserta·
1069 2682 1145 2736 Nihil
1161 2682 1229 2736 tidei
1244 2682 1391 2736 catholicae
1417 2682 1705 2736 convenientiusdiai
1734 2686 1835 2751 potest.
1862 2697 1915 2735 nec

167 2757 223 2818 tor,
241 2752 429 2806 Retramuum
446 2751 549 2806 docere
570 2767 603 2805 eo
620 2752 674 2806 loci
688 2769 741 2807 nac
765 2751 821 2807 dici
836 2770 918 2823 possa
937 2753 1013 2824 quod
1067 2751 1261 2807 internoscere
1280 2769 1395 2824 possam
1411 2752 1550 2806 rationem
1572 2752 1641 2823 quia
1667 2760 1826 2806 commotus
1854 2752 1915 2806 dis-

168 2821 321 2893 profitetur
336 2822 454 2877 Ecclesia
473 2822 523 2877 Dei
536 2839 601 2877 cum
617 2823 704 2877 Paulo
720 2831 748 2878 et
762 2823 934 2894 Augustino,
954 2824 1014 2878 imo
1068 2829 1192 2876 sertator
1204 2839 1237 2876 ex
1258 2825 1302 2877 his
1327 2822 1420 2876 verbis
1435 2823 1578 2894 intelligat
1592 2822 1757 2893 significari,
1778 2826 1807 2877 in
1831 2825 1917 2877 altari

167 2909 232 2947 com
247 2893 359 2948 Christo
375 2893 498 2947 Domino
515 2908 522 2947 :
539 2914 553 2943 a
569 2895 628 2948 Hoc
655 2894 729 2964 quod
759 2894 871 2948 videtur
889 2899 932 2948 est
956 2911 1015 2948 cor·
1067 2894 1250 2948 substantiam
1271 2897 1353 2963 panis
1382 2894 1530 2959 deuincat,
1558 2895 1635 2962 capus
1659 2894 1800 2948 admonitu
1818 2908 1915 2962 corpus

167 2980 222 3033 pus
237 2979 344 3030 meum,
360 2964 587 3034 »quamvisjam
607 2963 727 3018 infinitis
750 2966 818 3019 locis
832 2965 887 3019 hoc
900 2965 1014 3019 axioma
1068 2964 1172 3020 Christi
1193 2965 1265 3035 qaod
1280 2965 1401 3018 creditur
1415 2967 1519 3019 animos
1534 2965 1699 3019 credentium
1716 2969 1742 3018 et
1754 2966 1912 3032 oioificare:

167 3035 401 3105 explicuerimus,
428 3051 487 3089 non
514 3036 616 3089 melius
645 3038 817 3105 respondere
860 3052 1014 3107 possumus
1068 3041 1139 3089 eleo
1155 3035 1233 3105 quad
1248 3034 1416 3106 concipitur,
1437 3050 1540 3105 eorpus
1556 3034 1666 3089 Christi
1681 3035 1828 3105 spirituale
1844 3050 1916 3088 nvin-

166 3121 253 3175 quam
269 3104 314 3159 his
328 3106 422 3160 verbis
440 3105 516 3161 beati
542 3106 639 3177 tigeri
659 3107 706 3160 lib.
729 3124 738 3160 1
766 3108 801 3160 de
823 3107 1013 3173 Eucharistia,
1033 3091 1052 3135 ι’
1070 3110 1183 3177 cupari;
1200 3123 1265 3160 nam
1281 3124 1297 3159 a
1312 3110 1409 3159 contra
1424 3122 1488 3159 cum
1507 3105 1696 3159 mutationem
1712 3106 1791 3175 panis
1813 3105 1914 3159 etvini

166 3192 227 3246 cap.
247 3179 289 3230 ll.
308 3178 409 3232 altem
424 3177 600 3247 Augustinus
625 3176 661 3231 ad
684 3178 849 3233 Irenaeum:
879 3179 943 3232 Non
963 3177 1016 3232 hoc
1069 3176 1217 3247 incorpos
1241 3183 1270 3230 et
1298 3177 1468 3247 sanguinem
1497 3177 1601 3230 Christi
1628 3182 1821 3245 recognoscat,
1851 3193 1914 3244 spe-

166 3247 243 3318 quod
259 3247 568 3302 videtismanducaturi
588 3247 665 3310 estis,
682 3248 776 3316 ipsam
788 3248 904 3318 quidem
918 3254 1016 3302 elnon
1069 3248 1185 3318 uiasque
1200 3264 1351 3318 corporeas
1379 3247 1560 3300 assensibus
1583 3263 1641 3300 nou
1664 3247 1770 3300 habere
1791 3246 1914 3300 existan-

165 3318 384 3386 ipsum,ipsnm
409 3318 590 3372 invisibiliter
602 3324 631 3371 et
654 3319 822 3386 nouipsum
852 3319 1012 3371 visibiliter.
1068 3318 1458 3387 liomdiversamacorpore
1485 3316 1589 3371 Christi
1604 3317 1748 3386 spirituali
1776 3332 1828 3370 seu
1851 3318 1914 3387 glo·

167 3387 389 3442 Undesubditur
410 3387 461 3441 :Si
476 3403 591 3440 necesse
616 3393 658 3439 est
676 3387 827 3440 visibiliter
850 3388 921 3441 illud
941 3389 1014 3441 cele·
1068 3388 1153 3454 rioso,
1178 3394 1396 3441 consectaneum
1435 3388 1618 3441 manifestum
1648 3394 1691 3443 est
1725 3388 1915 3442 Retramnum

166 3456 254 3521 brari,
277 3472 391 3509 necessa
409 3460 452 3510 est
480 3455 660 3510 invisibiliter
688 3456 817 3527 intelligi.
848 3457 919 3521 Qnia
946 3473 1014 3528 ergo
1069 3457 1466 3538 nonpotuisseintelligereo
1483 3459 1677 3528 quodinhac
1699 3459 1915 3529 mysteriosub·

166 3525 399 3596 corpushomini
428 3526 579 3596 spirituale
606 3532 729 3581 nonest
758 3529 915 3600 corporalis
939 3544 1012 3596 esca,
1068 3529 1224 3582 stantvasit
1249 3528 1389 3582 duntaxat
1413 3529 1506 3599 panis,
1532 3530 1614 3600 cujus
1637 3530 1786 3584 admonitu
1813 3545 1917 3599 corpus

166 3596 214 3650 sed
239 3596 405 3665 spiritualis,
435 3603 464 3651 et
484 3613 598 3650 neccsse
620 3597 812 3663 invisibiliter,
837 3599 909 3653 illud
933 3599 1014 3653 intel·
1068 3600 1145 3669 quod
1171 3600 1308 3665 creditur,
1335 3599 1461 3653 animam
1488 3601 1579 3668 pascit
1607 3616 1639 3653 ac
1660 3599 1792 3667 viviticat,
1809 3607 1839 3654 et
1879 3616 1914 3654 eo

166 3667 227 3737 ligi.
246 3685 259 3719 a
276 3668 321 3722 Sic
335 3667 410 3721 fatur
431 3667 606 3722 fortissimus
622 3668 689 3723 fidei
713 3670 861 3724 catholicas
882 3669 1014 3724 defensor
1067 3670 1142 3740 quod
1160 3670 1320 3737 concipitur
1334 3686 1437 3740 corpus
1451 3670 1600 3740 spirituale
1617 3678 1809 3740 nuncupatur.
1827 3692 1841 3718 »

166 3739 300 3792 adversus
316 3739 530 3809 berengarium,
546 3740 675 3809 apposite
691 3740 809 3810 quidem
826 3741 861 3794 ad
886 3747 1011 3797 mentem
1103 3740 1199 3797 LVlli.
1217 3743 1297 3812 (Peg.
1319 3744 1371 3794 uto
1386 3741 1455 3795 edil.
1479 3741 1637 3795 amstelod.
1661 3750 1690 3795 at
1706 3745 1751 3796 ι9ι
1779 3741 1849 3795 edit.
1866 3743 1918 3795 Pa·

166 3809 301 3865 tuendam
317 3815 346 3865 et
362 3810 531 3866 sententiam
548 3812 697 3865 Retramoi
709 3812 810 3872 nostri,
826 3828 912 3881 qoem
927 3829 1012 3866 nomo
1065 3811 1129 3881 ris.)
1143 3814 1186 3866 Eu
1205 3828 1257 3881 quo
1281 3815 1476 3866 consectarium
1500 3827 1603 3867 neeesse
1630 3816 1668 3866 est
1683 3812 1826 3882 essequod
1843 3815 1917 3866 ultro

165 3880 253 3935 homo
269 3881 426 3937 catholicus
445 3882 551 3935 erroris
571 3887 621 3935 aut
647 3883 762 3936 haeresis
782 3883 901 3936 erimine
930 3899 1012 3937 accu-
1065 3886 1091 3936 et
1105 3887 1198 3951 aperte
1217 3885 1260 3936 ait
1276 3899 1349 3937 num.
1373 3884 1418 3947 40,
1437 3885 1607 3936 Dominicum
1631 3898 1728 3952 corpus
1751 3889 1776 3936 et
1800 3885 1914 3951 sonpni-

166 3968 228 4006 sare
243 3953 337 4022 potuit
352 3969 386 4007 eo
406 3952 482 4023 quod
498 3952 610 4005 dixerit.
622 3952 679 4006 Hoc
694 3954 770 4022 qnod
788 3953 890 4007 videtis
911 3953 940 4005 in
956 3955 1011 4007 En-
1064 3968 1124 4006 nem
1142 3954 1311 4008 Dominicum
1331 3954 1453 4020 symbolo
1466 3955 1611 4022 appellari,
1637 3957 1765 4021 qnoniam
1788 3955 1847 4022 ejus
1868 3969 1916 4007 sn-

166 4023 299 4077 cliaristia
314 4039 372 4076 non
384 4029 426 4076 εει
449 4024 544 4093 ipsum
564 4038 667 4090 corpus
678 4023 792 4090 Christi,
807 4024 875 4092 quia
892 4040 948 4077 non
970 4032 1012 4079 est
1065 4029 1141 4078 munt
1169 4025 1387 4094 appellationem,
1415 4025 1461 4078 hoo
1483 4030 1523 4078 est
1539 4027 1599 4078 ueri
1616 4027 1737 4094 corporis
1756 4029 1780 4078 et
1804 4026 1916 4092 sanqui-

513 877 669 916 RESPONSIO.

166 4093 279 4147 visibile
295 4109 347 4147 nec
383 4093 522 4162 alpabile;
538 4092 588 4146 sed
603 4099 645 4146 est
660 4093 755 4162 ipsum
771 4094 848 4163 quod
864 4095 916 4148 sub
944 4112 1010 4166 spe-

166 4162 264 4216 ciebus
280 4110 379 4217 visibii

166 4236 227 4286 tum
243 4233 326 4311 panis
341 4238 370 4286 et
385 4232 455 4297 vini,
472 4249 536 4302 quae
548 4238 631 4286 autea
644 4234 771 4298 fuerunt,
787 4236 885 4305 etjam
899 4236 929 4288 in
944 4236 1010 4290 sub·

166 4307 300 4356 stantiam
324 4303 453 4372 corporis
477 4307 505 4356 et
534 4303 681 4374 sauguinis
709 4304 813 4359 Christi
842 4306 1010 4360 nfidelihus

165 4373 296 4427 sumenda
311 4373 355 4427 vel
367 4373 525 4428 samurdam
538 4390 672 4428 conversa
686 4381 761 4430 sunt.

202 4444 267 4498 tvl.
284 4444 383 4514 (Iota.)
401 4445 514 4499 Eamoh
528 4461 585 4499 rem
599 4448 735 4511 numrlh',
751 4452 832 4514 nepot
847 4462 943 4530 corpus
959 4464 1009 4515 pa·
1029 4428 1052 4484 Β

165 4517 209 4568 nis
221 4529 276 4569 esse
295 4521 438 4570 mutatum·
460 4516 535 4571 Cur?
551 4517 733 4585 corporaliter
755 4533 881 4586 namquo,
908 4521 1009 4586 inquit,

165 4585 472 4711 giiiiiiassammr
487 4602 545 4642 esse
567 4593 762 4656 permutatum.
784 4589 865 4654 Sane,
881 4589 928 4643 sed
952 4605 1011 4644 cre·

510 4769 667 4819 ansvovvsvo'.

202 4886 265 4940 Nou
278 4891 364 4958 negat
380 4902 460 4941 num.
479 4890 521 4952 15,
546 4903 651 4957 corpus
672 4887 756 4958 panis
771 4904 831 4941 esse
859 4893 1011 4953 motatum,

166 4957 215 5012 sed
231 4957 705 5026 probatnumeriscoalinautihus,
720 4959 816 5029 aitque
831 4960 1012 5013 solummodo

166 5029 359 5083 mutationem
371 5034 517 5083 externam
533 5029 663 5084 sensibus
678 5029 813 5083 humanis
837 5045 896 5082 non
918 5031 1012 5099 perci-

166 5101 206 5169 pi,
223 5101 257 5154 da
274 5116 332 5171 quo
347 5099 456 5154 nemini
470 5099 579 5153 bomini
594 5099 714 5154 dubium
731 5101 852 5165 subolet,
867 5120 881 5151 a
905 5100 1012 5171 Corpo-

166 5173 265 5224 raliter
289 5185 425 5242 namque,
456 5170 560 5240 inquit,
578 5171 608 5223 in
634 5169 675 5224 eis
696 5170 767 5224 nihil
795 5170 923 5224 cernitur
951 5188 1012 5225 esse

168 5246 372 5309 permutatum.
397 5240 573 5295 Fatebuntur
587 5241 675 5308 igitur
690 5257 803 5295 necesse
819 5248 863 5295 est
876 5244 927 5295 aul
946 5258 1013 5296 mu-

166 5314 225 5363 tata
240 5327 301 5365 esse
317 5314 473 5365 secundum
489 5311 567 5365 aliud
591 5327 677 5382 quam
691 5311 848 5365 secondom
865 5327 979 5380 corpus.
996 5333 1011 5361 n

90 5437 97 5447 ,
168 5378 202 5433 lit
215 5379 244 5433 in
259 5381 317 5435 fine
337 5382 423 5452 hujus
449 5382 562 5436 numeri
585 5381 885 5505 postquamkprobavit
900 5399 1013 5437 necesse

168 5464 229 5502 esse
249 5451 375 5522 aliquam
395 5452 586 5507 mutationem
603 5452 666 5506 lieri
690 5451 721 5505 in
765 5452 928 5519 eucharistia,
952 5454 1011 5507 ait:

170 5540 182 5568 ι
198 5524 256 5573 hut
270 5523 293 5574 si
307 5522 362 5575 hoc
374 5523 504 5592 profiteri
514 5523 669 5585 voluerint,
681 5523 894 5592 compelluntur
908 5539 1013 5595 negare

167 5604 273 5659 corpus
296 5607 357 5646 esse
388 5595 615 5665 sanguinemque
635 5594 739 5647 Christi
765 5592 841 5664 quod
866 5593 946 5647 nefas
971 5600 1014 5648 est

168 5675 228 5715 non
257 5662 349 5716 solum
379 5662 484 5730 dicere,
508 5680 608 5719 verum
641 5664 911 5730 attaminatione.»
940 5664 1013 5729 Ouid

168 5745 236 5787 vero
251 5733 400 5789 nervosius
418 5734 463 5789 his
482 5734 575 5792 verbis
595 5736 725 5791 Ecclesia
737 5734 885 5790 catholicae
908 5735 1011 5792 dochi-

1064 4097 1118 4159 nis,
1136 4098 1231 4163 inquo
1248 4095 1374 4150 Christus
1396 4099 1435 4148 est
1452 4101 1545 4160 natas,
1562 4095 1639 4164 cujus
1667 4097 1791 4149 eaislunt
1817 4110 1913 4150 socra-

376 4163 439 4216 ibns
467 4178 566 4216 revera
582 4164 780 4217 estoccoltum
805 4169 834 4217 ct
860 4164 1009 4220 abscondi·
1063 4167 1283 4236 mmtum,cnjas
1298 4168 1453 4220 memoriam
1468 4170 1493 4219 et
1508 4166 1588 4235 fidem
1603 4167 1734 4221 eucitorit.

1407 4305 1563 4344 RESPONSO.

1099 4395 1235 4464 Symbola
1249 4410 1307 4449 non
1326 4396 1445 4449 omnino
1465 4402 1669 4467 nuncupantur
1683 4410 1787 4464 corpus
1807 4393 1912 4449 Christi

1064 4466 1186 4534 eoquod
1203 4465 1232 4518 in
1261 4466 1429 4519 memoriam
1458 4471 1591 4520 revocent
1613 4465 1691 4520 istud
1718 4481 1832 4534 corpus,
1863 4474 1913 4519 aut

1065 4536 1127 4605 eJus
1137 4536 1224 4590 tidem
1241 4536 1374 4603 excitaui,
1398 4537 1446 4590 sed
1461 4536 1530 4606 quia
1557 4543 1736 4590 sacramenta
1759 4542 1788 4589 et
1803 4544 1912 4606 myste-

1065 4607 1108 4660 ria
1123 4622 1219 4661 rerum
1236 4622 1308 4676 quas
1330 4606 1480 4661 continent
1503 4608 1620 4661 nomina
1638 4608 1802 4661 sortiuntur.
1826 4609 1864 4660 Ea
1878 4608 1912 4661 de

1066 4693 1150 4730 causa
1178 4684 1262 4730 vocat
1293 4677 1499 4730 Eucharistiam
1536 4678 1636 4731 beatus
1661 4677 1782 4747 tigerus
1815 4692 1913 4746 corpus

1064 4750 1280 4815 nuncupativum
1307 4750 1370 4802 lesu
1405 4748 1518 4812 Christi,
1554 4749 1691 4818 quoniam
1723 4766 1756 4801 ea
1782 4747 1911 4816 ejusdem

1065 4819 1159 4887 figora
1173 4824 1240 4873 sunt
1255 4832 1287 4871 ac
1302 4819 1442 4871 velamen.
1460 4818 1611 4872 Enimvero
1637 4818 1778 4889 ejusmodi
1803 4819 1914 4889 species

1066 4905 1098 4942 ac
1117 4889 1218 4959 ligures
1244 4889 1279 4942 ad
1310 4889 1530 4942 similitudinem
1545 4891 1673 4958 corporis
1699 4890 1803 4946 Christi
1834 4905 1913 4942 acce·

1066 4960 1148 5025 dunt,
1166 4960 1286 5039 ejusque
1306 4959 1462 5028 imaginem
1479 4960 1749 5030 praedamnando
1766 4961 1835 5030 qnia
1851 4962 1914 5030 ejus

1066 5044 1238 5084 memoriam
1254 5033 1397 5094 revocant,
1414 5029 1462 5084 sed
1476 5031 1545 5101 quia
1560 5047 1664 5102 corpus
1681 5031 1822 5090 nutriunt,
1854 5047 1913 5085 non

1067 5117 1147 5155 secus
1162 5116 1193 5154 ac
1209 5100 1332 5154 Verbum
1348 5101 1409 5167 Dei,
1433 5101 1510 5170 quod
1532 5108 1574 5155 est
1591 5103 1675 5172 panis
1698 5102 1776 5155 vivus
1796 5103 1913 5156 descen-

1066 5172 1137 5227 dens
1151 5170 1277 5237 dccoelo,
1292 5171 1336 5226 sui
1364 5170 1583 5242 participatione
1612 5172 1710 5228 fideles
1734 5172 1845 5226 animas
1860 5188 1913 5225 nu-

1066 5244 1115 5296 trit
1138 5248 1169 5295 el
1197 5246 1315 5295 recreat.
1342 5263 1355 5291 a
1378 5243 1448 5303 Ouia
1478 5243 1551 5300 sicut
1574 5244 1660 5313 hujus
1684 5243 1804 5297 visibilis
1829 5245 1914 5314 panis

1067 5313 1184 5382 vinique
1198 5313 1357 5367 substantia
1371 5314 1541 5370 exteriorem
1562 5315 1654 5369 nutrit
1679 5319 1706 5368 el
1724 5313 1849 5368 inebriat
1863 5314 1914 5368 ho·

1067 5383 1186 5447 minem,
1202 5384 1242 5438 ita
1260 5383 1383 5437 Verbum
1399 5384 1461 5451 hei,
1481 5387 1557 5455 qood
1574 5392 1615 5439 est
1632 5385 1714 5455 panis
1735 5385 1826 5451 vivus,
1843 5402 1915 5456 par-

1066 5453 1231 5522 ticipatione
1246 5453 1289 5508 sui
1307 5453 1406 5508 ildeles
1422 5462 1531 5510 recreet
1546 5462 1665 5510 mentes.
1683 5475 1697 5505 a

1103 5523 1255 5594 LlX.lPag.
1285 5527 1338 5579 296
1361 5529 1464 5593 hmst„
1489 5543 1554 5596 pag.
1585 5529 1643 5581 voa.
1669 5525 1770 5594 Paris.)
1791 5527 1852 5580 Non
1875 5530 1917 5581 est

1067 5598 1156 5650 autern
1183 5597 1404 5664 praetereundum
1423 5598 1501 5665 ¹qamd
1527 5599 1631 5665 insipni
1654 5597 1774 5652 audacia
1799 5595 1917 5651 Patruus

1067 5668 1230 5731 testimonio,
1258 5667 1356 5735 quihus
1386 5668 1509 5722 abutitur
1531 5669 1829 5725 Pseudo-Retromnus.
1858 5684 1918 5722 cor·

1067 5739 1184 5807 ruperit,
1195 5737 1336 5794 Ambrosii
1354 5741 1507 5809 prasertim
1521 5743 1546 5794 et
1559 5738 1720 5806 dupmtini.
1741 5741 1779 5794 De
1792 5739 1918 5795 Ambro-
