3930 6098
64 279 119 335 265
567 275 707 334 CONTRA
726 277 925 335 GRAECORUll
946 277 1123 334 oppostra
1139 309 1174 319 —
1199 280 1263 335 tta.
1284 281 1321 336 11.
1769 286 1821 341 266

60 415 98 471 de
115 414 196 471 Filio.
211 414 284 480 Quid
297 413 420 486 accipit?
433 413 552 469 omnino
568 414 784 469 subsistentiam
801 415 836 470 de
860 413 910 468 illo
929 412 1022 484 Aqua
1048 414 1197 469 nativitate
1220 416 1369 487 conjungi,
1402 420 1435 472 ut
1459 418 1544 473 Pater
1568 424 1597 475 et
1622 420 1721 476 Filius.
1748 425 1821 480 ltem

63 503 260 574 procedendo.
970 504 1141 575 copulantur
1169 504 1336 570 substantia,
1365 522 1421 559 nou
1450 512 1548 562 autem
1578 509 1737 581 nativitate,
1770 513 1818 567 sed

100 594 132 647 lu
149 590 413 662 consequentibus:
430 609 443 642 u
458 591 537 646 ldem
553 593 649 644 autem
671 591 793 661 Spiritus
809 591 870 656 Dei,
887 595 916 645 et
969 593 1164 662 processione,
1180 593 1267 646 Filius
1284 598 1313 647 et
1333 593 1466 663 Spiritus.
1488 596 1562 666 Ergo
1580 597 1648 653 dum
1663 598 1742 667 dicit,
1754 600 1818 656 ubi·

59 682 186 753 Spiritus
203 680 306 736 Christi
321 685 374 746 est,
401 680 545 735 adducens
568 685 596 733 et
615 681 752 750 copulans
767 696 844 743 curu,
865 679 914 750 qui
969 697 1082 752 cunque
1098 681 1221 750 Spiritus
1247 681 1345 749 luerit,
1363 682 1402 736 ibi
1420 686 1448 736 et
1472 682 1601 738 Christus
1615 691 1671 752 esl;
1688 691 1716 743 et
1730 688 1819 745 unde-

59 788 92 825 se
104 770 247 837 babuerit,
268 769 390 824 Domino
404 769 469 823 lesu
496 768 619 822 Christo.
641 769 721 823 Unde
742 769 770 822 in
791 784 914 839 sequen·
969 784 1082 841 cunque
1095 769 1199 825 Christi
1215 770 1337 841 Spiritus
1350 771 1522 838 discesserit,
1539 773 1607 826 inde
1621 775 1728 844 pariter
1742 792 1819 833 rece·

59 860 139 913 tibus
153 858 283 912 dicitur:
308 859 339 913 Si
364 860 531 928 quisautem
556 859 692 927 Spiritum
725 858 834 913 Christi
861 873 915 912 aaa
967 856 1009 910 dit
1042 861 1081 911 et.
1097 856 1234 923 Christus,
1266 863 1407 912 monstrat
1438 857 1603 914 societatem
1643 861 1726 917 istam
1758 881 1818 919 uon

61 947 154 1014 habet,
174 947 218 1001 hic
246 962 299 1001 aaa
322 952 362 1000 est
380 949 437 1016 ejus
463 946 551 1014 (hom.
576 962 636 1013 viu,
652 949 690 1013 9).
707 966 721 994 »
748 946 777 1000 Si
792 946 842 1017 qui
872 951 916 999 est
968 945 1112 999 voluntate
1137 946 1242 1010 solum,
1264 947 1494 1017 substantiaque,
1517 962 1616 1002 verum
1640 949 1727 1005 etiam
1750 968 1816 1022 pro-

61 1037 262 1108 spiritualim,
280 1040 364 1088 estet
379 1035 504 1105 Spiritus
528 1034 644 1102 Christi,
670 1035 914 1104 quemadmodum
968 1034 1140 1096 cessionem,
1164 1040 1309 1101 constare:
1324 1035 1402 1106 quod
1416 1035 1539 1106 Spiritus
1555 1051 1614 1089 uon
1629 1037 1722 1091 solum
1749 1056 1817 1096 con-

60 1125 231 1179 auctoriate
248 1124 371 1189 latetur3
389 1123 465 1178 haud
481 1123 601 1178 dubium
617 1139 676 1177 non
690 1129 758 1177 sunt
772 1124 828 1178 dito
849 1123 913 1194 Spi-
967 1121 1160 1177 substantialis
1181 1128 1272 1177 exstat
1297 1123 1413 1190 Christi,
1430 1140 1529 1179 verum
1554 1125 1642 1178 etiam
1661 1125 1761 1182 existat
1781 1131 1816 1184 eb
1891 1160 1897 1168 .

61 1215 147 1281 ritus,
182 1213 256 1267 alius
286 1211 387 1278 Patris,
417 1212 491 1266 alius
515 1212 588 1279 Filii,
612 1212 660 1267 sed
686 1228 759 1266 unns
780 1217 809 1265 et
837 1212 913 1267 idem
968 1210 1042 1281 ipso.

62 1303 225 1373 utriusque.
241 1301 276 1355 lit
295 1300 319 1355 si
333 1300 437 1355 Christi
452 1299 576 1371 Spiritus
605 1305 647 1354 est
670 1300 694 1353 is
717 1300 767 1380 quii
791 1300 913 1371 Spiritus
1003 1300 1073 1353 ltem
1103 1299 1245 1371 posterius
1273 1301 1403 1370 Apostoli
1428 1301 1626 1357 testimonium
1655 1319 1815 1373 assumens,
1899 1347 1902 1350 .

64 1391 286 1455 lleil’atrisest3
315 1389 388 1443 sicut
406 1389 566 1460 procedite
592 1390 684 1453 Patre,
700 1389 740 1442 sic
756 1389 913 1459 procedite
967 1388 1025 1442 ait:
1051 1410 1064 1437 u
1088 1390 1148 1444 Nou
1168 1391 1313 1458 accepistis
1340 1391 1477 1458 Spiritum
1496 1394 1635 1447 seruitutis
1659 1395 1689 1449 in
1722 1397 1818 1450 timore

63 1480 136 1535 Filio
153 1496 160 1533 :
177 1494 234 1532 uon
259 1477 336 1532 enim
359 1477 429 1531 alias
455 1476 506 1531 Uei
530 1477 622 1531 Patris
650 1476 755 1531 dicitur
777 1477 911 1547 Spiritus,
967 1476 1052 1546 (Rom.
1079 1493 1136 1543 vrri,
1161 1480 1217 1543 15t3
1240 1477 1268 1530 id
1288 1482 1331 1531 est
1353 1493 1412 1532 nun
1432 1478 1461 1532 in
1481 1479 1700 1536 similitudinem
1724 1499 1818 1537 servo·

62 1570 120 1623 nisi
135 1567 243 1639 quoda
259 1568 316 1621 Deo
331 1568 413 1620 Patre
435 1565 578 1636 procedit:
600 1565 641 1619 sic
656 1581 713 1618 sion
733 1565 817 1619 aliter
839 1564 911 1620 dici·
967 1580 1041 1630 rurn,
1054 1570 1130 1619 metu
1147 1570 1175 1618 et
1189 1571 1298 1618 terrore
1308 1582 1458 1636 poeuarum
1471 1584 1520 1620 vos
1533 1569 1683 1624 abstinetis
1695 1586 1712 1624 a
1726 1571 1815 1637 uitiis,

60 1663 112 1711 tur
125 1657 249 1727 Spiritus
265 1655 379 1719 Christi,
395 1654 450 1708 nisi
462 1654 529 1725 quia
543 1654 697 1724 procedite
712 1653 823 1709 Christo
836 1671 842 1708 :
854 1669 911 1707 nun
967 1654 1035 1724 quia
1050 1654 1162 1708 habetis
1174 1653 1253 1708 rubis
1267 1655 1364 1708 datum
1381 1655 1521 1726 Spiritum
1538 1657 1712 1727 adoptionis,
1730 1658 1759 1713 id
1775 1664 1818 1714 est

61 1746 142 1800 enirn
157 1749 201 1799 est
215 1748 355 1812 creatura,
367 1760 424 1814 quo
439 1746 577 1813 tauquam
589 1742 708 1796 inferior
720 1742 911 1813 possidentur,
931 1710 952 1765 B
967 1742 1105 1812 Spiritum
1121 1747 1250 1796 sanctum
1262 1761 1269 1808 3
1280 1743 1330 1812 qui
1345 1744 1431 1798 ctiam
1448 1744 1642 1814 SpiritusFilii
1653 1750 1681 1799 et
1691 1745 1814 1801 Christi:

59 1835 110 1889 sed
126 1833 387 1888 consubstantialis.
405 1832 450 1887 Sic
470 1847 586 1902 quoquc
612 1830 689 1901 quod
714 1830 801 1896 addit,
824 1831 911 1900 Spiri-

61 1929 126 1977 tum
139 1921 243 1978 Christi
258 1937 317 1975 nen
330 1921 486 1975 habentem
502 1919 606 1975 Christi
620 1935 677 1972 non
692 1935 766 1985 esse,
781 1917 815 1971 de
830 1918 911 1972 Chri-

62 2016 106 2064 sto
120 2010 229 2064 fatetur
246 2009 450 2079 prodeuntem.
467 2023 553 2077 quem
567 2007 635 2062 dicit
650 2022 710 2060 esse
726 2005 846 2072 Christi;
862 2021 912 2060 uec

62 2117 124 2155 esse
151 2114 237 2170 posse
265 2097 379 2162 Christi,
404 2098 454 2168 qui
470 2113 528 2150 non
554 2096 657 2150 habeat
679 2095 817 2166 Spiritum
835 2097 910 2164 ejus;

64 2187 206 2258 quoniam
229 2186 332 2256 inquo
360 2201 420 2239 nou
448 2190 490 2238 cst
519 2183 643 2253 Spiritus
669 2183 773 2237 Christi
789 2197 846 2235 nou
871 2187 914 2235 est

63 2275 214 2331 Christus:
232 2291 290 2329 non
304 2274 383 2328 enim
397 2273 573 2327 habitatione
590 2278 769 2343 separantur,
785 2271 833 2342 qui
849 2271 914 2324 sub

62 2364 168 2418 stantia
184 2364 366 2432 copulantur.
386 2362 464 2417 Unde
479 2362 615 2417 discimus
638 2361 801 2414 societatem
826 2375 912 2430 quam

62 2453 147 2508 habet
161 2451 286 2521 Spiritus
296 2451 331 2506 ad
346 2450 499 2515 Christum,
515 2450 592 2521 quod
606 2449 710 2504 haheat
728 2453 756 2502 et
770 2449 805 2502 ad
821 2449 912 2502 Deum

62 2542 202 2596 Patrem:
226 2556 285 2594 non
312 2539 391 2594 enim
412 2544 506 2609 polest
535 2553 635 2592 eorum
661 2537 828 2592 societatem
854 2553 912 2590 nun

61 2628 180 2695 habere,
197 2627 302 2698 quibus
323 2631 366 2680 est
380 2625 642 2690 consubstantialis,
657 2630 686 2679 et
696 2642 714 2678 a
736 2625 840 2695 quibus
855 2624 912 2677 esi·

61 2717 118 2771 stit
142 2716 268 2770 lnlerius
292 2730 408 2786 quoque
427 2731 467 2768 :u
494 2714 598 2770 Sedet
621 2715 651 2768 in
682 2714 808 2784 Epistola
836 2712 911 2766 Petri

61 2803 188 2875 Spiritus
203 2807 319 2857 sanctus
332 2819 392 2857 esse
410 2803 516 2858 Christi
542 2803 666 2873 Spiritus
684 2801 909 2872 comprobatur:

967 1836 996 1884 et
1010 1832 1136 1884 veritalis
1151 1830 1254 1885 dicitur
1279 1838 1363 1902 atque
1385 1832 1543 1902 sapientiae.
1565 1833 1668 1897 »Quid
1689 1851 1741 1904 per
1755 1836 1817 1889 haec

967 1918 1115 1972 insinuat?
1128 1935 1195 1973 nam
1220 1920 1328 1973 veritas
1347 1925 1374 1972 et
1403 1920 1544 1989 sapientia
1565 1921 1694 1975 Christus
1714 1927 1758 1977 est
1772 1925 1817 1994 (ut

967 2008 1112 2077 Scriptura
1131 2012 1263 2074 testatur,
1290 2013 1397 2061 elnon
1421 2008 1509 2063 semel
1533 2008 1724 2079 approbatum
1750 2015 1816 2078 est,)

968 2096 1094 2150 Christus
1118 2111 1234 2165 quoque
1251 2095 1338 2148 Filius
1361 2095 1451 2148 Patris
1466 2100 1510 2149 est
1526 2096 1602 2149 haud
1619 2097 1750 2152 dubium.
1766 2098 1816 2153 lll-

967 2183 1063 2237 lirmut
1090 2183 1227 2253 Spiritum
1249 2188 1379 2237 sanctum
1402 2183 1604 2254 procedentem
1618 2202 1634 2239 a
1650 2185 1733 2255 Filio,
1749 2202 1815 2258 pro·

967 2272 1116 2326 cedentem
1130 2290 1145 2324 a
1160 2272 1285 2339 Clrrist03
1310 2272 1512 2342 procedentem
1537 2290 1554 2328 a
1576 2274 1695 2329 veritate
1723 2279 1752 2330 et
1773 2292 1818 2330 sa·

967 2361 1077 2431 pientia
1090 2378 1149 2415 uon
1171 2360 1287 2431 quidem
1309 2360 1386 2431 qnod
1406 2360 1463 2414 sint
1477 2361 1590 2431 Spritus
1612 2361 1724 2428 diversi,
1747 2363 1816 2434 quis

968 2467 1025 2504 nun
1040 2454 1106 2502 suut
1119 2465 1183 2519 quae
1199 2449 1293 2519 posita
1307 2453 1383 2515 suut,
1402 2465 1526 2520 quorum
1541 2466 1601 2504 esse
1627 2450 1733 2506 dicitur
1751 2451 1814 2523 Spi-

967 2539 1051 2605 ritus,
1066 2539 1207 2591 drversam
1235 2537 1422 2591 substantians
1443 2538 1644 2608 significantia.
1669 2540 1816 2610 Sapientia

966 2643 1092 2698 namque
1118 2633 1147 2680 et
1173 2626 1286 2693 veritas,
1312 2631 1339 2679 et
1361 2626 1498 2692 Christus,
1514 2627 1620 2682 Filium
1641 2628 1814 2698 praedicant:

967 2717 1094 2772 Christus
1109 2718 1226 2785 propter
1248 2714 1398 2768 hominem
1416 2719 1595 2785 susceptum;
1611 2716 1726 2782 veritas,
1742 2732 1815 2788 quo-

966 2805 1043 2858 niam
1073 2804 1134 2874 ipse
1159 2803 1251 2856 dixit:
1271 2805 1324 2869 1390
1346 2818 1406 2856 sum
1431 2806 1543 2858 ueritum.
1566 2804 1722 2873 Sapientia,
1746 2804 1815 2876 quia

62 2896 233 2958 scrutantes,
249 2891 355 2962 iuquit,
372 2896 400 2946 et
412 2893 593 2962 exquirentes
609 2892 649 2963 (id
661 2896 703 2944 cst
715 2890 861 2961 prophetae
877 2890 911 2943 de
966 2895 1070 2948 Paulus
1083 2896 1203 2946 testatur
1218 2893 1252 2945 de
1263 2891 1326 2960 ipso
1342 2892 1367 2961 (l
1389 2893 1449 2948 Cor.
1467 2910 1486 2958 r,
1507 2892 1562 2963 30),
1588 2893 1664 2962 quod
1680 2893 1717 2946 sit
1731 2892 1815 2947 uobis

63 2980 315 3053 quibuseilueret
329 2997 423 3035 serrno
438 2980 581 3051 superior)
599 2980 630 3034 in
653 2979 730 3051 quod
753 2984 804 3032 eut
826 2979 910 3049 quale
930 2982 1053 3062 calleo
1068 2981 1159 3034 lactus
1176 2979 1330 3048 Sapientia.
1356 2979 1429 3042 Quid
1454 2981 1515 3034 baec
1534 2980 1632 3034 omnia
1653 2979 1815 3050 colligunt?

63 3077 178 3141 tempus
211 3068 394 3136 significabat
420 3069 464 3124 his
492 3068 541 3139 qui
570 3069 600 3122 iu
628 3067 669 3121 eis
701 3073 764 3121 erat
790 3066 911 3136 Spiritus
967 3066 1066 3121 Procul
1088 3066 1446 3137 dubioquodproccdatn
1464 3067 1812 3138 Filio,cujusessedici-

62 3157 177 3225 Christi,
193 3156 351 3212 testificans
370 3156 401 3211 in
425 3155 536 3211 Christo
560 3156 714 3227 passiones,
736 3160 765 3209 et
789 3170 823 3208 ea
847 3168 911 3223 quae
966 3160 1012 3209 tur
1027 3155 1149 3224 Spiritus
1165 3171 1241 3209 :non
1255 3155 1333 3209 enim
1347 3157 1390 3210 vel
1407 3172 1471 3225 pars
1483 3157 1546 3225 ejus
1561 3161 1657 3226 potest
1672 3173 1744 3222 csse,
1766 3157 1810 3212 vel

63 3251 129 3317 post
144 3251 227 3300 erant
237 3250 371 3300 secutura
386 3245 509 3299 decreta.
531 3264 544 3295 s
563 3246 594 3298 Et
614 3245 803 3315 paulopost:
826 3242 911 3295 ulste
966 3244 1083 3315 aliquod
1099 3244 1168 3298 Filio
1193 3243 1363 3313 subjectum.
1384 3245 1462 3298 Unde
1477 3245 1557 3314 ,ergo
1577 3244 1674 3298 illius?
1699 3245 1811 3299 Proces-

63 3340 158 3390 autem
175 3335 300 3407 Spiritus
315 3340 428 3389 sauctus
442 3335 534 3389 dictus
554 3338 597 3388 est
615 3340 643 3387 et
666 3332 788 3402 Spiritus
805 3330 865 3397 Uei,
881 3333 912 3384 ut
966 3332 1056 3399 sione,
1073 3332 1131 3385 sive
1155 3332 1448 3386 consubstantialitate
1465 3349 1471 3385 :
1498 3332 1546 3386 sed
1563 3332 1814 3388 consubstantiali-

64 3424 180 3479 ibisllu
200 3439 260 3493 quar
284 3425 334 3478 Uei
350 3429 414 3478 sunt
437 3438 513 3476 hemo
531 3424 607 3476 nouit
629 3424 685 3476 nisi
710 3421 833 3489 Spiritus
863 3420 912 3473 Ilei
965 3421 1214 3490 tusaqualitatem
1234 3420 1657 3492 ostendit;aequalitas‘autem
1675 3422 1813 3477 nonsub-

65 3514 89 3581 (l
113 3514 175 3569 Cor.
205 3528 235 3578 u,
265 3512 319 3580 ll).
349 3534 360 3559 ι
387 3510 524 3566 liumdem
549 3526 617 3579 ergo
645 3509 750 3563 latetur
772 3507 912 3577 Spiritum
962 3510 1076 3580 J'icilur3
1106 3509 1155 3563 sed
1190 3509 1345 3562 confertur.
1376 3510 1455 3563 Unde
1480 3525 1549 3579 ergo
1575 3509 1697 3582 Spiritus
1733 3510 1814 3567 Filii?

65 3599 180 3666 Christi,
195 3598 246 3671 qui
259 3600 295 3653 sit
308 3598 429 3670 Spiritus
447 3599 504 3666 Uei,
523 3614 554 3652 ac
570 3614 622 3668 per
646 3596 699 3650 hoc
728 3596 764 3651 de
789 3600 912 3666 utroque
965 3597 1041 3651 haud
1057 3597 1176 3651 dubium
1188 3598 1256 3668 quia
1267 3597 1397 3666 procedit
1412 3614 1446 3651 ex
1463 3599 1542 3653 Filio.

64 3688 269 3757 prodeuntem:
295 3686 432 3758 quoniam
454 3701 511 3740 non
531 3685 568 3739 sit
587 3685 666 3739 aliud
688 3700 739 3738 cur
761 3683 911 3753 utriusque
1001 3685 1150 3740 Sufficiant
1173 3685 1226 3739 ista
1249 3686 1283 3739 de
1301 3685 1372 3739 libro
1397 3685 1509 3756 Didymi
1534 3685 1660 3739 breviter
1684 3685 1812 3755 collecta,

67 3775 174 3830 dicatur
195 3775 342 3846 Spiritus:
365 3775 485 3845 aequalis
508 3779 552 3828 est
572 3775 650 3828 euim
676 3778 704 3827 et
724 3772 912 3826 consubstan-
966 3772 1098 3844 quidum
1123 3773 1191 3826 talia
1205 3773 1239 3826 de
1255 3772 1364 3842 Spiritu
1391 3780 1488 3827 sancto
1505 3773 1614 3843 positus
1635 3773 1814 3829 Alexandriae

66 3864 148 3918 halis.
169 3865 243 3919 ltem
260 3863 335 3918 inira
354 3864 503 3935 loquitur:
521 3880 535 3913 u
557 3864 611 3916 Per
633 3862 688 3916 hoc
700 3861 777 3932 quod
802 3861 842 3914 ait
860 3877 866 3914 ε
882 3860 913 3914 Si
965 3860 1084 3913 sentiret
1099 3866 1127 3914 et
1140 3861 1286 3925 scriberet,
1310 3877 1360 3914 uec
1384 3860 1526 3926 aGraecis,
1543 3877 1625 3914 neca
1649 3862 1813 3916 Graecorum

70 3956 123 4021 quis
147 3956 239 4006 aalma
260 3952 395 4021 Spiritum
411 3952 514 4007 Christi
529 3965 583 4004 nou
604 3950 693 4013 habet,
718 3951 770 4003 istc
794 3965 848 4002 uua
872 3952 911 4004 est
966 3948 1188 4018 imperatoribus
1224 3953 1267 4002 est
1293 3948 1336 4002 rel
1370 3948 1571 4018 reprehensus,
1602 3949 1646 4002 rel
1685 3964 1813 4004 commu·

71 4042 121 4108 rjus
140 4041 230 4111 (Rom.
255 4056 312 4107 vui,
336 4041 372 4108 9).
398 4041 429 4094 et
447 4039 592 4093 infertur:
614 4039 645 4093 Si
670 4044 760 4091 auton
787 4039 911 4094 Christus
967 4035 1050 4090 nione
1065 4052 1239 4106 suspensus:
1257 4035 1457 4105 intelligebant
1472 4036 1548 4090 cuim
1566 4037 1615 4107 qui
1630 4052 1683 4105 per
1696 4035 1727 4092 id
1740 4041 1812 4091 tem·

75 4129 188 4184 huobis
213 4132 253 4183 est
277 4128 377 4195 (tots,
406 4128 458 4197 10),
479 4127 711 4182 manifestissime
730 4126 911 4180 demonstra·
965 4125 1045 4195 poris
1068 4125 1271 4195 imperatores;
1298 4125 1347 4194 qui
1364 4140 1422 4179 non
1444 4124 1538 4178 solum
1554 4123 1813 4196 Constantinopoli,

78 4215 109 4270 rit
132 4215 354 4287 inseparabilem
388 4232 448 4269 esse
470 4215 608 4286 Spiritum
630 4219 760 4269 sanctum
788 4231 805 4268 a
830 4214 911 4269 Chri·
964 4228 1065 4266 verum
1094 4213 1180 4266 etism
1208 4213 1307 4288 Rpmes
1340 4214 1509 4282 regnabant,
1548 4214 1722 4269 catholicum
1751 4229 1813 4270 esse

82 4309 129 4371 sto:
147 4305 216 4376 quia
239 4304 404 4375 ubicunque
419 4303 542 4376 Spiritus
557 4303 652 4369 luserit,
673 4302 713 4357 ibi
737 4306 766 4356 et
783 4303 911 4357 Christus
931 4300 1081 4369 Udogrna,
1112 4299 1197 4353 tidem
1232 4301 1428 4370 apostolicam,
1470 4301 1618 4368 perfidiam
1662 4303 1814 4356 lrasretico·

84 4397 133 4447 at:
151 4399 180 4448 et
193 4393 389 4464 undecunque
404 4391 508 4446 Christi
521 4391 644 4461 Spiritus
659 4390 828 4457 discesserit,
845 4390 912 4445 inde
966 4405 1030 4441 rum
1054 4404 1118 4458 quae
1138 4387 1309 4454 debellabat,
1335 4393 1364 4442 et
1386 4389 1514 4442 veritatis
1542 4389 1703 4444 doctrinam
1733 4390 1812 4444 altir-

85 4479 174 4546 pariter
190 4480 298 4536 recedit
312 4485 341 4535 et
353 4479 492 4535 Christus.
510 4500 524 4529 ι
545 4480 600 4533 lsta
614 4480 733 4534 societas
747 4478 871 4549 Spiritus
884 4488 913 4533 et
965 4477 1070 4531 mahat.
1104 4477 1159 4530 Vos
1187 4493 1264 4531 nunc
1284 4479 1472 4547 imperatores
1499 4478 1639 4545 moderni,
1670 4479 1737 4533 nori
1766 4495 1814 4534 se·

87 4565 180 4636 Christi,
204 4584 292 4640 quam
320 4569 413 4634 docet,
442 4584 501 4622 nou
530 4573 643 4624 tanturn
671 4570 827 4625 voluntatis
857 4577 910 4629 est.
955 4546 1040 4619 'ctam
1065 4565 1170 4619 erroris
1191 4565 1386 4628 instituentes,
1415 4565 1506 4620 ridete
1531 4566 1613 4636 cujus
1639 4567 1699 4621 sitis
1725 4567 1811 4632 fidei:

87 4654 649 4720 rerumetiamsubstantialitetis,etuou
665 4655 912 4710 substantialitatis
965 4670 1094 4725 quosque
1123 4652 1257 4707 habueris
1286 4653 1316 4706 in
1338 4653 1468 4708 doctriua
1496 4654 1598 4709 Christi
1629 4656 1779 4725 magistros
1803 4673 1810 4711 :

87 4742 169 4809 olum,
195 4758 296 4798 verum
323 4743 410 4797 etiam
442 4742 656 4815 processionis:
685 4749 806 4813 possunt
834 4744 912 4797 enim
965 4758 1033 4796 nam
1061 4741 1177 4796 illorum
1201 4739 1405 4794 convincimini
1429 4757 1485 4795 nou
1509 4758 1570 4796 esse
1593 4742 1738 4814 discipuli,
1763 4744 1814 4814 qui

88 4829 212 4886 rutmtate
231 4831 371 4902 conjungi
393 4847 459 4902 quae
483 4832 643 4886 substantia
671 4837 854 4902 separantur;
882 4837 914 4885 ut
966 4830 1077 4900 priores
1097 4828 1184 4883 uestri
1202 4828 1291 4894 luere,
1317 4829 1367 4898 qui
1397 4829 1565 4884 catholicam
1588 4830 1674 4885 lidem
1699 4832 1815 4885 robora·

86 4912 138 4972 illud
164 4921 241 4990 quod
270 4919 400 4974 Christus
427 4920 556 4992 loquitur
578 4919 749 4990 discipulis:
773 4923 839 4975 Ecce
866 4935 913 4988 epo
967 4934 1043 4984 rere,
1078 4917 1129 4989 qui
1160 4917 1240 4987 praui
1275 4917 1416 4987 dogmatis
1448 4918 1562 4972 iuventa
1586 4934 1699 4990 semper
1729 4933 1815 4989 expu-

10 5019 15 5097 ,
86 5005 200 5062 tatiscam
228 5023 289 5062 cum
315 5008 438 5064 omuibus
467 5008 561 5063 diebus
589 5010 698 5079 (Mutila.
724 5024 820 5076 xxrtu,
848 5010 912 5077 ⁴20);
967 5022 1105 5079 gnavare.

10 5100 18 5111 '
85 5093 113 5147 tel
127 5095 200 5166 quod
222 5095 403 5167 inpraesenti
424 5097 486 5151 loco
507 5096 587 5159 dixit,
605 5097 636 5149 in
652 5112 708 5167 quo
726 5103 769 5150 est
792 5096 914 5168 Spiritus

84 5178 169 5238 Christi
185 5185 222 5238 sit
237 5201 353 5256 quoque
369 5185 506 5240 Christus.
527 5186 559 5239 ln
581 5184 687 5256 quibus
704 5200 828 5255 namque
850 5184 913 5253 Spi-

10 5266 18 5348 J
80 5266 136 5324 ritm
157 5272 263 5327 Christi
285 5281 339 5341 est,
359 5279 388 5328 et
414 5273 542 5328 Christus
565 5289 682 5344 quoque
709 5273 818 5344 pariter
843 5276 913 5326 est:

10 5364 15 5375 ·
78 5356 151 5414 simul
171 5360 291 5432 quidem
314 5366 390 5429 suut,
416 5362 466 5417 sed
485 5362 642 5427 voluntate,
665 5377 723 5416 non
744 5360 913 5414 substantia.
1004 5360 1051 5412 llis
1075 5358 1216 5412 sociemus
1242 5357 1310 5429 quid
1334 5375 1385 5429 per
1410 5359 1510 5414 eadem
1538 5366 1668 5427 tempora
1688 5358 1818 5415 Romane

10 5431 13 5448 ¹
76 5445 139 5501 leus
162 5447 272 5503 etenim
295 5454 325 5503 ct
346 5449 434 5504 homo
452 5465 512 5504 non
534 5449 629 5516 unius,
649 5448 831 5502 seddivcrsse
850 5452 915 5501 sunt
969 5448 1059 5502 sensit
1090 5447 1215 5501 Ecclesia
1238 5447 1273 5501 do
1299 5447 1406 5518 Spiritu
1441 5451 1549 5510 sarrcto,
1575 5451 1609 5500 ut
1646 5447 1818 5519 comproba·

72 5536 245 5592 substantias.
263 5539 336 5593 ltem
353 5544 473 5608 possunt
487 5537 648 5592 substantia
663 5535 803 5608 copulari,
819 5535 917 5590 simul·
970 5535 1099 5590 serimus
1125 5551 1230 5589 nesam
1250 5552 1308 5588 nou
1336 5535 1396 5589 tore
1420 5537 1525 5588 sectum
1553 5551 1638 5606 «litam
1671 5538 1820 5608 praedicat,

228 5635 377 5696 Parnon.
400 5634 514 5696 CXXI.
1639 5639 1657 5695 o

1304 5129 1417 5185 CAPUT
1436 5131 1480 5186 Vl.

1282 5246 1326 5298 Ea
1343 5244 1499 5299 Pescltusr'o.
