3930 6098
135 241 169 293 ot
720 230 897 287 uelutillut
917 229 1148 286 couniti-:ltus
1168 229 1320 285 benefitii
1852 234 1887 286 6⁸

137 375 262 432 Domino
283 373 366 438 bunt,
391 373 422 427 in
447 368 701 442 praedestinatione
728 365 885 423 divinitatis
909 366 1018 421 lactat
1037 365 1125 432 navit,
1142 364 1170 420 id
1186 368 1229 420 est
1242 364 1457 436 preordinavit,
1486 380 1536 419 eos
1558 365 1591 420 ad
1620 364 1808 438 supplicium,
1821 382 1887 437 quae

137 479 251 536 semper
265 464 390 519 luerunt.
409 460 520 515 Habent
535 458 650 530 quidem
663 472 752 527 opera
764 455 814 511 Dei
827 453 986 511 secundum
1039 458 1136 509 tamen
1152 452 1364 525 praeordinatio,
1376 453 1433 508 sire
1448 453 1673 524 predestinatio,
1690 469 1750 509 non
1770 471 1820 509 eos
1835 471 1889 509 ne·

137 557 227 607 status
243 551 287 605 sui
299 549 473 605 creationem
489 562 562 602 nova
582 545 734 616 principia,
756 560 855 598 verum
881 559 984 599 secun·
1038 542 1168 597 cessitate
1183 542 1308 613 quadam
1321 542 1503 613 constringit,
1519 543 1562 597 rel
1578 542 1701 613 impellit
1713 543 1746 598 ad
1758 559 1886 613 poenam:

138 640 207 696 durn
222 638 362 696 Creatoris
381 635 599 707 dispositionem
630 650 779 705 nunquam
804 649 864 687 esse
892 647 984 687 cessa·
1039 631 1170 702 quamvis
1185 646 1298 685 necesse
1313 630 1351 686 sit
1363 629 1436 697 lieri,
1456 631 1532 702 qnod
1557 631 1632 686 Deus
1662 631 1887 702 praedestinavit,

27 710 30 715 ¹
137 733 214 794 runt,
243 732 275 782 ut
302 741 467 799 quanquam
495 724 526 778 in
553 723 718 778 substantie
747 738 805 776 sum
830 721 923 793 specie
951 738 982 775 ex
1039 735 1090 775 occ
1104 721 1195 792 possit
1210 724 1324 786 rnutari,
1339 720 1417 792 quod
1436 719 1589 791 disposuit,
1603 735 1654 774 nec
1671 719 1752 774 alitor
1774 719 1888 774 contin·

136 817 433 888 temporecoapissent
457 813 588 879 existere,
611 826 759 883 nunquam
785 814 982 865 tumenaeter·
1038 813 1096 879 gat,
1114 826 1201 882 quarn
1219 809 1374 866 ordinarit.
1406 808 1477 863 Com
1503 808 1581 862 enim
1611 807 1711 863 omnia
1738 808 1827 870 novit,
1855 813 1886 863 et

136 919 174 958 ua
185 902 326 975 sapientia
343 901 531 972 temporalem
547 903 735 971 sumpserunt
758 898 982 952 inchoationem.
1038 892 1109 948 nibil
1127 911 1193 948 curn
1207 895 1294 967 possit
1309 894 1408 960 latare,
1429 892 1554 964 disponit
1569 892 1604 948 de
1621 893 1757 948 omnibus
1782 908 1885 948 secun·

137 992 171 1047 Et
184 991 253 1062 quia
266 991 409 1045 bonorum
420 988 532 1054 electio,
550 988 751 1059 malorumque
762 986 936 1058 reprobatio,
952 987 982 1041 in
1036 982 1104 1036 dum
1121 983 1274 1038 voluntatis
1286 998 1344 1037 sure
1360 981 1511 1038 eonsilium
1528 981 1607 1052 justo
1621 981 1742 1052 judicio,
1755 981 1888 1053 quamuis

25 1087 28 1091 ’
137 1079 241 1135 diuina
255 1076 383 1132 consistit
397 1076 593 1149 dispositionis
606 1075 738 1145 consilio,
758 1074 831 1130 sient
850 1073 984 1130 uniuersa
1037 1070 1206 1126 mortalibus
1222 1071 1361 1126 absconso
1379 1087 1386 1125 ι
1403 1074 1431 1124 ut
1446 1074 1543 1126 autem
1558 1069 1755 1141 unnsquisque
1771 1068 1806 1124 ad
1826 1086 1886 1140 pne-

137 1165 393 1237 priusquamfiant
412 1165 571 1219 factasunt
598 1165 699 1230 alteo,
732 1163 772 1218 sic
794 1163 932 1217 nimirum
955 1165 984 1216 ot
1037 1175 1089 1214 nas
1103 1159 1257 1230 deputetur
1279 1158 1479 1228 sempiternas,
1505 1174 1564 1213 non
1588 1163 1631 1214 est
1658 1173 1692 1215 cx
1731 1157 1886 1230 iniquitate

138 1255 198 1310 brec
213 1255 455 1326 quemadmodum
471 1254 502 1308 in
523 1252 678 1309 efficientia
693 1268 746 1323 per
769 1251 898 1323 singulos
912 1255 984 1305 tem·
1033 1248 1200 1319 judicantis,
1217 1248 1265 1302 sed
1289 1247 1447 1318 exjustitia
1473 1247 1662 1302 decernentis.
1692 1247 1773 1304 Tales
1801 1247 1886 1302 'enirn

137 1344 274 1414 poraliter
287 1344 452 1411 actitantur,
469 1342 546 1414 apud
567 1341 723 1396 Dominum
749 1357 863 1411 semper
884 1339 983 1395 ellectu
1036 1336 1117 1392 novit
1132 1353 1179 1391 cos
1194 1352 1267 1408 quos
1278 1337 1313 1392 ad
1329 1352 1428 1407 poenas
1451 1335 1602 1407 disposuit,
1628 1341 1661 1391 ut
1675 1335 1757 1407 digni
1779 1340 1886 1404 essent,

139 1436 314 1487 manserunt.
330 1432 398 1497 Quis
415 1447 540 1502 namque
562 1431 597 1485 ad
622 1430 768 1484 electionis
795 1428 916 1499 gratiam
950 1444 982 1484 ex
1037 1426 1072 1481 de
1087 1425 1191 1497 quibus
1206 1425 1245 1480 sie
1264 1426 1464 1497 disponeretur
1481 1441 1487 1480 :
1502 1425 1620 1495 propria
1635 1424 1712 1479 enim
1739 1425 1887 1481 voluntate

137 1526 265 1592 tempore
290 1521 376 1574 trierit
398 1518 597 1584 assumendus,
621 1533 734 1587 semper
759 1517 788 1571 iu
815 1516 919 1570 diriore
939 1532 983 1571 sa·
1038 1514 1236 1586 deliquerunt;
1254 1520 1283 1569 et
1302 1516 1506 1584 cognoscentes
1526 1513 1601 1568 viam
1623 1513 1758 1578 veritatis,
1785 1514 1887 1568 noluo·

136 1604 253 1674 pientiae
268 1605 456 1678 dispositione
473 1604 577 1658 mansit
592 1607 765 1672 assumptus,
778 1601 900 1673 quisque
916 1618 982 1656 rcro
999 1645 1018 1701 B
1037 1609 1105 1658 runt
1118 1603 1200 1674 sequi
1220 1618 1226 1658 :
1243 1602 1482 1674 elegerunteuim
1498 1602 1692 1674 iniquitatem,
1707 1607 1736 1656 at
1752 1603 1826 1658 hanc
1845 1619 1888 1656 se·

133 1692 172 1748 ab
191 1694 244 1749 hac
260 1694 379 1749 salutari
394 1693 486 1763 gratia
502 1691 688 1763 repr-obusad
704 1690 895 1745 damnationis
918 1706 982 1761 per·
1038 1692 1095 1746 cuti
1109 1698 1193 1760 sunt3
1208 1696 1237 1746 et
1251 1692 1317 1763 quia
1331 1692 1479 1746 raritatem
1502 1697 1686 1762 respuerunt,
1709 1690 1813 1745 merito
1838 1705 1888 1745 eos

73 1832 76 1837 .
136 1781 208 1838 tinet
225 1788 344 1850 sortem,
361 1797 474 1852 semper
488 1780 517 1835 iu
531 1780 635 1835 dirinae
660 1779 856 1850 dispositionis
871 1779 983 1849 ljudicio
1039 1779 1136 1834 debita
1149 1795 1234 1851 poena
1247 1780 1489 1851 comprehendet:
1504 1778 1644 1850 quoniam
1657 1793 1723 1833 roro
1746 1793 1805 1832 non
1821 1794 1888 1848 pos·

135 1872 275 1943 reprobus
295 1871 413 1935 exstitit,
437 1870 477 1924 ita
496 1868 627 1941 quisquis
651 1874 766 1923 aeterna.
798 1867 984 1923 beatitudinis
1039 1873 1107 1922 snnt
1119 1869 1207 1924 latera
1216 1870 1306 1924 Deum
1318 1867 1413 1924 omnia
1424 1867 1725 1939 comprehendentem,
1740 1865 1888 1936 praeterita

136 1958 335 2014 hereditatem
359 1963 401 2013 est
416 1962 595 2029 accepturus,
606 1959 735 2026 ,Qsemper
750 1971 813 2010 earn
834 1955 864 2009 in
880 1956 983 2011 divinae
1038 1961 1067 2011 et
1080 1956 1186 2020 lutura,
1208 1962 1346 2029 tauquam
1362 1957 1515 2028 praesentia
1529 1960 1725 2018 contuentem,
1739 1953 1789 2026 qui
1806 1953 1888 2008 norit

137 2046 398 2119 praedestinationis
413 2062 515 2109 arcano
531 2044 681 2115 possedit:
701 2047 737 2108 et
751 2043 882 2115 quisquis
903 2049 985 2098 mter·
1039 2061 1125 2117 opera
1154 2046 1295 2117 ipsorum,
1320 2045 1459 2117 disposuit
1488 2049 1516 2099 et
1539 2045 1668 2101 debitum
1693 2043 1835 2114 judicium
1850 2043 1887 2098 de

134 2150 238 2190 narurn
254 2150 352 2204 peenas
366 2134 549 2187 flammarum
563 2136 605 2187 est
626 2133 789 2198 sortiturus,
813 2132 842 2185 in
862 2133 983 2187 coelestis
1037 2134 1173 2205 operibus
1187 2151 1287 2190 corum
1306 2151 1312 2189 :
1329 2151 1386 2189 non
1411 2138 1507 2189 tamen
1531 2150 1565 2188 ex
1595 2149 1629 2188 eo
1652 2133 1729 2205 quod
1754 2132 1830 2204 apud
1854 2147 1886 2186 se

79 2287 82 2293 ¹
132 2222 233 2293 judicii
251 2222 505 2293 predestinatione
520 2236 634 2291 semper
649 2219 683 2275 ad
699 2236 748 2274 ess
762 2219 871 2275 exstitit
893 2220 985 2290 depu-
1037 2224 1277 2296 dispositumst,
1298 2224 1408 2295 judicat
1435 2223 1643 2296 aliquem;sed
1677 2238 1711 2279 cx
1738 2239 1784 2291 eo,
1805 2221 1885 2293 quod

135 2315 212 2366 tatus
227 2315 256 2365 et
270 2310 352 2365 sicut
368 2309 537 2364 eternitatis
560 2309 713 2363 consiliam
738 2324 887 2380 nunquam
910 2309 985 2364 valet
1038 2314 1236 2386 unusquisque
1257 2318 1402 2384 operatur.
1432 2314 1465 2368 Et
1489 2311 1620 2385 quamvis
1646 2311 1676 2366 in
1691 2308 1810 2366 occultis
1834 2309 1887 2364 bei

134 2398 276 2455 infirmari
293 2416 300 2454 :
320 2398 360 2453 sie
375 2398 469 2453 omnis
485 2399 641 2452 electorum
661 2413 799 2452 numerus
809 2396 982 2468 lsalvabitnr,
1034 2403 1151 2475 judiciis
1166 2403 1345 2475 singulorum
1368 2403 1412 2458 vel
1435 2403 1538 2457 merita
1560 2402 1604 2456 rel
1627 2417 1712 2474 puina
1737 2406 1885 2466 maneant,

135 2503 229 2560 neque
244 2501 343 2542 eorum
354 2486 458 2558 aliquis
470 2487 577 2558 poterit
593 2486 697 2557 perire.
716 2485 760 2541 Sic
780 2501 895 2558 quoque
917 2485 982 2540 uni·
1037 2495 1105 2547 tunc
1121 2492 1267 2564 judicatur
1295 2491 1492 2562 unnsquisque
1518 2490 1633 2562 qnando
1657 2489 1701 2544 uel
1730 2505 1783 2560 pro
1806 2489 1887 2560 pene

135 2591 232 2631 versus
247 2576 433 2647 reproborum
453 2581 543 2631 coetus
557 2575 752 2644 damnabitur,
761 2591 814 2630 nec
828 2574 982 2647 quisquam
1036 2581 1125 2653 gestis
1139 2586 1305 2652 recepturus
1319 2585 1362 2634 est
1376 2579 1538 2652 preamium,
1554 2579 1596 2634 vel
1613 2593 1664 2651 pro
1684 2578 1779 2650 pravis
1792 2578 1888 2649 0peri.

135 2679 235 2720 eorum
250 2664 350 2719 salutis
375 2671 488 2719 eterne
507 2664 650 2736 particeps
682 2664 831 2720 efficietur.
859 2664 924 2719 Her
939 2666 982 2718 est
1036 2669 1091 2725 bus
1104 2674 1291 2725 tormentum.
1306 2667 1472 2724 sicutenim
1486 2667 1723 2739 [teipraescientia
1736 2666 1886 2722 neminem

135 2752 225 2824 igitur
256 2752 380 2824 gaminae
417 2751 676 2824 praedestinationis
705 2751 864 2823 dispositio,
894 2766 980 2822 quam
1036 2757 1183 2829 compellit
1197 2757 1232 2813 ad
1250 2761 1408 2828 peccatum,
1423 2755 1463 2810 ite
1476 2759 1504 2811 et
1519 2755 1630 2810 occulta
1640 2754 1886 2824 secretorumejns

134 2840 236 2897 beatus
250 2841 376 2896 isidorus
392 2840 544 2896 manifesta
560 2841 627 2896 satis
647 2840 843 2910 catholicaque
869 2839 981 2895 ratione
1037 2845 1195 2917 (inquibus
1211 2859 1389 2916 quaecunque
1407 2843 1533 2899 tacturus
1560 2843 1674 2915 estjam
1700 2841 1886 2914 predestina-

135 2930 327 2986 commendat.
344 2930 433 2985 Nemo
458 2933 554 2984 tamen
570 2928 646 2984 dicat
663 2928 770 2984 idcirco
795 2928 933 2999 reprobos
946 2922 1015 2983 adC
1035 2933 1086 3005 rit)
1108 2933 1254 2988 neminem
1277 2932 1482 2996 condemnant,
1511 2931 1657 2987 neminem
1682 2937 1883 2988 remunerant.

136 3022 283 3088 peecatum
296 3019 523 3090 predestinatos,
541 3017 609 3090 quia
631 3016 829 3088 predestinati
852 3021 919 3072 sunt
947 3015 982 3071 ad
1034 3021 1089 3079 Sed
1104 3021 1303 3093 nnrrsquisque
1318 3021 1437 3093 proprio
1454 3026 1528 3089 actu,
1544 3021 1588 3075 rel
1603 3024 1814 3089 remuneratur,
1839 3022 1883 3075 rel

134 3121 242 3176 poenas.
260 3105 297 3160 Et
312 3121 437 3177 namque
452 3121 516 3177 (1¹1ae
530 3103 719 3176 seclum—‘ried
736 3105 809 3159 Deus
832 3103 981 3174 proedesti·
1036 3111 1255 3167 condemnatur.
1277 3112 1308 3166 Et
1323 3111 1398 3176 ,licet
1412 3111 1473 3165 hec
1496 3110 1658 3182 supradicta
1680 3109 1747 3165 satis
1761 3109 1885 3164 doceant

134 3193 222 3264 navit,
242 3209 301 3249 non
318 3192 369 3248 illa
381 3209 446 3265 ane
462 3191 626 3263 puniturus.
646 3194 782 3247 Facturus
806 3191 923 3263 quidem
940 3195 983 3246 est
1035 3186 1186 3255 doctorum
1200 3198 1373 3266 testimonia,
1390 3199 1503 3255 nultum
1517 3198 1553 3253 ad
1572 3202 1722 3270 peccatum
1733 3196 1884 3269 praedesfi.

129 3282 282 3353 judicium,
313 3282 411 3338 electis
439 3281 538 3349 ritum,
567 3281 697 3353 reprobis
724 3296 792 3336 uero
814 3297 915 3351 prenas
938 3285 982 3336 est
1035 3292 1146 3356 natum,
1163 3303 1228 3343 cum
1244 3293 1341 3343 tamen
1353 3292 1463 3343 constet
1477 3286 1616 3358 reprobos
1631 3287 1665 3342 ad
1676 3302 1791 3357 prenam
1806 3302 1883 3357 prse-

132 3370 306 3427 redditurus.
324 3372 381 3425 llac
396 3369 639 3441 quemadmodum
653 3369 789 3441 inoperis
804 3368 981 3424 exhibitione
1036 3377 1203 3445 destinatos,
1217 3377 1386 3433 conabimur
1405 3381 1500 3432 tamen
1517 3376 1546 3431 id
1572 3375 1752 3431 manifestius
1774 3390 1883 3446 appro.

133 3459 353 3526 laciendasunt,
379 3458 488 3528 sicjttm
507 3457 537 3511 in
567 3462 674 3512 aeiertltt
698 3456 885 3529 dispositione
908 3457 982 3512 facia
1036 3465 1121 3534 har03
1136 3465 1268 3537 quamvis
1284 3465 1473 3536 suprapositi
1488 3464 1617 3519 doctores
1636 3463 1703 3519 satis
1729 3464 1884 3518 manifeste

133 3554 200 3602 ⁸⁰⁰¹
216 3563 223 3602 ²
240 3561 376 3617 q¹¹⁰¹¹¹³m
392 3545 470 3617 apud
493 3546 594 3614 ⁰⁰⁰¹1¹2
614 3560 668 3600 ¹¹²⁶
686 3561 792 3601 ¹¹0V1¹¹1¹
817 3545 979 3615 ⁰⁰¹¹Silil¹ffl2
1035 3554 1063 3611 id
1079 3555 1209 3620 doceant,
1229 3553 1279 3626 qni
1294 3555 1393 3609 dicunt
1408 3555 1499 3609 Deum
1515 3553 1548 3608 ad
1571 3558 1719 3625 peceatum
1736 3551 1885 3608 neminem

132 3650 185 3689 nec
199 3650 274 3689 nora
302 3633 464 3704 dispositio,
480 3649 531 3688 nec
547 3633 629 3705 nora]
641 3633 715 3689 ratio
732 3639 828 3706 potset
842 3650 913 3692 esse.
931 3637 981 3692 Ni·
1035 3642 1263 3715 praedestinasse.
1285 3642 1524 3713 Quandoquidem
1550 3641 1599 3696 illa
1622 3639 1882 3713 predestinarcrit,

132 3723 174 3779 llil
203 3723 280 3779 enim
306 3723 437 3779 accidens
463 3724 520 3778 Deo
545 3729 604 3780 ast:
620 3729 649 3779 at
676 3741 743 3780 vero
772 3725 880 3797 peccati
906 3726 981 3784 sicut
1034 3748 1099 3806 quae
1110 3732 1147 3786 sit
1160 3731 1221 3803 ipse
1236 3730 1373 3799 facturus,
1390 3730 1421 3786 id
1432 3735 1475 3785 est
1492 3747 1580 3802 opere
1594 3747 1645 3786 suo
1664 3730 1694 3784 in
1716 3728 1885 3787 aeternitatis

134 3815 208 3870 lteus
222 3818 321 3869 auctor
336 3829 395 3869 non
409 3819 462 3881 est,
482 3815 522 3870 sic
535 3830 650 3887 quoque
670 3831 723 3870 nec
737 3815 957 3886 praedestinator
971 3833 978 3874 :
1034 3820 1153 3876 consilio
1162 3819 1346 3892 disposuerit,
1361 3819 1395 3874 de
1409 3835 1467 3891 qno
1477 3819 1621 3887 scribitur,
1633 3819 1709 3891 quod
1721 3841 1735 3870 o
1746 3817 1885 3873 teceritea

133 3919 192 3958 uon
224 3903 302 3959 enim
328 3904 406 3974 quod
430 3904 540 3959 melum
572 3908 618 3959 cst
645 3904 680 3960 ab
709 3904 759 3960 illo
778 3909 873 3975 potest
899 3905 977 3974 oriri,
1034 3908 1492 3981 qnaetacturusastttso.xur,tt
1511 3922 1563 3963 seo.
1584 3907 1884 3978 bll),ridestqure

133 3993 183 4065 qui
211 4008 358 4048 summum
390 3993 500 4047 bonnm
544 3992 648 4048 existit.
692 3995 840 4050 Peccatum
882 3999 978 4050 antem
1033 3996 1885 4071 perinterrallatemporumaDeotaciendasunt,inprae·

134 4082 241 4138 malum
274 4097 335 4137 esse
374 4081 439 4152 quis
469 4081 598 4151 ignorati
643 4083 706 4137 Non
749 4082 839 4154 igitur
871 4099 889 4138 a
921 4084 979 4138 Deo
1035 4084 1234 4142 destinationis
1250 4085 1370 4140 consilio
1387 4084 1443 4156 jam
1459 4085 1531 4140 tacte
1542 4088 1616 4139 sunt.
1632 4087 1669 4139 at
1681 4100 1747 4138 vero
1767 4087 1885 4154 peccata

133 4171 184 4242 qui
199 4185 312 4226 summe
339 4169 432 4225 bonus
458 4174 500 4224 est
524 4169 685 4225 descendit.
719 4171 798 4227 Unde
813 4172 890 4243 quod
918 4188 1014 4260 nonD
1034 4176 1102 4248 quia
1116 4179 1253 4230 nonsunt
1266 4189 1282 4227 a
1297 4175 1354 4228 lieo
1369 4173 1397 4228 id
1413 4180 1455 4228 est
1470 4190 1526 4227 non
1536 4177 1604 4227 sunt
1617 4172 1757 4243 opusDei,
1769 4172 1818 4227 sed
1840 4188 1884 4226 ra-

134 4259 259 4329 pertinet
287 4258 322 4312 ad
355 4258 416 4327 ejus
452 4258 659 4328 operationem,
696 4275 754 4314 non
795 4259 910 4332 respicit
943 4260 979 4315 ad
1036 4262 1406 4328 tionaliscreaturoealteo,
1418 4261 1614 4333 apostatantis,
1626 4278 1684 4317 non
1698 4260 1885 4332 suntinprre·

90 4393 99 4399 .
133 4348 211 4402 itlius
230 4347 525 4417 praedestinationem.
556 4349 646 4403 llorno
673 4352 767 4403 autem
798 4348 891 4403 bonus
916 4364 980 4403 ma·
1036 4351 1225 4407 destinatione
1239 4351 1299 4406 llei.
1318 4351 1474 4406 Damnator
1486 4356 1529 4406 cst
1544 4351 1621 4405 enim
1637 4365 1747 4418 eorum,
1761 4365 1883 4405 nonau-

135 4438 213 4492 luere
250 4437 297 4502 sit,
331 4435 420 4490 divini
452 4441 494 4490 est
527 4436 644 4508 operis:
674 4453 732 4492 non
765 4436 882 4509 quidem
903 4436 980 4508 quod
1035 4446 1245 4511 ctor;quorum
1257 4443 1463 4494 autemauctor
1474 4443 1591 4502 nonest,
1603 4437 1886 4508 necprredastinator

136 4526 227 4580 malus
261 4530 312 4592 est,
345 4523 453 4579 bonurn
487 4525 565 4579 enim
598 4526 678 4581 illum
714 4526 787 4580 lleus
820 4525 897 4592 lecit,
931 4526 981 4581 sed
1035 4534 1086 4584 est.
1104 4531 1190 4584 Porro
1205 4528 1341 4601 quoniam
1357 4527 1462 4581 clectos
1477 4543 1542 4581 suos
1555 4527 1777 4582 immortalitatis
1791 4526 1886 4597 gloria

134 4616 211 4686 quod
235 4613 328 4669 omnis
358 4618 489 4668 creatura
521 4630 593 4685 opus
627 4618 670 4669 est
701 4615 761 4669 [tei.
800 4614 982 4686 Quapropter
1035 4621 1077 4673 est
1090 4622 1303 4683 muneraturus,
1320 4619 1347 4671 et
1363 4615 1499 4687 reprobos
1510 4621 1713 4686 eternapoena
1728 4613 1885 4686 puniturus

133 4704 226 4759 bonus
237 4703 282 4772 sit,
304 4705 396 4758 malus
410 4702 446 4756 sit
459 4703 557 4769 horno,
567 4702 731 4774 disponitur
745 4720 761 4757 a
773 4704 841 4757 lieo.
855 4704 887 4757 Et
910 4701 979 4773 quid
1035 4701 1328 4774 baecpraedosunavit,
1346 4701 1432 4756 idest
1450 4701 1569 4771 prumia
1580 4717 1644 4772 ques
1667 4701 1826 4755 donaturus
1841 4705 1887 4755 est

133 4795 170 4851 de
184 4795 305 4867 singulis
315 4795 358 4848 vel
373 4794 402 4849 in
420 4793 553 4866 praesenti
568 4793 636 4862 rita,
652 4793 696 4848 rel
710 4792 741 4847 in
757 4792 854 4847 tuturo
870 4792 979 4863 judicio
1033 4791 1146 4857 sanctis,
1164 4797 1192 4846 et
1207 4789 1427 4862 suppliciaque
1447 4805 1499 4860 pro
1522 4789 1616 4860 pravis
1631 4789 1766 4860 operibus
1782 4787 1886 4844 reddi-

132 4884 192 4953 sset,
209 4899 269 4939 sure
280 4880 544 4954 predestinationis
565 4880 686 4936 consilio
711 4879 862 4935 delinitum
888 4885 977 4935 tenet.
1033 4885 1116 4934 turus
1127 4882 1169 4934 est
1180 4878 1286 4949 impiis.
1303 4877 1330 4932 Si
1344 4877 1460 4949 quidam
1473 4893 1576 4948 prunae,
1590 4892 1661 4949 quas
1672 4877 1795 4932 subituri
1817 4883 1887 4931 sunt

133 4971 351 5028 Prredestinarit
365 4971 453 5041 igitur
471 4972 546 5026 Deus
561 4969 708 5025 hominem
734 4969 769 5023 ad
791 4968 873 5035 illud,
903 4968 979 5040 quod
1034 4967 1159 5040 reprobi,
1176 4965 1306 5038 quamvis
1320 4965 1378 5020 illis
1388 4966 1541 5021 rideantur
1557 4966 1651 5033 malae,
1669 4965 1720 5037 qni
1741 4971 1884 5037 torquen-

132 5062 318 5117 tacturnsest
348 5059 446 5128 deco,
475 5076 534 5115 non
557 5058 593 5113 ad
608 5058 691 5125 illud,
720 5056 797 5129 quod
823 5057 978 5128 puniturus
1032 5053 1580 5125 tur;bonetamensuutquiajustre,
1603 5058 1730 5108 etomne
1754 5051 1888 5124 quodju-

134 5149 227 5205 tucrat
240 5151 271 5205 in
286 5166 329 5204 eo.
346 5148 529 5203 AEstimamns
544 5146 620 5218 quod
642 5162 699 5201 non
724 5146 823 5218 paucis
849 5146 980 5202 ccclesia·
1033 5149 1110 5200 stum
1126 5149 1169 5199 est
1183 5144 1291 5198 bonnm
1307 5146 1359 5197 est.

133 5239 268 5293 sticarum
283 5238 434 5293 doctorum
447 5235 598 5291 sententiis
623 5239 812 5290 monstratum
836 5235 873 5290 sit
889 5235 980 5291 malos
1069 5228 1885 5301 llincbeatusAugustinusinlibroilerraclationum(cop.

134 5325 169 5381 ed
183 5341 297 5396 poenam
314 5326 544 5397 predestinatos,
568 5327 739 5379 nontamen
758 5324 793 5378 ad
819 5329 977 5395 peccatum,
1033 5322 1083 5391 ill:
1101 5319 1261 5394 [llalorum,
1276 5318 1381 5390 inquit,
1397 5333 1493 5388 prena,
1509 5334 1573 5390 que
1589 5335 1605 5373 a
1621 5320 1678 5374 [teo
1701 5324 1752 5387 est,
1777 5318 1888 5374 malum

134 5413 282 5487 Siquidem
296 5431 328 5469 ex
344 5431 378 5469 eo
393 5413 470 5485 quod
488 5411 630 5483 prrescirit
651 5413 725 5468 Deus
749 5429 796 5469 eos
818 5417 979 5484 peccatores
1033 5415 1075 5464 est
1090 5409 1205 5480 quidem
1239 5407 1330 5472 malis,
1349 5405 1398 5460 sed
1433 5405 1564 5462 inbonis
1584 5407 1635 5462 Dei
1658 5408 1796 5478 operibus
1828 5414 1887 5473 est;

135 5504 284 5559 loturoset
298 5503 329 5558 iu
343 5501 538 5573 suispeccatis
559 5506 799 5573 perseveraturos,
829 5501 976 5572 praedesti·
1033 5498 1170 5569 quoniam
1183 5496 1293 5567 justum
1308 5499 1361 5563 est,
1387 5499 1420 5550 ut
1447 5495 1513 5549 mali
1539 5495 1708 5566 puniantur,
1731 5501 1760 5551 et
1786 5496 1889 5569 utique
