3930 6098
71 109 142 164 1025
260 100 265 113 ’
695 110 798 167 tinnit
817 112 863 169 uu
883 113 1009 171 TRIBUS
1030 114 1215 173 urlsrotls.
1750 126 1818 182 idib

69 251 133 303 erat
148 253 213 302 enta
236 250 385 318 peccatum
399 245 500 313 libera,
520 245 583 317 ipsa
601 246 674 302 lacta
689 252 731 302 θεῖ
754 265 807 319 per
820 265 920 320 pecca·
938 256 962 307 A
1285 253 1397 310 CAPUT
1415 256 1506 312 XXIII.
1607 266 1612 272 ·

67 340 132 390 tum
159 334 289 390 servituti
320 335 456 404 obnoxia,
491 334 554 406 ipsa
580 333 612 390 Iit
638 352 691 407 per
717 336 922 407 justificantem
976 340 1342 410 lleuoeuturquidcmrcctu
1361 346 1495 413 uoluntas,
1520 348 1613 413 pratia
1632 351 1722 404 tantm
1741 350 1823 407 ctri-

69 424 194 494 gratiam
208 424 338 492 liberata,
355 428 384 478 θῖ
398 428 552 478 renovatur
564 424 600 478 de
613 425 659 479 die
674 425 704 479 lu
715 425 802 494 diem,
819 442 923 497 usque-
1233 417 1269 467 ⁸²⁸⁴
1283 429 1389 484 semper
1407 419 1571 473 “willam-

67 513 138 566 dum
156 512 192 567 ad
207 512 363 582 perfactam
380 511 541 567 libertatern
555 512 621 567 ritae
640 517 756 567 aeterna
771 529 824 584 per
846 530 922 568 eam·
1014 517 1124 572 Fideles
1147 521 1242 573 autem
1268 519 1370 573 Christi
1396 522 1536 594 sanguiue
1552 524 1704 595 redempti,
1732 530 1760 580 et
1772 541 1826 597 per

67 601 134 655 dem
151 601 274 672 gratiam
289 600 472 671 perducatur.
500 601 541 655 Ita
565 601 691 656 liberum
713 601 863 656 arbitrium
886 604 922 658 ad
977 605 1120 661 lavacrum
1150 607 1377 678 regenerationis
1402 614 1431 664 θῖ
1463 613 1655 667 renovationis
1682 614 1823 682 mundati,

66 705 169 744 rerum
193 689 313 755 honum,
335 693 363 743 θῖ
388 705 440 760 per
463 690 554 744 Adam
584 689 749 762 agnoscitur
774 691 922 748 verissime
976 695 1135 751 instaurata
1148 697 1180 750 in
1194 712 1234 764 se,
1251 701 1279 752 et
1290 697 1418 769 quotidie
1434 699 1620 756 instauranda
1649 702 1763 758 arbitrIi
1788 701 1824 758 li·

65 777 224 848 perditum,
250 781 279 832 θῖ
303 792 356 849 per
376 777 522 832 Christum
546 778 693 833 verissime
717 783 918 836 restauratum.
976 785 1097 854 bertate,
1123 786 1223 841 eadem
1239 787 1331 857 gratia
1357 787 1418 858 (per
1440 804 1527 859 quam
1549 789 1639 845 semel
1667 790 1825 846 illuminati
1910 785 1914 789 ’

65 866 121 931 Qui
135 881 197 921 nou
212 866 329 920 abstulit
343 865 455 920 homiui
480 866 605 921 liberum
625 867 785 938 arbitrium,
800 867 868 939 Ised,
889 875 921 925 ut
975 874 1054 945 sunt)
1083 890 1198 946 semper
1222 880 1405 946 cooperante,
1430 882 1459 931 et
1484 878 1640 933 auxiliante
1666 884 1825 952 operantur

66 955 179 1011 dictum
208 959 261 1024 θεῖ,
291 953 438 1009 infirmam
470 971 583 1024 sanans,
620 955 765 1027 perditum
800 958 920 1027 iurauit,
975 978 1062 1034 opera
1073 963 1158 1032 boue,
1175 979 1235 1018 uou
1244 979 1277 1018 ex
1292 963 1402 1035 seipsis,
1416 980 1510 1035 neque
1521 981 1555 1019 ex
1566 965 1673 1022 viribus
1683 967 1822 1039 propriis,

68 1048 217 1100 momuum
244 1043 400 1111 suscitavit,
427 1044 556 1099 servituti
579 1045 724 1100 addictum
752 1045 920 1104 redimendo
974 1053 1023 1107 sed
1039 1067 1072 1106 er
1087 1052 1150 1117 illo,
1164 1051 1244 1123 cujus
1260 1052 1362 1123 spiritu
1377 1059 1512 1124 aguntur.
1531 1053 1602 1118 Quia
1618 1060 1648 1109 ut
1669 1056 1824 1126 Apostolus

66 1132 211 1188 liberarit.
974 1139 1065 1194 dicit:
1084 1161 1098 1190 «
1114 1139 1282 1212 Quicunque
1298 1141 1406 1211 Spiritu
1423 1143 1472 1196 Dai
1487 1150 1622 1211 aguntur,
1640 1143 1670 1197 hi
1685 1141 1737 1197 filli
1757 1147 1824 1198 suut

102 1220 174 1276 Ideo
187 1220 218 1275 iu
239 1219 404 1275 infidelibus
420 1220 547 1292 idipsum
565 1221 689 1277 liberum
702 1223 863 1292 arbitrium,
879 1225 920 1280 ita
975 1228 1130 1300 Dei(1iom.
1147 1245 1205 1296 iun,
1224 1229 1276 1299 11).
1301 1247 1314 1281 s
1341 1229 1394 1294 Qui
1410 1230 1507 1296 etiam,
1535 1236 1569 1285 ut
1589 1231 1821 1286 manifestIssime

67 1310 594 1382 perAdamdamnatumetperditum,
605 1311 636 1365 in
648 1313 783 1384 operibus
798 1315 919 1369 mortuis
973 1318 1144 1371 ostenderet.
1160 1322 1190 1371 et
1204 1317 1429 1383 commendaret,
1454 1322 1482 1372 et
1499 1319 1598 1373 fideles
1617 1320 1730 1390 operari
1752 1334 1824 1388 opus

65 1397 194 1453 liberum
216 1413 276 1452 esse
301 1402 406 1469 potest,
426 1398 456 1452 iu
478 1397 548 1452 vivis
565 1413 623 1454 uon
637 1405 746 1471 potest3
763 1402 838 1455 unde
853 1406 918 1455 aute
972 1404 1092 1472 bonum,
1109 1405 1348 1477 etuthocipsum
1360 1406 1473 1476 operari
1484 1407 1605 1477 possim,
1617 1407 1708 1462 Deum
1724 1407 1754 1462 iu
1765 1407 1824 1463 illis

67 1485 167 1541 omnia
183 1486 344 1540 necessaria
358 1491 401 1540 θεῖ
425 1486 537 1541 homiui
549 1487 627 1541 omui
646 1488 795 1559 sauguinis
813 1490 918 1546 Christi
975 1495 1099 1564 operari,
1115 1493 1240 1549 breviter
1253 1498 1408 1565 utrumque
1423 1494 1577 1549 declaravit
1601 1495 1698 1550 dicens
1715 1495 1823 1551 eisdem

66 1573 241 1646 redemptio,
256 1589 308 1644 per
322 1589 409 1645 quam
422 1574 630 1628 etemuudetur
640 1575 675 1629 ab
691 1576 825 1647 operibus
843 1593 917 1631 ruor-
938 1549 1121 1637 Bfidelibus:
1137 1605 1147 1632 ‹
1164 1583 1235 1637 Cum
1249 1582 1355 1637 timore
1371 1590 1399 1638 et
1413 1587 1540 1637 tremore
1556 1590 1679 1637 vestram
1698 1584 1821 1638 salutem

66 1663 138 1729 tuis,
156 1662 602 1718 etriviliceturadserviendum
619 1664 810 1719 beaviventi.
836 1664 918 1730 Quod
973 1671 1152 1742 operamini:
1169 1672 1244 1726 Deus
1273 1676 1316 1725 est
1341 1670 1419 1725 enlm
1448 1671 1498 1742 qui
1524 1673 1703 1743 operaturin
1729 1672 1820 1739 vobis,

67 1752 276 1807 commendans
287 1751 440 1822 Apostolus
450 1751 519 1805 dicit
533 1767 539 1805 :
554 1773 565 1801 ι
579 1751 690 1815 Quanto
701 1753 792 1824 magis
803 1754 919 1824 sangnis
973 1765 1001 1814 et
1015 1760 1099 1828 velle,
1124 1765 1153 1814 st
1172 1761 1311 1830 perficere
1337 1775 1389 1830 pro
1414 1761 1489 1815 bona
1504 1760 1649 1814 voluntate
1671 1761 1755 1830 (Phil.
1780 1776 1820 1827 ru,

68 1839 176 1896 Christi
192 1840 242 1911 qui
255 1839 799 1911 perSpiriIumsanctumsemeIIpsum
815 1841 919 1897 obtulit
975 1849 1092 1917 12,13).
1117 1866 1131 1900 u
1152 1848 1231 1912 Quod
1257 1848 1356 1902 beatus
1380 1849 1433 1903 Leo
1457 1849 1497 1902 ita
1522 1849 1641 1918 exponit
1665 1847 1724 1918 (ser.
1748 1851 1774 1917 8,
1791 1851 1822 1904 iu

65 1929 285 1984 immaculatum
300 1929 367 1996 llco,
384 1927 548 1984 emundavit
563 1929 769 1984 conscientiam
790 1935 917 1984 nostram
972 1937 1099 2007 EpIpt.)
1113 1954 1119 1992 :
1132 1935 1259 2010 [Dicente
1270 1938 1347 1991 enlm
1359 1937 1506 2008 discipulis
1518 1937 1719 2013 suisllomiuo,
1733 1958 1747 1987 «
1759 1937 1820 1991 sine

65 2018 254 2090 aboperibus
269 2019 390 2073 mortuis
405 2018 440 2073 ad
450 2018 633 2073 serviendum
650 2019 706 2073 Deo
721 2019 828 2074 viventi
841 2020 915 2090 (Hah.
973 2041 1019 2079 me
1040 2025 1112 2080 nihil
1142 2026 1259 2096 potestis
1282 2025 1385 2093 iacere,
1413 2047 1427 2074 »
1449 2025 1570 2080 dubium
1591 2030 1708 2080 nonest
1729 2024 1819 2080 homi·

64 2123 105 2176 11,
124 2107 204 2178 14)..
228 2108 299 2162 Vere
314 2107 392 2160 enlm
407 2112 521 2162 mortua
537 2112 603 2162 suut
626 2107 725 2162 omnia
737 2124 825 2179 opera
848 2108 918 2163 iufi·
972 2128 1040 2168 nem
1063 2114 1141 2168 bona
1155 2119 1287 2184 agentem
1305 2130 1337 2167 ex
1353 2115 1410 2168 Deo
1429 2114 1546 2180 habere,
1563 2119 1591 2168 et
1605 2113 1738 2168 ellectum
1751 2113 1822 2169 boui

65 2195 188 2262 delium,
202 2210 261 2250 uon
276 2196 370 2250 solum
384 2196 501 2267 quando
525 2201 622 2267 aperte
649 2196 726 2250 vitiis
750 2202 778 2250 θῖ
796 2197 918 2267 peccatis
973 2201 1078 2274 operis,
1095 2208 1124 2257 et
1142 2202 1258 2257 initium
1273 2203 1439 2257 voluntatis.
1457 2203 1537 2257 Unde
1551 2207 1579 2256 et
1604 2202 1758 2272 Apostolus
1772 2218 1820 2259 co·

64 2283 206 2352 serviunt,
223 2284 272 2338 sed
288 2285 373 2340 etiam
386 2285 500 2356 quaudo
513 2284 722 2338 naturalibouo
735 2285 917 2356 inquantum
972 2289 1162 2361 planissimus,
1184 2294 1212 2343 et
1225 2289 1353 2343 fidelium
1366 2291 1543 2355 cohortator,
1564 2306 1628 2344 cum
1644 2291 1759 2357 timore,
1775 2289 1819 2346 in·
1929 2348 1931 2353 ,

65 2371 252 2445 omnipotens
279 2373 398 2428 Creator
422 2373 533 2439 tribuit,
561 2372 701 2443 instigati,
724 2375 768 2428 vel
793 2374 918 2429 naturali
972 2369 1087 2440 quibet
1113 2373 1238 2423 tremore
1254 2373 1377 2423 vestram
1400 2369 1521 2424 salutem
1550 2370 1726 2440 operamIni:
1745 2371 1819 2425 Daue

63 2460 132 2532 lege
148 2461 359 2529 commmouiti,
383 2477 448 2532 quae
472 2461 600 2533 quotidie
625 2461 654 2515 iu
669 2462 801 2516 cordibus
818 2479 916 2517 eorum
973 2462 1016 2511 θεῖ
1036 2457 1115 2512 enim
1131 2457 1181 2528 qui
1206 2471 1341 2528 operatur
1354 2457 1383 2511 iu
1406 2458 1487 2512 vobis
1509 2461 1537 2511 et
1553 2459 1635 2525 velle,
1657 2462 1685 2512 et
1704 2456 1819 2528 operari

65 2550 172 2604 clamat
184 2567 219 2605 :u
245 2550 327 2614 Quod
341 2549 394 2605 tibi
408 2565 467 2604 nou
482 2551 533 2617 vis,
553 2550 600 2604 alii
617 2566 653 2604 ne
675 2549 797 2606 leceris:
817 2552 847 2606 Et
859 2568 918 2606 om·
971 2562 1024 2617 pro
1039 2545 1116 2600 bona
1130 2546 1285 2599 voluntate.
1309 2546 1361 2600 Et:
1380 2547 1445 2601 llaec
1464 2546 1568 2600 sanctis
1592 2561 1676 2600 causa
1697 2552 1740 2601 θεῖ
1762 2550 1820 2600 tra·

65 2639 116 2693 nia
132 2654 312 2709 quacunque
327 2638 422 2705 vultis,
446 2642 477 2691 ut
491 2638 597 2693 faciant
619 2638 699 2692 vobis
723 2639 865 2708 homines,
889 2646 918 2696 et
972 2635 1080 2702 mendi,
1105 2639 1189 2705 atque
1216 2634 1373 2702 metuendi,
1395 2650 1430 2688 ue
1454 2635 1525 2705 ipsis
1547 2636 1682 2705 operIbus
1705 2634 1821 2706 pietatis
1893 2662 1902 2683 ο

65 2742 118 2781 ros
133 2727 232 2781 eadem
252 2725 336 2780 facita
356 2726 413 2781 illis
430 2725 507 2797 (I'ob.
534 2744 581 2793 1v3
597 2728 699 2783 llottb.
720 2729 787 2799 v11);
801 2749 815 2778 u
836 2745 916 2800 qrroe·
972 2724 1040 2778 elati
1054 2724 1224 2778 deserantur
1244 2739 1298 2795 opo
1323 2723 1433 2793 gratia,
1459 2729 1488 2777 et
1502 2727 1669 2777 remaneant
1691 2722 1721 2776 iu
1740 2722 1820 2777 iullr-

66 2814 136 2869 dam
155 2813 233 2869 bona
248 2830 335 2885 opera
358 2820 387 2869 et
410 2815 486 2869 velut
500 2815 640 2886 quasdam
661 2815 781 2870 virtutes
798 2817 914 2885 habere,
938 2809 1271 2901 cmitateuaturae.]lta
1290 2827 1416 2882 nemque
1425 2816 1562 2881 operante
1576 2811 1605 2865 tu
1616 2812 1674 2865 suis
1686 2810 1820 2865 fidelibus

66 2907 155 2975 atque
171 2918 302 2958 exercere
326 2903 478 2958 videntur:
504 2903 572 2974 quia
586 2902 672 2957 fldem
697 2903 748 2957 Ilei
763 2909 791 2957 et
814 2904 918 2959 Christi
973 2903 1031 2955 lieo
1046 2899 1184 2971 impletur
1197 2899 1269 2954 illud
1285 2900 1360 2970 quod
1375 2899 1513 2953 [lominus
1526 2899 1586 2953 ait:
1604 2899 1658 2964 Qui
1671 2905 1767 2954 autem
1780 2899 1821 2954 ia·

66 2991 131 3062 ejus
144 2992 188 3046 vel
204 2991 381 3061 ignorantes,
395 2991 438 3045 vel
454 2991 520 3046 odi0
540 2991 678 3046 habentes
693 2992 841 3047 autetiam
856 3007 919 3063 pcr—
973 2990 1011 3044 cit
1025 2989 1185 3054 veritatem,
1204 2988 1282 3043 veuit
1297 2988 1333 3043 ad
1348 2987 1452 3053 lucem,
1467 2993 1499 3041 ut
1522 2986 1743 3041 manifestentur
1757 2987 1820 3058 ejus

66 3085 234 3153 sequentes,
251 3081 329 3151 quod
343 3096 377 3135 ex
392 3079 442 3134 illa
459 3078 514 3134 lide
539 3096 598 3134 non
612 3087 778 3152 operantur,
799 3082 919 3137 omuino
974 3094 1072 3148 opera,
1094 3076 1163 3147 quia
1178 3076 1208 3130 iu
1232 3077 1291 3131 Deo
1318 3081 1386 3130 snut
1403 3075 1476 3130 sacta
1492 3075 1581 3146 (loun.
1599 3092 1639 3142 in,
1664 3076 1728 3144 ut);
1744 3080 1773 3131 ct
1787 3091 1820 3130 ex

67 3183 122 3223 uec
136 3168 245 3223 bonurn
271 3184 354 3240 opus,
370 3184 423 3223 uec
444 3185 511 3222 vera
533 3168 624 3223 vlrtus
648 3185 708 3224 esse
731 3174 835 3243 potest,
854 3187 919 3242 quae
973 3165 1271 3239 personaeorumdem
1284 3163 1818 3235 tidaliurueiperprophetamdicitur:

67 3272 129 3312 non
145 3257 274 3328 procedit
287 3272 323 3311 ex
346 3257 442 3312 radice
466 3257 594 3312 veritatis
615 3263 644 3313 at
667 3259 812 3316 bonitatis.
845 3261 919 3314 Ilnru
975 3254 1106 3321 Domine,
1132 3252 1212 3309 dabis
1225 3269 1325 3324 pacem
1341 3253 1436 3307 uobis:
1462 3252 1559 3307 omnia
1572 3253 1650 3307 enlm
1664 3268 1817 3324 operauo·

68 3346 150 3401 euim
170 3344 219 3399 illa
235 3344 373 3416 ipsaque
388 3344 545 3401 secundum
561 3345 694 3401 homiues
708 3346 845 3401 videntur
858 3362 919 3402 essa
974 3350 1032 3399 stra
1046 3348 1181 3413 operatus
1196 3359 1227 3397 es
1242 3342 1271 3396 iu
1289 3341 1383 3397 nobis.

66 3435 146 3490 bona
162 3449 260 3504 opera,
277 3449 458 3505 nequaquam
473 3449 540 3488 vcra
556 3433 613 3489 lide
627 3435 662 3489 ad
677 3435 833 3491 Dominum
848 3436 919 3491 refe·
1010 3433 1075 3488 Hac
1086 3432 1127 3487 ita
1150 3447 1211 3487 asse
1238 3431 1397 3495 sentienda,
1421 3436 1507 3502 atque
1530 3429 1655 3485 tenenda
1674 3431 1710 3487 de
1734 3429 1820 3488 liberi

67 3525 184 3590 rantur,
200 3537 287 3594 quem
302 3522 513 3593 ignorantnec
527 3526 644 3593 propter
663 3539 729 3578 eum
745 3529 846 3594 agunt,
871 3525 921 3579 sad
974 3520 1085 3576 arbitrii
1101 3520 1320 3585 instauratione,
1345 3524 1374 3573 et
1398 3518 1433 3573 de
1457 3534 1575 3574 munera
1600 3525 1686 3591 atque
1714 3519 1821 3576 auxilio

69 3614 119 3666 aut
133 3616 250 3682 propter
264 3611 421 3682 quamdam
440 3611 631 3678 honestatam,
653 3627 711 3682 qua
732 3611 808 3665 iuter
822 3611 919 3666 homi·
974 3610 1077 3664 diviua
1092 3609 1190 3680 gratiae
1203 3609 1243 3663 ita
1257 3608 1356 3663 heatus
1370 3623 1446 3677 papo
1459 3609 1614 3664 Caelestinus
1627 3609 1753 3664 breviter
1768 3609 1821 3666 do·

67 3698 232 3770 uesnragni
246 3699 405 3767 videantur,
427 3700 471 3754 rel
488 3705 607 3771 propter
626 3698 811 3770 cupiditatem
828 3700 920 3755 alicu·
973 3703 1027 3765 cet,
1045 3702 1073 3752 et
1085 3698 1209 3752 iuculcat
1228 3697 1324 3751 dicens
1349 3698 1392 3764 (iu
1415 3698 1493 3766 epist.
1511 3696 1548 3749 ud
1567 3698 1661 3752 Galat.
1688 3714 1750 3768 cap.
1772 3698 1819 3768 8):

64 3787 114 3858 jus
130 3787 276 3842 commodi
286 3787 465 3858 temporalis,
477 3787 552 3858 ipsas
567 3787 715 3858 impietate
731 3786 919 3853 iulideIItatis,
975 3786 1047 3856 [Non
1062 3791 1105 3840 est
1118 3785 1238 3840 dubium
1250 3787 1286 3839 ah
1301 3785 1391 3856 ipsius
1409 3784 1500 3855 gratia
1512 3784 1611 3838 omnia
1626 3784 1751 3840 hominis
1763 3801 1821 3840 me·

67 3876 132 3946 ipsa
142 3874 440 3943 inflationeelatiouis,
450 3877 511 3946 ipsa
521 3876 706 3946 perversitate
722 3875 888 3947 cupiditatis
897 3891 918 3945 a,
973 3875 1028 3928 rIta
1043 3873 1206 3944 preveniri,
1224 3888 1375 3945 perquem
1393 3873 1434 3940 lit,
1452 3877 1482 3926 ut
1495 3872 1604 3944 aliquid
1622 3872 1691 3928 boui
1707 3880 1736 3929 et
1748 3873 1820 3928 velle

68 3964 109 4018 ita
137 3963 290 4019 immunda
317 3969 347 4018 et
373 3963 525 4035 inquinata
550 3967 616 4018 sunt
642 3964 749 4031 omnia,
786 3969 817 4019 ut
843 3966 921 4035 apud
974 3963 1156 4033 incipiamus,
1173 3967 1201 4016 et
1216 3962 1317 4017 facere.
1334 3961 1395 4026 Ouo
1411 3961 1511 4032 ntique
1527 3960 1633 4015 anxilio
1656 3965 1685 4016 et
1700 3976 1821 4017 munere

67 4054 161 4108 Deum
176 4067 235 4106 nau
247 4052 376 4122 virtutes,
401 4052 450 4107 scd
465 4051 532 4106 vitia
547 4051 732 4123 judicentur;
752 4052 827 4108 uude
844 4055 920 4123 Apo·
976 4053 1026 4108 Dei
1041 4068 1100 4107 nou
1115 4052 1376 4106 aulerturliberum
1389 4049 1551 4117 arbitrium,
1562 4050 1612 4105 sed
1622 4050 1775 4106 liberatur:
1788 4055 1822 4105 ut

67 4140 160 4195 stolus
185 4139 244 4195 ait:
270 4139 432 4212 inquinatis
447 4144 542 4195 autem
561 4144 587 4195 ct
602 4140 768 4194 infidelibus
784 4141 857 4195 nihil
877 4146 921 4195 est
940 4142 1169 4197 uuetenebroso
1183 4140 1320 4206 lucidum,
1335 4140 1468 4209 depravo
1483 4144 1603 4203 rectum,
1627 4139 1663 4194 de
1682 4138 1821 4210 languido

67 4227 230 4295 muudum
247 4229 296 4283 sed
316 4228 465 4300 inquinata
479 4233 546 4282 suut
560 4243 660 4282 eorum
676 4233 704 4282 et
715 4244 797 4282 meus
811 4232 841 4283 et
853 4244 920 4282 con·
975 4246 1086 4296 sanum,
1104 4231 1138 4285 de
1153 4230 1336 4301 imprudente
1352 4228 1388 4282 sit
1403 4228 1566 4299 providum.
1581 4229 1671 4282 Tanta
1685 4228 1762 4283 enim
1778 4233 1822 4283 est

66 4317 262 4387 scicntiall'it.
277 4333 296 4384 1,
311 4318 351 4383 15)
365 4333 371 4385 ;
386 4321 415 4372 θῖ
429 4317 534 4372 iterum
548 4333 555 4371 τ
568 4338 582 4367 «
603 4317 693 4373 Omne
713 4322 819 4385 sertem,
843 4318 920 4388 quod
975 4334 1043 4390 erga
1057 4334 1157 4372 omnes
1172 4318 1303 4372 homiues
1319 4317 1432 4372 bouitas
1443 4317 1504 4382 Dei,
1520 4321 1551 4370 ut
1566 4322 1663 4371 nostra
1677 4317 1745 4372 velit
1759 4332 1821 4373 esse

67 4421 125 4460 uon
149 4409 193 4460 cst
206 4421 239 4460 ex
255 4405 323 4473 fide,
345 4411 493 4478 peccatum
504 4412 545 4461 est
571 4405 659 4476 (Rom.
677 4423 733 4473 xrs,
758 4408 820 4476 23);
837 4424 851 4455 s
867 4410 916 4460 et:
973 4406 1084 4471 merita,
1102 4422 1166 4476 ques
1178 4411 1246 4461 suut
1260 4406 1350 4477 ipsius
1372 4405 1446 4459 dona
1459 4424 1467 4471 ;
1481 4410 1509 4459 θῖ
1522 4421 1575 4475 pro
1590 4404 1634 4459 his
1649 4421 1714 4477 quae
1729 4405 1820 4476 largi-

69 4516 79 4542 «
101 4494 170 4551 Sina
183 4493 239 4549 lide
252 4494 432 4566 impossibile
442 4501 485 4550 θεῖ
497 4496 609 4566 placere
622 4497 679 4550 Dan
691 4494 775 4565 (Hah.
790 4510 826 4562 rr,
848 4492 886 4564 6).
904 4515 915 4542 ι
972 4499 1019 4549 tus
1032 4499 1085 4562 est,
1107 4499 1215 4548 aeterna
1236 4493 1406 4564 premissis
1424 4493 1591 4549 donaturus.
1616 4493 1683 4565 Agit
1710 4493 1819 4565 qnippe

602 4623 702 4679 NOTAE
721 4621 886 4680 DUVALLII
905 4621 1077 4680 DOCTORIS
1097 4622 1290 4679 SORBONICI.

102 4731 115 4761 ·
135 4718 223 4773 Docet
241 4718 288 4773 hic
307 4718 432 4774 Ecclesia
458 4718 658 4790 Lugdunensis
687 4734 787 4774 omnes
811 4717 917 4773 iulide-
974 4718 1107 4774 nonnihil
1128 4719 1286 4789 discrepet:
1303 4734 1335 4772 cx
1351 4717 1457 4790 quibus
1472 4717 1567 4774 videre
1591 4722 1633 4774 est
1646 4716 1818 4774 sententiam

65 4788 140 4843 lium
155 4789 283 4844 actiones
301 4789 401 4858 melas,
419 4790 584 4844 Immundas
604 4796 633 4845 θῖ
656 4790 821 4862 inquinatas
840 4805 916 4856 esse;
975 4790 1173 4860 Lugdunensis
1197 4789 1326 4844 Ecclesiae
1352 4791 1405 4844 hac
1431 4789 1461 4843 iu
1509 4796 1569 4844 arte
1588 4805 1646 4844 uon
1676 4789 1819 4844 adversari

108 4859 146 4914 od
161 4858 308 4915 affirment
321 4860 455 4915 simiIIter
468 4861 581 4915 sectarii
595 4860 681 4931 hujus
695 4860 851 4931 temporis:
869 4861 918 4915 Lu·
972 4861 1050 4926 fidel,
1065 4861 1133 4915 licet
1156 4860 1343 4914 temerarium
1361 4861 1397 4914 sIt
1424 4861 1475 4915 illu
1523 4861 1682 4914 affirmare:
1707 4865 1818 4915 certum

100 4945 178 4997 crus,
208 4936 261 4985 art.
292 4933 337 4998 36,
362 4947 378 4985 a
402 4933 496 4986 Leone
523 4931 679 4996 damnato;
705 4931 916 4994 Melanchthon,
972 4932 1319 4986 enimestetcommuue
1342 4937 1404 4985 tum
1426 4931 1502 5002 apud
1527 4933 1633 4996 Patres,
1658 4937 1721 4985 tum
1742 4931 1819 5001 apud

67 5001 209 5071 Apologia
234 5001 419 5056 confessionis
444 5004 485 5055 Au
510 5007 633 5062 ustauee;
650 5003 786 5068 Bucerus,
811 5003 861 5057 lib.
883 5002 917 5056 de
973 5003 1164 5068 scholasticos,
1181 5018 1263 5073 posse
1276 5003 1311 5055 ab
1322 5002 1487 5057 infidelibus
1500 5001 1564 5055 lieri
1578 5001 1711 5071 quaedam
1730 5017 1819 5071 opera

67 5071 231 5126 Concordia
245 5076 386 5138 controv,
410 5077 439 5126 et
453 5018 524 5138 CaI,
548 5072 598 5127 lib.
624 5088 642 5126 11
657 5073 792 5138 institut,
807 5087 870 5143 cap.
891 5076 916 5127 3.
973 5073 1119 5128 moraliter
1135 5073 1220 5127 bona.
1246 5073 1333 5127 Exodi
1366 5074 1442 5126 enirn
1466 5089 1484 5139 r,
1508 5071 1664 5126 laudantur
1684 5071 1817 5126 obstetri-

67 5141 208 5196 Nounulli
232 5142 318 5198 etiam
342 5143 419 5197 inter
444 5143 625 5197 scholasticus
652 5143 729 5197 idem
750 5145 915 5208 tenuerunt,
975 5160 1022 5197 ces
1053 5143 1261 5214 AEgyptiorum,
1278 5143 1502 5215 quodparvulos
1525 5142 1713 5198 llebrccorum
1729 5142 1818 5198 adre-

67 5212 118 5266 sed
132 5227 193 5266 non
215 5228 281 5267 cum
302 5229 337 5268 ea
348 5229 406 5285 qua
421 5214 533 5269 sectarii
546 5213 770 5285 presumptione
785 5220 813 5269 et
827 5215 919 5268 anda-
974 5215 1018 5284 gis
1034 5217 1200 5269 mandatum
1220 5215 1349 5268 occidere
1370 5213 1526 5267 noluerint.
1543 5213 1553 5266 l
1574 5214 1643 5283 Reg.
1665 5228 1732 5280 xvir,
1749 5228 1818 5268 uar-

67 5283 126 5337 cia:
144 5283 227 5354 Greg.
253 5284 452 5352 ArImiueusis,
471 5285 502 5339 iu
524 5301 544 5339 u
558 5285 781 5352 Sententiarum,
802 5285 869 5339 dist.
890 5285 916 5351 1,
975 5290 1055 5339 ratur
1077 5290 1105 5340 θῖ
1129 5286 1348 5340 commendatur
1370 5284 1581 5338 commiseratio
1608 5283 1744 5339 Bercellai
1766 5285 1819 5340 Ca·

66 5358 173 5479 Im
190 5354 284 5421 unica,
306 5360 359 5410 art.
385 5357 411 5420 2,
440 5355 537 5410 coroll.
562 5360 588 5423 3,
612 5360 640 5409 et
663 5355 816 5427 Capreolus
835 5355 866 5409 iu
888 5370 918 5421 n,
975 5355 1085 5410 laeditis
1099 5372 1167 5427 erga
1182 5355 1316 5411 Davidem
1333 5355 1453 5426 ejusque
1476 5356 1641 5410 exercitum.
1666 5355 1741 5427 Lege
1760 5355 1817 5410 lla·

87 5423 133 5479 ist.
160 5423 206 5491 11,
231 5430 331 5496 quest.
362 5426 457 5496 unica,
481 5431 533 5480 art.
561 5425 668 5494 3,Iiact
688 5425 719 5480 iu
747 5425 920 5496 quibusdam
975 5426 1273 5498 lentini-Quaem.
1298 5427 1339 5494 td,
1356 5425 1682 5496 delufidclitutc,puuct.
1700 5430 1727 5480 2.
