3930 6098
630 307 739 364 nrlsr.
759 307 806 362 AB
826 306 1014 364 EPISCOPOS
1032 308 1140 364 neem
1159 305 1333 363 LUDOVlCl.

669 584 1001 660 RETRACTATIO
1045 583 1314 663 GUNTHARII

817 738 1025 797 rhemnon
1045 739 1152 796 uara.

140 1001 281 1058 Profiteor
308 1018 362 1074 ego
384 1002 558 1058 Guntharius
585 1018 682 1058 coram
712 1003 769 1059 lieo
793 1007 822 1058 et
848 1001 954 1058 sanctis
972 1002 1174 1076 aponrincem
1194 1003 1312 1076 aliquod
1327 1003 1492 1058 scandalum
1506 1003 1551 1057 rel
1574 1001 1731 1073 quidquam
1747 1003 1861 1058 adversi

102 1091 178 1163 ejus,
189 1091 281 1158 robis,
298 1091 421 1147 Domino
438 1107 503 1146 meo
519 1091 641 1148 Adriano
653 1108 766 1146 summo
779 1091 909 1162 pontifici
925 1096 953 1147 et
1008 1094 1211 1161 movererolo,
1237 1093 1285 1148 sed
1309 1093 1445 1147 devotum
1476 1107 1521 1146 me
1547 1091 1642 1147 eidem
1658 1096 1760 1145 sanctae
1775 1091 1859 1146 matri

103 1180 264 1236 uniuersali
284 1197 378 1252 papae,
397 1196 430 1235 ac
453 1180 623 1236 venerandis
637 1180 690 1236 tihi
704 1181 824 1237 subditis
840 1181 953 1253 episco-
1009 1181 1140 1237 Ecclesiae
1154 1182 1272 1253 ejusque
1287 1179 1406 1253 praesuli
1420 1179 1554 1234 exhibere
1569 1184 1655 1251 atque
1677 1178 1859 1234 obedientem

104 1269 150 1340 pis
172 1270 343 1342 reliquoque
358 1273 509 1336 conventu,
534 1268 670 1341 quoniam
684 1269 825 1340 judicium
839 1269 955 1341 deposi·
1011 1287 1179 1340 permanere
1198 1275 1350 1342 protestor.
1381 1270 1441 1340 Ego
1466 1268 1641 1324 Guntharius
1667 1268 1734 1323 huic
1748 1266 1859 1338 profes·

106 1357 193 1412 tionis
207 1357 238 1412 in
253 1373 330 1413 mea
354 1357 462 1413 domno
484 1357 601 1413 Nicolao
626 1358 763 1413 canonice
782 1362 875 1413 totum
898 1375 957 1413 non
1011 1360 1085 1415 sioni
1101 1378 1116 1415 a
1132 1377 1178 1415 me
1193 1360 1273 1415 iactoe
1290 1375 1376 1414 menn
1392 1357 1511 1429 proprio
1529 1356 1692 1427 subscripsi.
1715 1357 1786 1412 bata
1800 1356 1859 1409 Ka-

111 1446 299 1518 reprehendo,
315 1447 363 1501 sed
387 1447 536 1502 humiliter
556 1451 650 1514 porto.
672 1447 752 1502 Unde
773 1447 958 1523 neculterius
1012 1449 1111 1504 lendes
1138 1448 1216 1518 tulii,
1232 1448 1387 1504 indictione
1402 1464 1433 1515 11,
1463 1447 1493 1501 in
1515 1445 1635 1502 ecclesia
1658 1443 1754 1501 Sancti
1768 1443 1861 1499 Salva·

113 1549 221 1589 saernm
240 1534 434 1591 ministerium
464 1536 632 1607 contingere
654 1551 809 1606 praesurno,
836 1535 891 1590 nisi
906 1552 960 1607 per
1013 1537 1094 1605 toris,
1124 1553 1189 1609 quas
1213 1541 1255 1593 cst
1282 1537 1312 1592 in
1340 1536 1514 1592 monasterio
1544 1535 1640 1591 Sancti
1666 1531 1812 1588 Benedicti
1830 1531 1860 1586 in

115 1623 334 1679 misericordiam
358 1624 430 1681 mihi
461 1625 614 1681 subvenire
641 1624 799 1692 volueritis,
829 1640 881 1679 nec
908 1625 957 1680 ali.
1014 1626 1140 1683 cassino.

120 1712 224 1783 qnando
238 1715 338 1768 contra
351 1718 478 1768 sanctam
494 1729 645 1770 romanam
665 1713 817 1768 Ecclesiam
830 1716 880 1768 aut
896 1713 959 1785 ejus

958 1888 1327 1898 ——...--—-——-

245 2029 744 2165 THEODGAUDL
804 2028 1207 2140 GUNTHARH
1273 2029 1364 2137 ET
1432 2025 1731 2137 ARDUHH

659 2245 893 2320 nersrona
920 2245 985 2319 an
1015 2243 1324 2320 nrucuanuu.

513 2422 599 2488 (Apud
614 2423 758 2485 Labheum,
774 2422 953 2473 Conciliorum
967 2422 1132 2488 generalium
1148 2425 1220 2473 tomo
1236 2421 1304 2480 Vlll.
1320 2421 1371 2477 col.
1385 2422 1458 2481 762.)

71 2725 73 2785 j
161 2712 269 2785 Optabili
304 2712 335 2768 in
377 2711 488 2768 Christo
517 2711 598 2767 iratri
633 2712 736 2767 lenaeo
779 2709 954 2783 [hincmaro]
974 2709 1090 2767 adisti.
1109 2711 1181 2783 Ergo
1204 2710 1273 2784 quia
1299 2715 1327 2765 te
1342 2710 1452 2782 objecta
1479 2712 1670 2783 probaturum
1693 2712 1861 2784 promisisti,

71 2803 73 2806 '
136 2798 312 2858 leaooesunus
337 2801 447 2872 primas
482 2801 603 2872 Belgicae
641 2800 750 2868 Galliae,
784 2801 960 2856 Gournanrus
1015 2815 1191 2872 consequens
1224 2804 1288 2869 est,
1314 2804 1345 2855 ut
1384 2801 1549 2872 exsequeris
1582 2818 1647 2873 qure
1688 2802 1860 2872 promisisti:

71 2909 73 2964 j
134 2889 329 2961 Agrippinensis
344 2889 481 2955 Coloniae,
507 2894 536 2945 ct
561 2892 700 2945 Annurcus
729 2887 961 2943 vesontionensis
1015 2890 1134 2944 undeet
1161 2894 1188 2944 te
1213 2889 1351 2944 canonica
1375 2905 1590 2945 commonemus
1623 2890 1803 2958 auctoritate,
1830 2896 1862 2947 ut

71 2976 73 2999 '
133 2976 241 3033 Ecclesiae
256 2978 386 3050 episcopi
398 2980 520 3034 salutem
535 2983 563 3033 et
580 2993 688 3050 pacem.
1014 2978 1203 3033 accusationis
1230 2982 1289 3034 tuae
1314 2979 1525 3034 exsecutionem
1544 2980 1679 3034 canonice
1704 2995 1861 3052 prosequa-

71 3077 73 3089 '
157 3066 322 3139 Relegimue,
343 3067 441 3131 frater,
471 3073 499 3121 et
514 3067 623 3122 utinam
647 3066 736 3121 frater
750 3068 861 3137 ignare,
877 3064 960 3119 libel·
1014 3066 1063 3121 ris.
1086 3066 1167 3130 Quod
1182 3066 1205 3121 si
1221 3071 1248 3122 te
1269 3066 1444 3122 accusationi
1456 3067 1641 3134 subtraxeris,
1657 3073 1686 3122 et
1699 3069 1862 3139 probationi

131 3153 245 3210 lnmtnae
266 3156 457 3210 accusationis
480 3156 615 3211 adversus
631 3154 799 3211 llilduinum
824 3154 960 3209 dilectum
1014 3154 1148 3222 defueris,
1179 3155 1292 3209 noveris
1329 3160 1357 3209 te
1399 3154 1544 3208 canonicis
1581 3155 1617 3209 de
1635 3156 1861 3210 accusatoribus

71 3210 73 3306 f
131 3242 204 3299 filium
233 3249 263 3299 et
290 3244 408 3299 tratrem
431 3250 572 3312 nostrum,
597 3249 629 3299 ut
654 3244 796 3299 credimus
823 3242 960 3297 idoneum
1014 3243 1122 3315 regulis
1136 3243 1291 3314 subjacere.
1314 3241 1471 3298 Calumniae
1498 3258 1565 3297 vero
1587 3259 1658 3313 quas
1678 3242 1861 3315 synodalibus

71 3343 73 3376 2
130 3333 215 3401 tirum,
228 3333 259 3388 in
275 3349 332 3406 qno
347 3334 443 3405 ipsum
458 3333 552 3389 officio
567 3332 702 3404 pastorali
716 3333 870 3403 indignum
887 3347 961 3385 asse·
1015 3333 1136 3388 decretis
1150 3333 1322 3387 obumbrare
1338 3331 1416 3386 nisus
1438 3347 1478 3399 es,
1493 3331 1525 3385 in
1553 3338 1579 3386 te
1603 3336 1688 3404 atque
1715 3332 1745 3386 in
1770 3333 1862 3404 aequi«

128 3431 200 3491 retas,
216 3426 245 3477 et
259 3438 359 3477 causas
371 3429 398 3478 te
419 3422 502 3492 scire,
531 3439 584 3494 pro
608 3423 712 3494 quibus
727 3421 830 3477 iisdem
852 3420 961 3475 electus
1014 3438 1115 3477 vocum
1138 3426 1272 3494 nepotem
1287 3427 1380 3487 tuum,
1398 3420 1448 3492 qui
1471 3421 1510 3475 ita
1528 3421 1656 3492 provecti
1679 3422 1747 3476 estis
1762 3423 1860 3478 rellec-

129 3509 239 3565 ordinari
272 3527 331 3565 non
361 3511 472 3579 debeat,
506 3509 821 3575 exclamas.,Quemvis
847 3509 882 3564 ah
906 3509 961 3564 hac
1014 3516 1123 3566 tantur.
1143 3510 1271 3576 Quorum
1287 3516 1388 3565 neuter
1409 3526 1443 3565 ex
1457 3510 1508 3564 illa
1521 3509 1576 3564 fnit
1599 3511 1725 3579 ecclesia,
1751 3511 1861 3584 inqua

128 3595 298 3668 inprobitate
311 3599 365 3653 hoc
379 3599 561 3655 solummodo
581 3603 610 3654 te
631 3614 764 3653 revocare
779 3599 822 3654 rel
848 3603 959 3669 tempe·
1014 3600 1169 3656 ambitione
1182 3605 1269 3670 atque
1282 3599 1379 3654 favore
1394 3603 1559 3669 potentatus
1576 3599 1785 3655 inthronizatus
1800 3617 1861 3656 esse

128 3698 176 3740 rere
189 3687 346 3756 debuisset,
372 3688 450 3759 quod
475 3688 524 3744 ille
555 3693 620 3743 tuus
639 3689 762 3744 domnus
787 3692 817 3743 et
834 3688 960 3743 nutritor
1014 3688 1199 3760 dignoscitur.
1224 3689 1281 3742 liae
1303 3687 1468 3743 conditione
1493 3687 1738 3759 dehinoexigente
1753 3689 1861 3760 synodo

127 3771 195 3831 luerit
208 3775 323 3843 charus,
339 3776 363 3830 si
382 3782 479 3832 tamen
500 3783 652 3832 memoret
668 3793 727 3833 non
753 3777 884 3849 ingratus
899 3778 959 3833 tore
1013 3782 1041 3834 te
1057 3779 1155 3834 adesse
1175 3776 1327 3848 oportebit,
1345 3792 1410 3847 quae
1434 3776 1501 3831 Idne
1528 3776 1643 3831 hlartias
1669 3777 1745 3847 apud
1761 3778 1861 3833 urbem

71 3874 73 3881 '
128 3864 257 3934 voluisses,
272 3864 355 3936 cujus
376 3865 431 3920 iste
457 3870 486 3921 et
504 3865 674 3921 affinitatem
694 3867 782 3922 refert
797 3872 957 3922 etnomen.
1013 3866 1270 3932 Mediomatricum,
1299 3864 1402 3920 Christi
1430 3864 1542 3919 favente
1572 3865 1675 3935 gratia,
1701 3864 1860 3920 celebrabi-

71 3974 73 4026 3
129 3949 191 4006 Nunc
209 3952 688 4025 quoniamdelatoressevoluisti,
705 3956 958 4027 quodrestntnon
1013 3960 1077 4011 tur:
1094 3955 1144 4010 uhi
1163 3954 1419 4025 sepefatusfrater
1444 3958 1494 4008 aut
1517 3957 1568 4007 tua
1595 3952 1763 4023 probatione
1791 3969 1860 4008 con·

130 4040 236 4095 emittas.
264 4044 304 4097 Te
318 4042 396 4097 enirn
411 4043 573 4114 exspoliasti
585 4043 704 4113 judicio,
725 4044 795 4100 dum
822 4045 957 4101 crimina·
977 4014 1150 4111 cvincatur,
1175 4049 1226 4100 aut
1246 4060 1298 4098 sua
1320 4040 1486 4097 defensione
1511 4041 1660 4096 liberetur.
1679 4041 1731 4096 Ubi
1746 4057 1860 4113 quoque

131 4125 199 4182 tionis
217 4129 388 4198 chartulam,
422 4131 499 4202 quod
527 4138 576 4187 tuo
603 4131 697 4188 officio
726 4138 755 4188 et
782 4134 896 4202 honori,
926 4140 959 4189 ut
1012 4138 1040 4188 et
1062 4151 1113 4189 nos
1132 4133 1184 4189 tibi
1212 4148 1246 4187 ex
1265 4132 1409 4199 omnihus,
1433 4147 1497 4202 quae
1526 4130 1561 4185 de
1584 4129 1703 4185 ecclesia
1728 4131 1861 4187 Camera-

132 4217 296 4288 astimamus,
322 4235 380 4275 non
399 4220 590 4291 competebat,
616 4221 732 4292 propria
759 4237 857 4289 manu,
883 4224 959 4294 quod
1013 4223 1090 4277 censi
1114 4223 1241 4279 scribens
1268 4220 1407 4276 monuisti
1434 4226 1462 4274 et
1487 4218 1708 4291 reprehendisti,
1735 4218 1861 4274 rationes

134 4315 217 4374 negare
245 4323 307 4362 non
332 4311 424 4379 potes,
461 4308 492 4363 in
528 4314 671 4364 conventu
695 4325 797 4381 regum
834 4310 960 4383 principi
1014 4311 1158 4366 reddendo
1172 4311 1346 4382 respondere
1361 4311 1515 4365 valeamus.
1540 4310 1574 4364 ln
1590 4308 1700 4364 Christo
1722 4313 1750 4363 te
1766 4308 1860 4364 valere

136 4397 210 4449 nostro
235 4394 369 4451 bethario
393 4396 554 4452 inconsulte
582 4397 745 4469 porrexisti,
773 4414 960 4454 acmemora·
1015 4404 1157 4469 optamus.

137 4479 181 4534 lun
200 4483 379 4553 hilduinum,
406 4501 516 4558 nosque
548 4487 657 4557 pariter
683 4492 831 4558 suspectos
863 4488 958 4543 reddi·

775 4783 1186 4891 EORUMDEM

349 4955 550 5024 EPISTOLA
572 4957 626 5023 Ab
649 4957 867 5026 Episcopus
892 4959 932 5025 lN
957 4957 1089 5025 REGNO
1113 4957 1303 5025 Luhuvlut
1328 4956 1618 5025 CONSTlTUTOS.

161 5232 365 5294 Venerabilibus
385 5235 417 5291 in
440 5234 552 5292 Christo
578 5236 715 5293 iratribus
734 5235 956 5308 archiepiscopis
977 5233 1202 5291 DEcclesiarom
1237 5235 1456 5308 archiepiscopi,
1499 5248 1657 5304 eorumque
1695 5230 1859 5303 coepiscopi

135 5322 297 5397 depiscopis
313 5325 344 5380 in
369 5340 459 5397 regno
484 5324 582 5380 eximii
601 5325 676 5397 regis
700 5324 832 5381 Ludorici
847 5326 956 5380 consti·
1011 5325 1132 5380 salutem
1148 5328 1176 5379 et
1190 5341 1290 5396 pacem
1308 5328 1391 5380 orant
1405 5329 1434 5378 et
1448 5328 1559 5395 optant.

71 5456 73 5466 .
134 5409 535 5486 tutiranonaauuusBelgicoe
561 5413 800 5486 calliopoleos,
828 5415 958 5470 Gurrrna-
1047 5413 1170 5469 Diversis
1196 5415 1350 5470 Ecclesiam
1370 5413 1421 5467 Dei
1453 5408 1716 5484 perturbationibus
1743 5409 1858 5465 concuti

126 5512 175 5553 rrrs
194 5501 412 5575 Agrippinensis
430 5503 566 5572 colonie,
592 5506 730 5559 Annurcus
749 5503 956 5559 Vesontionen-
1012 5506 1040 5558 et
1066 5503 1182 5574 percelli
1211 5504 1341 5575 quotidie
1366 5502 1489 5557 exterius
1508 5499 1654 5556 cernimus
1678 5515 1710 5555 ac
1733 5499 1858 5571 suspira·

123 5588 161 5657 sis,
195 5590 360 5648 Rormsnus
400 5590 585 5661 Arelatensis,
620 5594 696 5648 Troo
739 5592 958 5649 llediolanensis
1012 5607 1090 5649 mue:
1106 5593 1227 5651 interius
1245 5607 1313 5647 sero
1334 5590 1429 5646 uexari
1452 5606 1516 5646 eam
1541 5593 1628 5663 atque
1643 5588 1723 5646 exuri
1743 5588 1772 5644 in
1789 5605 1856 5646 suo-
