3930 6098
123 249 175 325 ιιι
736 234 1263 322 nlrhrlnnlrltslsnrtsc‘oll
1826 243 1877 326 etl

124 364 187 457 rirrn
203 398 278 456 esset
292 384 485 470 impalpabile,
499 380 592 453 tantis
605 400 728 470 aereque
742 393 890 464 subintus:
918 393 968 454 sed
985 399 1009 454 A
1029 390 1162 453 sordibus
1181 394 1283 454 alienu.
1309 390 1363 454 Sed
1379 388 1448 471 quia
1476 393 1590 457 sancius
1610 390 1680 457 dicit
1701 395 1875 473 Apostolus:

124 508 206 547 uose
231 487 485 557 contradicimus,
511 493 665 557 sanctaque
687 487 854 542 credulitate
875 489 974 542 llrma·
1027 489 1139 556 Oportet
1153 493 1242 543 nutem
1258 490 1368 543 hareses
1388 505 1443 543 esse
1457 494 1486 543 ut
1507 491 1619 559 probati
1641 494 1786 559 manifesti
1809 495 1877 562 liant

124 596 187 633 mus
215 577 291 648 quod
313 576 343 630 in
367 575 416 629 illa
440 574 656 629 resurrectionis
680 575 772 644 gloria
788 575 843 629 erit
868 591 973 647 corpus
1026 574 1114 646 (Paul.
1132 593 1224 644 xxxiv,
1247 578 1283 647 l),
1304 577 1481 632 fallaciarum
1497 578 1631 646 ludibria,
1656 596 1722 651 quea
1751 581 1788 634 ad
1814 597 1875 634 earn

124 673 254 721 nentrum
267 664 372 720 subtile
389 664 507 734 quidem
531 680 583 735 per
604 663 737 718 ellectum
763 663 901 734 spiritalis
920 680 971 734 pu·
1026 665 1171 736 applicare
1186 667 1304 720 tentavit
1326 672 1487 720 sanctarum
1511 667 1601 722 bostis
1624 669 1800 733 animarum,
1819 670 1874 739 cly-

123 752 299 819 tentias,sed
326 751 471 822 palpabile
496 767 547 821 per
574 751 723 805 veritatem
746 758 866 805 naturae.
900 751 970 805 liam
1027 770 1080 825 pao
1099 753 1353 822 liedemptorissui
1368 755 1467 824 repelli
1481 754 1577 822 habet,
1593 770 1646 810 nec
1662 756 1791 827 patietur
1805 758 1873 812 divi·

122 841 223 896 heatus
235 856 311 912 papa
325 839 486 910 Gregorius,
498 839 643 911 quondam
657 839 687 893 in
710 839 812 893 eadem
836 839 972 894 Constan·
1027 842 1102 895 nitas
1131 841 1289 896 visibilium
1310 847 1339 895 et
1365 842 1551 897 invisibilium
1566 859 1662 898 rernm
1682 846 1823 900 sacratior
1848 853 1874 902 et

123 929 314 999 tinopolitana
335 929 405 983 urhe
423 929 541 1000 positus,
558 944 623 982 cum
638 928 758 999 praelato
783 927 917 998 Eutychio
936 927 972 983 de
1026 930 1120 1001 potior
1141 929 1244 983 vincia
1263 936 1404 997 creatura,
1427 946 1493 1000 quas
1516 932 1633 986 condita
1656 934 1712 987 fuit
1737 934 1872 1004 angelica,

122 1017 176 1073 hac
190 1035 221 1072 re
234 1018 265 1072 in
284 1023 437 1087 conspectu
461 1017 567 1072 Tiberii
590 1016 768 1071 Constantini
789 1016 972 1087 imperatoris
1027 1018 1277 1073 sedobtumorem
1297 1019 1439 1090 superbias
1456 1035 1508 1074 sua
1532 1026 1643 1090 sponte,
1667 1037 1725 1076 non
1750 1022 1807 1077 alio
1828 1040 1871 1076 co·

123 1107 280 1176 gloriosum
295 1105 396 1160 habuit
410 1112 565 1168 certamen,
578 1105 665 1159 veluti
680 1106 740 1175 ipss
765 1105 878 1175 plenius
893 1120 972 1159 com·
1026 1111 1121 1175 gente,
1133 1108 1297 1161 sceleratior
1310 1106 1394 1173 laeta,
1410 1107 1512 1162 incidit
1532 1108 1562 1161 in
1576 1108 1746 1164 barathrum
1778 1127 1872 1182 perpe·

123 1200 264 1249 memorat
278 1194 308 1248 in
325 1194 437 1249 deciano
457 1201 560 1266 quarto
582 1194 656 1249 lihro
672 1195 821 1248 Moralium
838 1195 901 1248 iob.
917 1193 973 1248 Sed
1027 1201 1084 1249 tuae
1100 1195 1303 1262 damnationis,
1319 1197 1366 1250 cui
1380 1196 1421 1249 uil
1431 1197 1567 1267 placitum
1581 1198 1636 1250 nisi
1652 1203 1767 1253 tantum
1782 1199 1871 1270 perdi·

123 1285 163 1336 ita
178 1283 214 1338 ab
230 1299 263 1336 eo
278 1283 413 1336 nobiliter
428 1289 472 1337 est
484 1282 619 1349 devictus,
636 1282 781 1352 utpellem
797 1298 899 1335 manus
913 1297 972 1336 suae
1027 1284 1067 1337 tio
1091 1283 1251 1338 beatorum.
1283 1284 1353 1338 Nam
1382 1292 1551 1339 cunctorum
1587 1285 1689 1357 opifice
1723 1287 1867 1359 largiente.

123 1376 233 1425 teneret
249 1371 344 1425 dicens
357 1386 364 1425 ι
376 1372 507 1438 Confiteor
528 1373 595 1439 quia
613 1386 702 1425 omnes
720 1373 750 1424 in
765 1371 815 1424 hac
833 1386 914 1425 carne
928 1386 971 1424 re·
1027 1371 1197 1442 sapientiam
1222 1388 1280 1427 non
1299 1373 1391 1426 vincet
1405 1373 1525 1442 malitia,
1550 1374 1599 1429 sed
1615 1374 1705 1429 victor
1728 1375 1868 1447 apparebit

123 1474 273 1528 surgemus,
285 1458 364 1531 quod
374 1459 548 1514 omnimodis
559 1459 639 1528 prius
655 1475 760 1529 negare
775 1463 971 1513 consueverat.
1027 1461 1057 1514 in
1073 1461 1207 1531 propriis,
1228 1461 1276 1532 qui
1291 1478 1357 1515 suos
1371 1477 1485 1532 semper
1507 1463 1630 1533 aprima
1652 1465 1775 1519 armavit
1791 1463 1865 1535 spiri·

159 1548 206 1602 list
217 1554 314 1601 antem
325 1548 403 1601 dictu
420 1547 604 1601 lamentabile
620 1547 688 1619 quia
703 1548 802 1601 eadem
816 1548 896 1601 sedes
908 1562 972 1617 quae
1027 1549 1131 1603 talibus
1153 1550 1355 1604 documentis:
1380 1550 1474 1605 Omnes
1494 1553 1572 1606 enim
1592 1555 1641 1620 qui
1656 1553 1751 1607 uolunt
1768 1558 1809 1622 pie
1827 1556 1864 1607 ai-

123 1641 209 1707 caput
234 1637 325 1689 levare
350 1641 470 1688 conetur
492 1635 527 1690 ed
556 1651 686 1705 superos,
715 1649 768 1705 pro
794 1640 877 1689 rectae
905 1634 973 1689 lidei
1026 1639 1131 1690 uerein
1148 1628 1343 1704 ntiltristotesa,
1359 1641 1568 1707 persecutionem
1580 1642 1725 1709 patientur
1744 1639 1783 1712 (11
1806 1642 1862 1696 liu.

123 1723 293 1795 presulibus
312 1723 441 1777 doctriua
466 1723 593 1789 l'oedatos,
618 1730 740 1778 rectores
767 1722 836 1777 olim
871 1724 974 1778 hahuit
992 1698 1013 1752 B
1028 1741 1069 1791 ιιι,
1082 1725 1141 1795 la).

123 1813 282 1878 haereticos,
304 1829 376 1883 quos
392 1812 544 1882 Tripertita
561 1812 678 1866 denotat
702 1811 832 1878 Historia,
857 1816 885 1866 et
908 1828 974 1866 san·
1064 1815 1163 1885 ltaque
1182 1814 1442 1885 impraesentiarum
1461 1815 1521 1885 jam
1538 1816 1634 1870 artiore
1651 1815 1862 1886 deprehenditur

123 1908 234 1956 ciorum
259 1902 375 1955 Patrum
398 1900 429 1954 in
448 1901 606 1955 canonibus
626 1901 744 1955 detonat
764 1901 890 1955 solertia.
912 1901 973 1956 b'on
1027 1907 1096 1956 aetas
1122 1903 1207 1973 plena
1232 1905 1504 1975 miseriarumque
1531 1905 1716 1974 praesentitur
1744 1906 1859 1976 amplecti

123 1989 469 2054 veroinliomenasede,
487 1990 972 2059 Deorectore,taleunquamcon-
1027 1991 1150 2061 spatium
1177 1992 1327 2063 temporis,
1354 1992 1389 2046 dc
1418 2010 1475 2063 quo
1504 1993 1658 2063 Apostolus
1689 1991 1858 2048 lamentando

123 2079 188 2150 tigit
199 2079 332 2144 dedecus,
349 2083 381 2132 ut
400 2077 505 2149 aliquis
529 2077 735 2132 heresiarches
759 2077 850 2131 eidem
876 2076 972 2148 pressi·
1026 2080 1187 2149 praecinuit,
1203 2081 1301 2134 dicens
1321 2098 1328 2135 :
1345 2083 1408 2136 Erit
1424 2083 1495 2135 cerini
1515 2087 1618 2150 tempus
1632 2097 1694 2135 eam
1707 2098 1800 2136 sanam
1820 2080 1857 2134 de

124 2168 214 2230 deret,
242 2182 329 2237 quam
360 2181 489 2219 summus
518 2167 713 2237 apostolurum
753 2165 884 2236 princeps
920 2181 970 2221 sne
1025 2169 1141 2222 utrinam
1155 2184 1207 2221 non
1222 2170 1401 2234 sustinebunt,
1424 2168 1472 2223 sed
1486 2169 1523 2222 ad
1543 2185 1594 2222 suu
1608 2169 1747 2223 desideria
1766 2183 1856 2223 acaur-

124 2256 249 2309 sessione
266 2255 417 2309 illustravit
431 2260 459 2308 et
472 2255 534 2308 lusu
550 2255 689 2324 sanguine
716 2253 897 2316 consecravit,
925 2253 972 2307 cui
1024 2257 1126 2310 autaut
1139 2258 1194 2310 sihi
1216 2259 1360 2323 magistros
1379 2259 1531 2326 prurientes
1550 2257 1676 2324 auribus,
1692 2263 1719 2311 et
1732 2274 1750 2311 a
1762 2259 1856 2312 ueritate

109 2362 189 2398 suas
219 2344 359 2414 regendos
384 2359 450 2396 oves
475 2343 524 2397 liei
552 2342 638 2396 Filius
661 2341 777 2412 speciali
799 2357 866 2395 cura
892 2357 970 2395 com·
1025 2344 1415 2412 quidemauditumauertent,
1430 2346 1468 2399 ad
1482 2347 1593 2412 subulas
1608 2350 1698 2400 autem
1719 2351 1855 2400 concaten-

125 2433 284 2498 misit3nec
299 2431 416 2499 mirum,
439 2431 507 2501 qnia
526 2430 581 2499 ipsi
606 2430 713 2484 dictum
732 2430 847 2484 luerat:
876 2433 920 2484 'l'u
943 2445 970 2484 es
1025 2432 1260 2503 tar(IlTirn.rv,
1287 2437 1326 2503 3).
1351 2435 1419 2489 Ecce
1443 2435 1473 2489 in
1497 2441 1633 2505 promptu
1653 2433 1716 2488 haec
1737 2433 1854 2504 predicta

122 2523 227 2589 Petrus,
256 2526 281 2574 et
313 2535 396 2588 suaper
424 2520 492 2572 liarrc
516 2524 624 2587 petram
654 2518 791 2587 aedificato
817 2519 970 2572 Ecclesium
1024 2537 1137 2590 serpere
1150 2522 1351 2592 conspicimus,
1375 2529 1404 2576 et
1426 2522 1489 2577 ideo
1514 2523 1583 2577 dum
1608 2523 1678 2577 tuba
1701 2526 1854 2592 personatur

121 2624 208 2663 ineam
235 2623 242 2661 :
276 2612 301 2661 et
324 2607 376 2661 nti
405 2607 474 2661 dato
499 2608 586 2661 claues
609 2609 688 2674 regni
709 2607 833 2661 catorum
858 2606 968 2673 tlllattlr.
1023 2606 1100 2675 belli,
1117 2609 1763 2680 necesseestntarmaaptenturinmilitum
1776 2623 1851 2663 mem·

121 2695 310 2768 sv1,18,l9).
333 2696 406 2766 Ergo
433 2694 479 2748 cni
508 2694 625 2765 propria
650 2693 818 2748 auctoritate
847 2709 969 2764 reguum
1024 2695 1093 2762 bris,
1109 2702 1142 2750 ut
1156 2696 1271 2751 doctum
1286 2697 1426 2751 industria
1439 2713 1639 2768 praeoccupare
1660 2703 1782 2768 nequeat
1801 2711 1851 2766 per·
1888 2724 1890 2763 ,

121 2785 216 2852 dabat,
231 2784 318 2854 hujus
332 2783 418 2837 iidem
436 2784 551 2836 liemare
568 2798 625 2836 non
644 2782 777 2853 poterat?
792 2782 882 2846 Quem
903 2799 968 2836 cum
1023 2783 1520 2848 lidushustis.Ouamriaantemin
1543 2785 1648 2840 talibus
1669 2783 1851 2840 controversie
1887 2768 1890 2833 i

120 2872 320 2942 petramdicit,
337 2872 552 2926 firmamentum
569 2871 698 2925 Ecclesiae
719 2870 861 2925 iudicavit.
888 2870 968 2924 Libe·
1022 2873 1156 2942 pruccllis
1177 2873 1358 2928 concutiatur
1386 2874 1501 2927 Domini
1525 2874 1676 2940 exercitus,
1701 2873 1780 2928 valde
1796 2871 1850 2926 indi

119 2959 180 3014 rius
192 2966 299 3027 umen,
314 2976 388 3031 papa
402 2976 418 3012 a
432 2959 516 3014 heato
531 2960 617 3014 Petro
633 2958 793 3013 tricesimus
817 2959 966 3030 septimus,
986 2972 1112 3046 egnum
1130 2960 1281 3013 utanimos
1301 2959 1466 3014 tortitudine
1480 2959 1646 3014 nobilitatos
1660 2965 1763 3014 astatu
1781 2957 1847 3012 recti·

118 3049 250 3120 quamvis
265 3067 280 3104 a
295 3050 363 3105 lidei
382 3050 497 3103 tramite
518 3065 578 3104 uon
593 3048 727 3116 deviaret,
750 3049 848 3103 exsilio
864 3053 893 3102 et
916 3049 966 3102 mi·
1021 3045 1128 3100 tudinis
1154 3047 1345 3117 detorqueant
1372 3046 1506 3102 hieratica
1535 3046 1677 3117 pravitate
1702 3047 1845 3117 degeneras.

118 3139 163 3192 nis
177 3138 275 3193 Ariani
300 3137 439 3209 principis
454 3138 579 3203 territus,
594 3153 652 3192 non
670 3136 773 3192 virtute
790 3153 848 3208 qua
867 3136 966 3191 debuit
1019 3133 1131 3198 Quanto
1147 3134 1224 3189 enim
1237 3134 1344 3189 astutia
1357 3135 1463 3190 diaboli
1480 3152 1545 3190 cum
1561 3151 1636 3189 saera
1651 3135 1800 3190 calliditate
1812 3147 1845 3185 u·

117 3227 233 3296 pcrlidis
248 3228 361 3281 Arianis
377 3227 498 3280 viriliter
517 3226 697 3296 repugnavit.
724 3225 773 3280 llis
796 3233 892 3279 autem
915 3225 965 3296 qui
1019 3223 1092 3278 cedit
1105 3222 1239 3288 atrocior,
1257 3229 1336 3278 tanto
1348 3223 1653 3295 providentialortium
1664 3224 1774 3279 acubus
1788 3235 1844 3290 pra·

118 3315 232 3369 abarce
253 3315 341 3369 totius
361 3315 582 3371 Christianitatis
610 3315 723 3368 deviare
746 3314 888 3381 videntur,
911 3330 964 3367 no·
1018 3311 1130 3365 munita
1153 3311 1236 3366 debet
1261 3329 1321 3366 esse
1353 3311 1488 3383 paratior.
1522 3313 1689 3367 Admonens
1726 3309 1843 3382 siquiden

116 3419 222 3474 vasque
242 3403 431 3458 adinveniunt
453 3401 636 3474 quaestiones,
661 3408 737 3456 recle
761 3402 873 3455 intonat
890 3402 964 3457 Pau·
1019 3400 1167 3453 alumnum
1183 3398 1365 3454 Timotheum
1388 3401 1539 3471 Apostolus
1555 3417 1589 3454 ue
1603 3399 1789 3471 impediretur
1806 3396 1841 3450 dr·

116 3492 159 3545 lus
172 3492 207 3546 ad
221 3491 342 3555 Galatas,
356 3507 479 3563 quorum
490 3506 523 3545 err
538 3490 646 3546 Gracia
661 3495 840 3561 propagatur
854 3490 937 3560 origo
954 3506 961 3545 z
1017 3486 1119 3557 cipulis
1133 3488 1366 3558 malignantium,
1382 3488 1487 3543 blande
1499 3489 1642 3557 hortatur,
1662 3488 1759 3544 dicens
1773 3503 1779 3543 :
1791 3487 1840 3540 ru·

116 3581 203 3634 iliror
217 3580 290 3650 quod
310 3582 349 3635 sic
375 3586 430 3634 tarn
451 3582 504 3634 cito
526 3580 728 3645 trartsferirnini
745 3579 779 3632 ab
803 3594 832 3633 eo
855 3580 904 3647 qui
917 3594 963 3634 uos
1016 3577 1086 3642 sarra
1100 3581 1189 3630 autem
1207 3582 1233 3631 et
1253 3579 1427 3646 inaniloquia
1443 3577 1549 3644 deuita;
1571 3578 1687 3632 inultum
1712 3579 1779 3631 eain
1792 3585 1838 3643 prr

115 3670 260 3723 uocauitin
280 3671 401 3735 qratiam
418 3668 522 3725 Cluisti
535 3668 597 3722 Jesn
620 3669 650 3720 in
673 3666 761 3728 atiud,
785 3668 963 3734 Euangelium
1016 3666 1106 3732 ficiem
1129 3663 1166 3718 ad
1190 3666 1370 3733 impietatem
1395 3670 1421 3720 et
1435 3680 1521 3719 sermo
1549 3666 1659 3720 itteram
1682 3668 1754 3720 sicut
1769 3671 1839 3716 aaut

115 3756 187 3824 qaod
201 3763 302 3812 noriest
317 3756 404 3823 atiud,
419 3759 476 3811 nisi
491 3761 554 3810 sant
568 3757 657 3824 aliqui
671 3757 720 3824 qui
734 3770 780 3809 aas
801 3755 964 3810 conturbant
1016 3754 1102 3820 sentit
1125 3749 1167 3820 (Il
1196 3751 1265 3805 Tim.
1296 3769 1325 3817 n,
1352 3751 1405 3822 lt).
1428 3752 1471 3806 Ad
1492 3752 1587 3806 Titum
1609 3752 1698 3807 etiam
1723 3747 1836 3806 itadicil:
1887 3806 1890 3815 Δ

114 3849 141 3898 et
163 3847 257 3900 uolunt
281 3851 431 3901 conuertere
456 3846 623 3912 euanpelium
655 3845 757 3901 Christi
780 3845 851 3910 (Gal.
877 3861 896 3912 ι,
926 3845 962 3915 6).
1016 3840 1120 3895 Stultus
1149 3845 1238 3894 autem
1261 3843 1419 3910 questiones
1441 3846 1467 3895 et
1489 3841 1673 3909 genealogias,
1704 3846 1730 3895 et
1755 3841 1834 3894 mater

113 3932 214 4004 biagua
226 3933 312 3988 etiam
326 3934 494 3989 auctoritate
514 3933 675 4003 ingeminat
687 3933 785 3987 dicens
802 3949 808 3986 :
827 3933 881 3988 Sed
902 3935 963 3988 lieet
1016 3931 1110 3996 tiones,
1136 3935 1162 3982 et
1182 3944 1291 3997 pupnas
1317 3929 1384 3997 lepis
1408 3929 1522 3984 devitu:
1547 3932 1700 3984 snutraim
1715 3923 1836 3984 annana

113 4028 219 4078 notant
234 4025 345 4091 unpetas
359 4022 392 4077 de
415 4023 482 4078 coeto
497 4022 674 4090 annpelicet
692 4022 766 4075 uobis
779 4027 962 4092 preterquam
1015 4032 1092 4070 uana
1115 4019 1182 4087 (Tu.
1195 4033 1233 4082 nr,
1260 4017 1313 4087 lo).
1341 4019 1372 4072 Et
1400 4023 1431 4072 ut
1456 4016 1608 4072 sollicitior
1627 4017 1797 4082 redderetur,
1817 4013 1835 4061 tt
1884 4028 1886 4034 ’

113 4112 185 4179 qaod
208 4112 452 4178 evangelizavimus
472 4111 547 4164 uotis
568 4110 712 4164 anatliema
730 4112 766 4164 sit
790 4108 862 4180 (Gal.
879 4126 900 4176 1,
922 4111 959 4181 6).
1015 4109 1113 4160 sanctu
1150 4105 1281 4160 acumine
1309 4105 1475 4160 instructior
1501 4111 1588 4173 essct,
1616 4106 1722 4160 addit:
1747 4099 1833 4160 llant-

114 4199 147 4252 Et
161 4204 370 4269 consequenter
388 4197 616 4256 addiditaSicut
635 4198 826 4266 prediximus,
846 4203 871 4252 et
890 4214 961 4253 nunc
1015 4209 1075 4247 cvm
1100 4195 1232 4248 hominem
1258 4198 1318 4263 post
1342 4210 1424 4249 unam
1448 4200 1475 4249 et
1500 4194 1645 4249 securidam
1670 4192 1833 4263 cormptiattt

111 4289 209 4341 ilerum
224 4287 285 4340 dico
301 4287 353 4341 :Si
377 4287 438 4355 quis
461 4285 536 4340 uotis
560 4286 786 4354 evangelizaverit
807 4291 906 4355 praeter
931 4286 962 4341 id
980 4280 1122 4360 Ddeuita:
1137 4285 1223 4337 scinu
1238 4286 1304 4353 qaia
1324 4284 1467 4337 subrasus
1480 4294 1520 4337 est
1534 4285 1583 4352 qui
1606 4282 1741 4352 ejusmodi
1759 4272 1832 4341 “qd
1881 4293 1884 4313 ¹

112 4374 350 4444 quodaccepistis,
367 4373 510 4427 arratleema
524 4375 570 4427 sit.
1016 4369 1151 4441 delinquit
1176 4374 1288 4441 proprio
1325 4371 1432 4439 judicia
1463 4371 1655 4426 condensantur
1686 4370 1771 4440 (ibid,
1794 4363 1830 4426 ¹¹)-

145 4462 213 4516 iure
226 4462 323 4533 itaque
338 4466 474 4516 areclurc
488 4467 592 4516 sancire
614 4461 743 4516 Ecclesia
763 4461 839 4517 avia
854 4461 959 4517 verita·
1016 4460 1089 4528 Ergo
1104 4476 1169 4514 curn
1193 4466 1289 4515 sancto
1306 4459 1397 4515 liliaco
1416 4460 1567 4515 credamus
1581 4460 1652 4531 quia
1676 4461 1769 4532 plures
1785 4450 1831 4507 suti

111 4551 148 4604 tis
176 4550 377 4604 aberrantibus
405 4549 473 4603 talia
503 4549 660 4620 apostolice
691 4549 866 4605 inferuntur.
902 4551 960 4606 llac
1013 4547 1268 4617 nobisnumquam
1292 4548 1440 4614 cumillis,
1460 4547 1489 4603 id
1509 4551 1560 4614 est,
1588 4548 1739 4619 utriusque
1760 4545 1829 4599 Testr-

110 4641 195 4693 etiam
207 4639 286 4709 virge
298 4638 531 4710 reprehensionis
550 4637 630 4709 digni
644 4636 788 4692 habentur
803 4653 810 4692 ε
827 4638 848 4694 0
870 4640 959 4692 insen·
1014 4636 1101 4690 menti
1120 4635 1296 4705 sagacissimi
1323 4637 1431 4702 Patres,
1457 4642 1486 4689 et
1511 4651 1563 4706 pro
1589 4635 1754 4691 defensioue
1777 4638 1827 4683 ¹⁰1⁸

109 4730 165 4783 sati
184 4728 288 4785 Galata
311 4729 373 4796 quis
397 4741 442 4781 aas
464 4729 616 4794 fascinavit
637 4729 749 4780 ueritati
769 4741 823 4780 nou
838 4726 955 4794 obedire,
1012 4723 1080 4778 lidei
1103 4724 1257 4778 avidissimi
1282 4729 1311 4778 et
1333 4723 1513 4778 invictissimi
1537 4724 1693 4780 bellatores
1718 4723 1762 4795 qui
1782 4727 1826 4770 cvm

108 4822 171 4871 ante
196 4831 311 4886 quorum
328 4816 416 4870 oculos
429 4819 506 4870 tosus
530 4816 655 4873 Christus
676 4818 907 4885 proscriptioni
931 4820 957 4869 et
1011 4812 1303 4867 robustissimotosue
1326 4813 1416 4867 licum
1430 4812 1591 4883 supplicare
1608 4813 1743 4868 studeant
1757 4803 1825 4863 utslrt

106 4904 537 4975 acccipiens?lieniqueeunctis
559 4903 671 4958 saeculis
696 4919 813 4957 enorme
835 4919 956 4974 genera·
1009 4902 1062 4967 sol,
1091 4901 1119 4955 id
1147 4907 1198 4968 est,
1225 4906 1340 4971 tempus
1365 4910 1378 4935 ⁸
1407 4907 1511 4956 sauctae
1536 4901 1752 4957 concertationis
1780 4906 1823 4966 ptr

107 4997 154 5047 tur
172 4994 327 5065 piaculum,
345 4994 415 5047 dum
430 4993 466 5046 ab
481 4992 550 5063 ipsis
569 5007 693 5063 quorum
717 4990 848 5045 doctrina
871 4991 954 5046 ador·
1007 4988 1094 5044 lixius
1118 4991 1262 5057 clarescat,
1284 4990 1375 5045 donec
1399 5006 1429 5044 se
1444 5006 1528 5044 verus
1548 4990 1636 5045 lsrael
1653 4991 1788 5046 vileiscatur
1800 4978 1821 5033 it

105 5083 168 5136 nari
193 5081 330 5137 debuerat
358 5080 492 5147 Ecclesia,
519 5082 590 5134 llore
615 5080 709 5134 nitore
736 5078 896 5149 religionis,
927 5085 955 5135 et
1007 5078 1132 5133 inimicis
1147 5079 1217 5133 suis.
1233 5080 1291 5135 Non
1314 5082 1385 5133 enim
1406 5082 1513 5134 uocauit
1530 5094 1579 5134 nos
1605 5080 1680 5134 Deus
1698 5080 1820 5134 ieiuna·

104 5177 292 5241 augmentum
308 5168 436 5240 accipere
451 5185 509 5223 sure
523 5168 697 5232 salvationis,
723 5168 870 5222 humiliari
893 5170 953 5223 zelo
1007 5168 1115 5234 ditiarn,
1152 5167 1200 5222 sed
1227 5170 1257 5221 in
1282 5170 1520 5236 sarrctificatiouem
1547 5166 1585 5238 (ll
1612 5169 1705 5223 Thess.
1733 5181 1764 5231 n,
1786 5153 1820 5223 li]-
1851 5202 1890 5246 -q

105 5259 240 5331 nequitiae
256 5258 437 5313 contenditur
453 5273 459 5310 :
476 5261 531 5330 eta
551 5272 608 5326 qua
620 5256 713 5309 omnis
733 5256 844 5310 macula
868 5257 953 5327 longe
1006 5256 1074 5310 dicit
1097 5257 1257 5326 Apostolus,
1281 5261 1434 5327 postquam
1449 5256 1525 5310 unda
1537 5255 1720 5326 baptismatis
1740 5258 1764 5308 ct
1779 5243 1821 5316 Sti·

103 5347 201 5401 abesse
213 5348 360 5408 debuerat,
376 5346 402 5400 ei
423 5345 554 5416 inlligere
580 5345 720 5411 nituntur,
736 5351 767 5399 ut
792 5359 851 5398 nou
877 5344 914 5398 sit
935 5360 952 5398 a
1005 5345 1063 5397 ritu
1078 5348 1174 5398 sancto
1189 5344 1218 5397 in
1233 5343 1326 5413 gratia
1339 5343 1443 5400 Christi
1457 5344 1587 5399 renovati
1600 5359 1712 5398 sumus.
1735 5333 1821 5407 Quom·

137 5478 150 5503 ⁸
173 5471 278 5525 Sernota
307 5470 522 5524 coricertatiouis.
549 5466 598 5520 ilic
623 5483 737 5537 quoque
762 5481 881 5536 pravam
910 5467 950 5521 le·
1004 5467 1099 5537 ipsum
1112 5466 1238 5521 codicem
1253 5467 1334 5537 cnjus
1353 5483 1407 5537 ope
1422 5467 1501 5538 prior
1515 5467 1603 5522 editio
1634 5466 1767 5522 adornata
1786 5459 1822 5518 ab

102 5542 225 5595 ctionem
244 5540 566 5596 aurrctaeeoneersaliouis
590 5538 696 5594 amovit
718 5538 859 5604 baluzius,
884 5553 950 5592 cum
1004 5538 1227 5592 accuratioribus
1252 5538 1341 5592 oculis
1361 5554 1449 5609 quam
1469 5537 1616 5606 Aebutius,
1649 5530 1823 5592 collusnuat
1870 5562 1879 5581 ι
