<?xml version="1.0" encoding="UTF-8"?>
<!DOCTYPE html PUBLIC "-//W3C//DTD XHTML 1.0 Transitional//EN"
    "http://www.w3.org/TR/xhtml1/DTD/xhtml1-transitional.dtd">
<html xmlns="http://www.w3.org/1999/xhtml" xml:lang="en" lang="en">
 <head>
  <title>
</title>
<meta http-equiv="Content-Type" content="text/html;charset=utf-8" />
  <meta name='ocr-system' content='tesseract 3.04.00' />
  <meta name='ocr-capabilities' content='ocr_page ocr_carea ocr_par ocr_line ocrx_word'/>
</head>
<body>
  <div class='ocr_page' id='page_1' title='image "./patrologiaecurs04unkngoog_0157.png"; bbox 0 0 3930 6098; ppageno 0'>
   <div class='ocr_carea' id='block_1_1' title="bbox 169 208 1920 273">
    <p class='ocr_par' dir='ltr' id='par_1_1' title="bbox 169 208 1920 273">
     <span class='ocr_line' id='line_1_1' title="bbox 169 208 1920 273; baseline -0.004 0"><span class='ocrx_word' id='word_1_1' title='bbox 169 219 221 273; x_wconf 73' lang='lat'><strong>26⁸</strong></span> <span class='ocrx_word' id='word_1_2' title='bbox 738 208 923 266; x_wconf 76' lang='lat' dir='ltr'><strong>Rutulum</strong></span> <span class='ocrx_word' id='word_1_3' title='bbox 942 209 1171 268; x_wconf 74' lang='lat' dir='ltr'><strong>manatensis</strong></span> <span class='ocrx_word' id='word_1_4' title='bbox 1190 209 1342 267; x_wconf 80' lang='lat' dir='ltr'><strong>uouacffl</strong></span> <span class='ocrx_word' id='word_1_5' title='bbox 1367 217 1369 220; x_wconf 77' lang='grc'>’</span> <span class='ocrx_word' id='word_1_6' title='bbox 1867 210 1920 266; x_wconf 76' lang='lat' dir='ltr'><strong>tel</strong></span> 
     </span>
    </p>
   </div>
   <div class='ocr_carea' id='block_1_2' title="bbox 167 345 1920 599">
    <p class='ocr_par' dir='ltr' id='par_1_2' title="bbox 167 345 1920 599">
     <span class='ocr_line' id='line_1_2' title="bbox 169 345 1919 421; baseline -0.005 -11"><span class='ocrx_word' id='word_1_7' title='bbox 169 356 283 410; x_wconf 88' lang='lat' dir='ltr'><strong>Patrem</strong></span> <span class='ocrx_word' id='word_1_8' title='bbox 300 351 416 407; x_wconf 80' lang='lat' dir='ltr'><strong>intimat</strong></span> <span class='ocrx_word' id='word_1_9' title='bbox 431 348 566 421; x_wconf 76' lang='lat' dir='ltr'>genuisse</span> <span class='ocrx_word' id='word_1_10' title='bbox 591 347 709 413; x_wconf 85' lang='lat' dir='ltr'><strong>Filium;</strong></span> <span class='ocrx_word' id='word_1_11' title='bbox 726 351 755 402; x_wconf 88' lang='lat' dir='ltr'><strong>et</strong></span> <span class='ocrx_word' id='word_1_12' title='bbox 770 346 837 419; x_wconf 91' lang='lat' dir='ltr'><strong>quia</strong></span> <span class='ocrx_word' id='word_1_13' title='bbox 847 351 913 401; x_wconf 91' lang='lat' dir='ltr'><strong>sunt</strong></span> <span class='ocrx_word' id='word_1_14' title='bbox 926 345 1012 401; x_wconf 89' lang='lat' dir='ltr'><strong>unius</strong></span> <span class='ocrx_word' id='word_1_15' title='bbox 1031 350 1053 403; x_wconf 77' lang='grc' dir='ltr'><strong>Α</strong></span> <span class='ocrx_word' id='word_1_16' title='bbox 1068 361 1127 400; x_wconf 91' lang='lat' dir='ltr'><strong>non</strong></span> <span class='ocrx_word' id='word_1_17' title='bbox 1143 345 1273 418; x_wconf 89' lang='lat' dir='ltr'><strong>loquitur</strong></span> <span class='ocrx_word' id='word_1_18' title='bbox 1286 362 1303 400; x_wconf 91' lang='lat' dir='ltr'><strong>a</strong></span> <span class='ocrx_word' id='word_1_19' title='bbox 1317 346 1471 418; x_wconf 88' lang='lat' dir='ltr'><strong>semetipso</strong></span> <span class='ocrx_word' id='word_1_20' title='bbox 1488 351 1636 418; x_wconf 86' lang='lat' dir='ltr'><strong>separatus</strong></span> <span class='ocrx_word' id='word_1_21' title='bbox 1651 346 1766 413; x_wconf 78' lang='lat' dir='ltr'><strong>alilio;</strong></span> <span class='ocrx_word' id='word_1_22' title='bbox 1781 347 1919 418; x_wconf 87' lang='lat' dir='ltr'><strong>quoniam</strong></span> 
     </span>
     <span class='ocr_line' id='line_1_3' title="bbox 167 433 1920 507; baseline -0.006 -8"><span class='ocrx_word' id='word_1_23' title='bbox 167 448 279 499; x_wconf 86' lang='lat' dir='ltr'><strong>naturae</strong></span> <span class='ocrx_word' id='word_1_24' title='bbox 294 442 377 497; x_wconf 83' lang='lat' dir='ltr'><strong>Pater</strong></span> <span class='ocrx_word' id='word_1_25' title='bbox 392 444 420 495; x_wconf 92' lang='lat' dir='ltr'><strong>et</strong></span> <span class='ocrx_word' id='word_1_26' title='bbox 435 437 532 498; x_wconf 87' lang='lat' dir='ltr'><strong>Filius.</strong></span> <span class='ocrx_word' id='word_1_27' title='bbox 554 441 621 492; x_wconf 79' lang='lat' dir='ltr'><strong>siant</strong></span> <span class='ocrx_word' id='word_1_28' title='bbox 634 437 719 491; x_wconf 89' lang='lat' dir='ltr'><strong>eliam</strong></span> <span class='ocrx_word' id='word_1_29' title='bbox 734 435 862 507; x_wconf 88' lang='lat' dir='ltr'><strong>ejusdem</strong></span> <span class='ocrx_word' id='word_1_30' title='bbox 892 452 1014 490; x_wconf 89' lang='lat' dir='ltr'><strong>eonsen—</strong></span> <span class='ocrx_word' id='word_1_31' title='bbox 1069 435 1342 506; x_wconf 87' lang='lat' dir='ltr'><strong>procedeusaFilio</strong></span> <span class='ocrx_word' id='word_1_32' title='bbox 1365 439 1664 489; x_wconf 78' lang='lat' dir='ltr'><strong>consorsestnelurae</strong></span> <span class='ocrx_word' id='word_1_33' title='bbox 1684 433 1745 488; x_wconf 92' lang='lat' dir='ltr'><strong>Filii</strong></span> <span class='ocrx_word' id='word_1_34' title='bbox 1766 450 1773 488; x_wconf 76' lang='grc' dir='ltr'>ε</span> <span class='ocrx_word' id='word_1_35' title='bbox 1791 436 1920 489; x_wconf 88' lang='lat' dir='ltr'><strong>volanta-</strong></span> 
     </span>
     <span class='ocr_line' id='line_1_4' title="bbox 168 523 1919 599; baseline -0.005 -13"><span class='ocrx_word' id='word_1_36' title='bbox 168 548 231 598; x_wconf 80' lang='lat' dir='ltr'><strong>sus3</strong></span> <span class='ocrx_word' id='word_1_37' title='bbox 249 536 282 585; x_wconf 90' lang='lat' dir='ltr'><strong>ut</strong></span> <span class='ocrx_word' id='word_1_38' title='bbox 298 532 351 584; x_wconf 83' lang='lat' dir='ltr'><strong>noc</strong></span> <span class='ocrx_word' id='word_1_39' title='bbox 363 527 400 582; x_wconf 91' lang='lat' dir='ltr'><strong>sit</strong></span> <span class='ocrx_word' id='word_1_40' title='bbox 424 525 505 599; x_wconf 91' lang='lat' dir='ltr'><strong>loqui</strong></span> <span class='ocrx_word' id='word_1_41' title='bbox 519 526 629 580; x_wconf 89' lang='lat' dir='ltr'><strong>Patrem</strong></span> <span class='ocrx_word' id='word_1_42' title='bbox 657 524 693 579; x_wconf 88' lang='lat' dir='ltr'><strong>ed</strong></span> <span class='ocrx_word' id='word_1_43' title='bbox 719 525 822 579; x_wconf 91' lang='lat' dir='ltr'><strong>Filium</strong></span> <span class='ocrx_word' id='word_1_44' title='bbox 841 527 885 579; x_wconf 86' lang='lat' dir='ltr'><strong>vel</strong></span> <span class='ocrx_word' id='word_1_45' title='bbox 912 524 1013 579; x_wconf 90' lang='lat' dir='ltr'><strong>Filium</strong></span> <span class='ocrx_word' id='word_1_46' title='bbox 1069 523 1438 594; x_wconf 88' lang='lat' dir='ltr'><strong>tisetejnsdem,cujuset</strong></span> <span class='ocrx_word' id='word_1_47' title='bbox 1466 523 1572 578; x_wconf 88' lang='lat' dir='ltr'><strong>Filius:</strong></span> <span class='ocrx_word' id='word_1_48' title='bbox 1596 539 1653 577; x_wconf 91' lang='lat' dir='ltr'><strong>non</strong></span> <span class='ocrx_word' id='word_1_49' title='bbox 1683 523 1762 578; x_wconf 90' lang='lat' dir='ltr'><strong>enim</strong></span> <span class='ocrx_word' id='word_1_50' title='bbox 1784 525 1919 577; x_wconf 82' lang='lat' dir='ltr'><strong>voluntas</strong></span> 
     </span>
    </p>
   </div>
   <div class='ocr_carea' id='block_1_3' title="bbox 31 611 1918 692">
    <p class='ocr_par' dir='ltr' id='par_1_3' title="bbox 31 611 1918 692">
     <span class='ocr_line' id='line_1_5' title="bbox 31 611 1918 692; baseline -0.005 -17"><span class='ocrx_word' id='word_1_51' title='bbox 31 626 61 692; x_wconf 61' lang='lat' dir='ltr'><strong>j</strong></span> <span class='ocrx_word' id='word_1_52' title='bbox 126 674 128 687; x_wconf 66' lang='lat'><strong>,</strong></span> <span class='ocrx_word' id='word_1_53' title='bbox 167 621 337 686; x_wconf 84' lang='lat' dir='ltr'><strong>adPalrem,</strong></span> <span class='ocrx_word' id='word_1_54' title='bbox 361 617 392 671; x_wconf 92' lang='lat' dir='ltr'><strong>in</strong></span> <span class='ocrx_word' id='word_1_55' title='bbox 418 615 503 670; x_wconf 91' lang='lat' dir='ltr'><strong>unius</strong></span> <span class='ocrx_word' id='word_1_56' title='bbox 527 630 695 668; x_wconf 87' lang='lat' dir='ltr'><strong>consensum</strong></span> <span class='ocrx_word' id='word_1_57' title='bbox 716 613 871 668; x_wconf 82' lang='lat' dir='ltr'><strong>voluntatis</strong></span> <span class='ocrx_word' id='word_1_58' title='bbox 895 613 1013 668; x_wconf 85' lang='lat' dir='ltr'><strong>venire:</strong></span> <span class='ocrx_word' id='word_1_59' title='bbox 1069 613 1292 684; x_wconf 88' lang='lat' dir='ltr'><strong>discernitquod</strong></span> <span class='ocrx_word' id='word_1_60' title='bbox 1314 619 1417 667; x_wconf 84' lang='lat' dir='ltr'><strong>natura</strong></span> <span class='ocrx_word' id='word_1_61' title='bbox 1436 612 1594 682; x_wconf 82' lang='lat' dir='ltr'><strong>conjungit,</strong></span> <span class='ocrx_word' id='word_1_62' title='bbox 1621 611 1668 666; x_wconf 93' lang='lat' dir='ltr'><strong>sed</strong></span> <span class='ocrx_word' id='word_1_63' title='bbox 1690 613 1773 682; x_wconf 87' lang='lat' dir='ltr'><strong>juxta</strong></span> <span class='ocrx_word' id='word_1_64' title='bbox 1798 611 1918 666; x_wconf 88' lang='lat' dir='ltr'><strong>verbnm</strong></span> 
     </span>
    </p>
   </div>
   <div class='ocr_carea' id='block_1_4' title="bbox 163 699 1919 3011">
    <p class='ocr_par' dir='ltr' id='par_1_4' title="bbox 167 699 1919 1220">
     <span class='ocr_line' id='line_1_6' title="bbox 168 699 1919 780; baseline -0.006 -18"><span class='ocrx_word' id='word_1_65' title='bbox 168 724 260 780; x_wconf 91' lang='lat' dir='ltr'><strong>neque</strong></span> <span class='ocrx_word' id='word_1_66' title='bbox 287 706 431 761; x_wconf 80' lang='lat' dir='ltr'><strong>diversum</strong></span> <span class='ocrx_word' id='word_1_67' title='bbox 460 703 570 773; x_wconf 87' lang='lat' dir='ltr'><strong>aliquid</strong></span> <span class='ocrx_word' id='word_1_68' title='bbox 592 703 707 756; x_wconf 87' lang='lat' dir='ltr'><strong>sentire.</strong></span> <span class='ocrx_word' id='word_1_69' title='bbox 733 703 871 774; x_wconf 91' lang='lat' dir='ltr'><strong>Spiritum</strong></span> <span class='ocrx_word' id='word_1_70' title='bbox 900 717 1016 774; x_wconf 89' lang='lat' dir='ltr'><strong>quoque</strong></span> <span class='ocrx_word' id='word_1_71' title='bbox 1070 706 1099 755; x_wconf 92' lang='lat' dir='ltr'><strong>et</strong></span> <span class='ocrx_word' id='word_1_72' title='bbox 1113 701 1260 755; x_wconf 81' lang='lat' dir='ltr'><strong>veritatem</strong></span> <span class='ocrx_word' id='word_1_73' title='bbox 1273 700 1321 756; x_wconf 84' lang='lat' dir='ltr'><strong>Dei</strong></span> <span class='ocrx_word' id='word_1_74' title='bbox 1336 699 1466 772; x_wconf 87' lang='lat' dir='ltr'><strong>loquitur</strong></span> <span class='ocrx_word' id='word_1_75' title='bbox 1483 699 1919 770; x_wconf 77' lang='lat' dir='ltr'><strong>universe3quoniumarerbo</strong></span> 
     </span>
     <span class='ocr_line' id='line_1_7' title="bbox 167 787 1917 862; baseline -0.003 -14"><span class='ocrx_word' id='word_1_76' title='bbox 167 800 298 850; x_wconf 90' lang='lat' dir='ltr'><strong>sanetum</strong></span> <span class='ocrx_word' id='word_1_77' title='bbox 318 791 443 846; x_wconf 87' lang='lat' dir='ltr'><strong>veritatis</strong></span> <span class='ocrx_word' id='word_1_78' title='bbox 462 790 599 861; x_wconf 89' lang='lat' dir='ltr'><strong>Spiritum</strong></span> <span class='ocrx_word' id='word_1_79' title='bbox 621 788 668 862; x_wconf 83' lang='lat' dir='ltr'><strong>[et]</strong></span> <span class='ocrx_word' id='word_1_80' title='bbox 696 790 845 861; x_wconf 83' lang='lat' dir='ltr'><strong>supientiae</strong></span> <span class='ocrx_word' id='word_1_81' title='bbox 865 789 1014 845; x_wconf 77' lang='lat' dir='ltr'><strong>conlileus.</strong></span> <span class='ocrx_word' id='word_1_82' title='bbox 1070 794 1098 845; x_wconf 85' lang='lat' dir='ltr'><strong>et</strong></span> <span class='ocrx_word' id='word_1_83' title='bbox 1116 791 1234 844; x_wconf 82' lang='lat' dir='ltr'><strong>veritate</strong></span> <span class='ocrx_word' id='word_1_84' title='bbox 1251 788 1408 860; x_wconf 90' lang='lat' dir='ltr'><strong>procedens</strong></span> <span class='ocrx_word' id='word_1_85' title='bbox 1434 787 1557 859; x_wconf 82' lang='lat' dir='ltr'>percipit</span> <span class='ocrx_word' id='word_1_86' title='bbox 1580 787 1649 858; x_wconf 89' lang='lat' dir='ltr'><strong>quid</strong></span> <span class='ocrx_word' id='word_1_87' title='bbox 1672 788 1823 857; x_wconf 89' lang='lat' dir='ltr'><strong>loquatur:</strong></span> <span class='ocrx_word' id='word_1_88' title='bbox 1857 803 1917 842; x_wconf 89' lang='lat' dir='ltr'><strong>non</strong></span> 
     </span>
     <span class='ocr_line' id='line_1_8' title="bbox 168 875 1916 955; baseline -0.005 -16"><span class='ocrx_word' id='word_1_89' title='bbox 168 884 306 955; x_wconf 92' lang='lat' dir='ltr'><strong>Spiritum</strong></span> <span class='ocrx_word' id='word_1_90' title='bbox 324 881 387 935; x_wconf 81' lang='lat' dir='ltr'>Filii</span> <span class='ocrx_word' id='word_1_91' title='bbox 400 880 534 947; x_wconf 77' lang='lat' dir='ltr'><strong>declarat,</strong></span> <span class='ocrx_word' id='word_1_92' title='bbox 547 878 582 933; x_wconf 91' lang='lat' dir='ltr'><strong>de</strong></span> <span class='ocrx_word' id='word_1_93' title='bbox 593 895 649 949; x_wconf 85' lang='lat' dir='ltr'><strong>quc</strong></span> <span class='ocrx_word' id='word_1_94' title='bbox 663 879 741 943; x_wconf 88' lang='lat' dir='ltr'><strong>dicit,</strong></span> <span class='ocrx_word' id='word_1_95' title='bbox 763 878 830 949; x_wconf 89' lang='lat' dir='ltr'><strong>quia</strong></span> <span class='ocrx_word' id='word_1_96' title='bbox 851 894 910 933; x_wconf 91' lang='lat' dir='ltr'><strong>non</strong></span> <span class='ocrx_word' id='word_1_97' title='bbox 923 886 1017 950; x_wconf 88' lang='lat' dir='ltr'><strong>potest</strong></span> <span class='ocrx_word' id='word_1_98' title='bbox 1070 878 1149 932; x_wconf 88' lang='lat' dir='ltr'><strong>enim</strong></span> <span class='ocrx_word' id='word_1_99' title='bbox 1165 878 1241 932; x_wconf 91' lang='lat' dir='ltr'><strong>eliud</strong></span> <span class='ocrx_word' id='word_1_100' title='bbox 1256 878 1388 948; x_wconf 88' lang='lat' dir='ltr'><strong>estquod</strong></span> <span class='ocrx_word' id='word_1_101' title='bbox 1404 877 1542 947; x_wconf 79' lang='lat' dir='ltr'><strong>procedit,</strong></span> <span class='ocrx_word' id='word_1_102' title='bbox 1557 882 1587 930; x_wconf 94' lang='lat' dir='ltr'><strong>et</strong></span> <span class='ocrx_word' id='word_1_103' title='bbox 1602 875 1680 930; x_wconf 91' lang='lat' dir='ltr'><strong>aliud</strong></span> <span class='ocrx_word' id='word_1_104' title='bbox 1696 876 1833 946; x_wconf 90' lang='lat' dir='ltr'><strong>loquendi</strong></span> <span class='ocrx_word' id='word_1_105' title='bbox 1849 892 1916 946; x_wconf 90' lang='lat' dir='ltr'><strong>per-</strong></span> 
     </span>
     <span class='ocr_line' id='line_1_9' title="bbox 168 965 1918 1041; baseline -0.005 -13"><span class='ocrx_word' id='word_1_106' title='bbox 168 973 239 1028; x_wconf 92' lang='lat' dir='ltr'><strong>Filio</strong></span> <span class='ocrx_word' id='word_1_107' title='bbox 254 972 388 1041; x_wconf 90' lang='lat' dir='ltr'><strong>loquente</strong></span> <span class='ocrx_word' id='word_1_108' title='bbox 409 968 508 1022; x_wconf 88' lang='lat' dir='ltr'><strong>audire</strong></span> <span class='ocrx_word' id='word_1_109' title='bbox 524 984 590 1039; x_wconf 71' lang='lat' dir='ltr'><strong>quse</strong></span> <span class='ocrx_word' id='word_1_110' title='bbox 610 967 731 1035; x_wconf 89' lang='lat' dir='ltr'><strong>nesciat;</strong></span> <span class='ocrx_word' id='word_1_111' title='bbox 750 967 887 1039; x_wconf 92' lang='lat' dir='ltr'><strong>quoniam</strong></span> <span class='ocrx_word' id='word_1_112' title='bbox 900 984 966 1021; x_wconf 91' lang='lat' dir='ltr'><strong>cum</strong></span> <span class='ocrx_word' id='word_1_113' title='bbox 981 967 1018 1021; x_wconf 89' lang='lat' dir='ltr'><strong>sit</strong></span> <span class='ocrx_word' id='word_1_114' title='bbox 1070 967 1173 1038; x_wconf 79' lang='lat' dir='ltr'><strong>ceptio,</strong></span> <span class='ocrx_word' id='word_1_115' title='bbox 1208 966 1258 1021; x_wconf 91' lang='lat' dir='ltr'><strong>sed</strong></span> <span class='ocrx_word' id='word_1_116' title='bbox 1280 966 1426 1037; x_wconf 79' lang='lat' dir='ltr'><strong>perceptio</strong></span> <span class='ocrx_word' id='word_1_117' title='bbox 1459 965 1611 1019; x_wconf 91' lang='lat' dir='ltr'><strong>locutionis</strong></span> <span class='ocrx_word' id='word_1_118' title='bbox 1642 965 1833 1035; x_wconf 80' lang='lat' dir='ltr'><strong>processionis</strong></span> <span class='ocrx_word' id='word_1_119' title='bbox 1873 969 1918 1020; x_wconf 88' lang='lat' dir='ltr'><strong>est</strong></span> 
     </span>
     <span class='ocr_line' id='line_1_10' title="bbox 168 1053 1917 1132; baseline -0.004 -17"><span class='ocrx_word' id='word_1_120' title='bbox 168 1060 299 1132; x_wconf 88' lang='lat' dir='ltr'><strong>ejusdcm</strong></span> <span class='ocrx_word' id='word_1_121' title='bbox 314 1073 379 1111; x_wconf 92' lang='lat' dir='ltr'><strong>cum</strong></span> <span class='ocrx_word' id='word_1_122' title='bbox 397 1056 467 1111; x_wconf 89' lang='lat' dir='ltr'><strong>Filio</strong></span> <span class='ocrx_word' id='word_1_123' title='bbox 482 1056 658 1122; x_wconf 77' lang='lat' dir='ltr'><strong>substantiae,</strong></span> <span class='ocrx_word' id='word_1_124' title='bbox 676 1056 868 1128; x_wconf 92' lang='lat' dir='ltr'><strong>procedatque</strong></span> <span class='ocrx_word' id='word_1_125' title='bbox 883 1056 917 1111; x_wconf 93' lang='lat' dir='ltr'><strong>de</strong></span> <span class='ocrx_word' id='word_1_126' title='bbox 934 1055 1015 1123; x_wconf 85' lang='lat' dir='ltr'><strong>Filio,</strong></span> <span class='ocrx_word' id='word_1_127' title='bbox 1070 1055 1232 1117; x_wconf 80' lang='lat' dir='ltr'><strong>existentia.</strong></span> <span class='ocrx_word' id='word_1_128' title='bbox 1265 1053 1509 1127; x_wconf 86' lang='lat' dir='ltr'><strong>quemadmodum</strong></span> <span class='ocrx_word' id='word_1_129' title='bbox 1533 1054 1691 1109; x_wconf 85' lang='lat' dir='ltr'><strong>existentiae</strong></span> <span class='ocrx_word' id='word_1_130' title='bbox 1714 1054 1917 1126; x_wconf 87' lang='lat' dir='ltr'><strong>processio,lo·</strong></span> 
     </span>
     <span class='ocr_line' id='line_1_11' title="bbox 167 1143 1342 1220; baseline -0.005 -17"><span class='ocrx_word' id='word_1_131' title='bbox 167 1165 232 1220; x_wconf 84' lang='lat' dir='ltr'><strong>quae</strong></span> <span class='ocrx_word' id='word_1_132' title='bbox 259 1145 388 1216; x_wconf 91' lang='lat' dir='ltr'><strong>loquitur</strong></span> <span class='ocrx_word' id='word_1_133' title='bbox 404 1143 501 1211; x_wconf 90' lang='lat' dir='ltr'><strong>Filius,</strong></span> <span class='ocrx_word' id='word_1_134' title='bbox 527 1144 655 1214; x_wconf 89' lang='lat' dir='ltr'><strong>loquitur</strong></span> <span class='ocrx_word' id='word_1_135' title='bbox 680 1149 708 1198; x_wconf 90' lang='lat' dir='ltr'><strong>et</strong></span> <span class='ocrx_word' id='word_1_136' title='bbox 735 1143 861 1215; x_wconf 82' lang='lat' dir='ltr'><strong>Spiritus</strong></span> <span class='ocrx_word' id='word_1_137' title='bbox 885 1149 1014 1210; x_wconf 88' lang='lat' dir='ltr'><strong>sanctus;</strong></span> <span class='ocrx_word' id='word_1_138' title='bbox 1070 1145 1193 1199; x_wconf 87' lang='lat' dir='ltr'><strong>cationis</strong></span> <span class='ocrx_word' id='word_1_139' title='bbox 1205 1144 1342 1216; x_wconf 84' lang='lat' dir='ltr'><strong>acceptio.</strong></span> 
     </span>
    </p>

    <p class='ocr_par' dir='ltr' id='par_1_5' title="bbox 163 1231 1918 3011">
     <span class='ocr_line' id='line_1_12' title="bbox 166 1231 1917 1309; baseline -0.005 -18"><span class='ocrx_word' id='word_1_140' title='bbox 166 1234 368 1309; x_wconf 91' lang='lat' dir='ltr'><strong>quoniamhoc</strong></span> <span class='ocrx_word' id='word_1_141' title='bbox 383 1232 477 1304; x_wconf 93' lang='lat' dir='ltr'><strong>ipsum</strong></span> <span class='ocrx_word' id='word_1_142' title='bbox 501 1233 577 1303; x_wconf 91' lang='lat' dir='ltr'><strong>quod</strong></span> <span class='ocrx_word' id='word_1_143' title='bbox 604 1237 649 1287; x_wconf 92' lang='lat' dir='ltr'><strong>est</strong></span> <span class='ocrx_word' id='word_1_144' title='bbox 669 1233 802 1304; x_wconf 84' lang='lat' dir='ltr'><strong>Spiritus,</strong></span> <span class='ocrx_word' id='word_1_145' title='bbox 823 1233 930 1287; x_wconf 88' lang='lat' dir='ltr'><strong>locutio</strong></span> <span class='ocrx_word' id='word_1_146' title='bbox 954 1233 1016 1287; x_wconf 92' lang='lat' dir='ltr'><strong>Filii</strong></span> <span class='ocrx_word' id='word_1_147' title='bbox 1108 1234 1140 1288; x_wconf 77' lang='lat' dir='ltr'><strong>ltt</strong></span> <span class='ocrx_word' id='word_1_148' title='bbox 1153 1233 1228 1287; x_wconf 87' lang='lat' dir='ltr'><strong>inira</strong></span> <span class='ocrx_word' id='word_1_149' title='bbox 1245 1249 1251 1287; x_wconf 93' lang='lat'><strong>:</strong></span> <span class='ocrx_word' id='word_1_150' title='bbox 1269 1253 1283 1284; x_wconf 82' lang='lat' dir='ltr'><strong>u</strong></span> <span class='ocrx_word' id='word_1_151' title='bbox 1299 1232 1450 1297; x_wconf 86' lang='lat' dir='ltr'><strong>Quomodo</strong></span> <span class='ocrx_word' id='word_1_152' title='bbox 1465 1231 1554 1303; x_wconf 83' lang='lat' dir='ltr'><strong>igitur</strong></span> <span class='ocrx_word' id='word_1_153' title='bbox 1575 1248 1662 1303; x_wconf 89' lang='lat' dir='ltr'><strong>supra</strong></span> <span class='ocrx_word' id='word_1_154' title='bbox 1684 1232 1719 1286; x_wconf 95' lang='lat' dir='ltr'><strong>de</strong></span> <span class='ocrx_word' id='word_1_155' title='bbox 1739 1231 1849 1285; x_wconf 91' lang='lat' dir='ltr'><strong>naturis</strong></span> <span class='ocrx_word' id='word_1_156' title='bbox 1872 1231 1917 1284; x_wconf 91' lang='lat' dir='ltr'><strong>in·</strong></span> 
     </span>
     <span class='ocr_line' id='line_1_13' title="bbox 167 1320 1918 1394; baseline -0.004 -15"><span class='ocrx_word' id='word_1_157' title='bbox 167 1332 209 1380; x_wconf 91' lang='lat' dir='ltr'><strong>est</strong></span> <span class='ocrx_word' id='word_1_158' title='bbox 224 1325 258 1379; x_wconf 90' lang='lat' dir='ltr'><strong>ad</strong></span> <span class='ocrx_word' id='word_1_159' title='bbox 277 1323 427 1394; x_wconf 88' lang='lat' dir='ltr'><strong>Spiritum,</strong></span> <span class='ocrx_word' id='word_1_160' title='bbox 447 1321 584 1393; x_wconf 85' lang='lat' dir='ltr'><strong>praesenti</strong></span> <span class='ocrx_word' id='word_1_161' title='bbox 607 1321 722 1376; x_wconf 88' lang='lat' dir='ltr'><strong>doctore</strong></span> <span class='ocrx_word' id='word_1_162' title='bbox 742 1322 862 1377; x_wconf 90' lang='lat' dir='ltr'><strong>dicente.</strong></span> <span class='ocrx_word' id='word_1_163' title='bbox 880 1321 934 1386; x_wconf 80' lang='lat' dir='ltr'><strong>Qui</strong></span> <span class='ocrx_word' id='word_1_164' title='bbox 950 1337 1016 1376; x_wconf 90' lang='lat' dir='ltr'><strong>curn</strong></span> <span class='ocrx_word' id='word_1_165' title='bbox 1069 1322 1266 1393; x_wconf 78' lang='lat' dir='ltr'><strong>corporalibus</strong></span> <span class='ocrx_word' id='word_1_166' title='bbox 1289 1320 1470 1391; x_wconf 89' lang='lat' dir='ltr'><strong>disputantes</strong></span> <span class='ocrx_word' id='word_1_167' title='bbox 1491 1320 1694 1387; x_wconf 82' lang='lat' dir='ltr'><strong>intelleximus,</strong></span> <span class='ocrx_word' id='word_1_168' title='bbox 1715 1320 1808 1389; x_wconf 77' lang='lat' dir='ltr'><strong>sicet</strong></span> <span class='ocrx_word' id='word_1_169' title='bbox 1840 1335 1918 1373; x_wconf 92' lang='lat' dir='ltr'><strong>nunc</strong></span> 
     </span>
     <span class='ocr_line' id='line_1_14' title="bbox 166 1407 1917 1481; baseline -0.003 -14"><span class='ocrx_word' id='word_1_170' title='bbox 166 1411 450 1481; x_wconf 78' lang='lat' dir='ltr'><strong>dixissetnonposse</strong></span> <span class='ocrx_word' id='word_1_171' title='bbox 467 1410 606 1481; x_wconf 90' lang='lat' dir='ltr'><strong>Spiritum</strong></span> <span class='ocrx_word' id='word_1_172' title='bbox 627 1415 755 1464; x_wconf 87' lang='lat' dir='ltr'><strong>sanctum</strong></span> <span class='ocrx_word' id='word_1_173' title='bbox 784 1411 855 1466; x_wconf 89' lang='lat' dir='ltr'><strong>Filio</strong></span> <span class='ocrx_word' id='word_1_174' title='bbox 881 1412 1016 1481; x_wconf 88' lang='lat' dir='ltr'><strong>loquente</strong></span> <span class='ocrx_word' id='word_1_175' title='bbox 1069 1408 1208 1479; x_wconf 90' lang='lat' dir='ltr'><strong>Spiritum</strong></span> <span class='ocrx_word' id='word_1_176' title='bbox 1235 1413 1365 1462; x_wconf 88' lang='lat' dir='ltr'><strong>sanctum</strong></span> <span class='ocrx_word' id='word_1_177' title='bbox 1390 1424 1407 1461; x_wconf 90' lang='lat' dir='ltr'><strong>a</strong></span> <span class='ocrx_word' id='word_1_178' title='bbox 1434 1407 1504 1461; x_wconf 91' lang='lat' dir='ltr'><strong>Filio</strong></span> <span class='ocrx_word' id='word_1_179' title='bbox 1532 1408 1670 1478; x_wconf 89' lang='lat' dir='ltr'><strong>accipere,</strong></span> <span class='ocrx_word' id='word_1_180' title='bbox 1698 1407 1726 1461; x_wconf 94' lang='lat' dir='ltr'><strong>id</strong></span> <span class='ocrx_word' id='word_1_181' title='bbox 1751 1407 1827 1477; x_wconf 92' lang='lat' dir='ltr'><strong>quod</strong></span> <span class='ocrx_word' id='word_1_182' title='bbox 1856 1423 1917 1461; x_wconf 84' lang='lat' dir='ltr'><strong>suae</strong></span> 
     </span>
     <span class='ocr_line' id='line_1_15' title="bbox 167 1496 1917 1571; baseline -0.003 -17"><span class='ocrx_word' id='word_1_183' title='bbox 167 1501 346 1571; x_wconf 71' lang='lat' dir='ltr'><strong>audireque.</strong></span> <span class='ocrx_word' id='word_1_184' title='bbox 363 1500 479 1565; x_wconf 87' lang='lat' dir='ltr'><strong>nesciat,</strong></span> <span class='ocrx_word' id='word_1_185' title='bbox 497 1516 562 1552; x_wconf 88' lang='lat' dir='ltr'><strong>mox</strong></span> <span class='ocrx_word' id='word_1_186' title='bbox 579 1499 1015 1569; x_wconf 75' lang='lat' dir='ltr'><strong>subdiditzsssumhoeipsum</strong></span> <span class='ocrx_word' id='word_1_187' title='bbox 1071 1503 1180 1551; x_wconf 79' lang='lat' dir='ltr'><strong>naturae</strong></span> <span class='ocrx_word' id='word_1_188' title='bbox 1203 1497 1305 1562; x_wconf 87' lang='lat' dir='ltr'><strong>fuerat,</strong></span> <span class='ocrx_word' id='word_1_189' title='bbox 1330 1497 1558 1565; x_wconf 71' lang='lat' dir='ltr'><strong>cognoscendum</strong></span> <span class='ocrx_word' id='word_1_190' title='bbox 1580 1502 1634 1561; x_wconf 88' lang='lat' dir='ltr'><strong>est,</strong></span> <span class='ocrx_word' id='word_1_191' title='bbox 1654 1500 1683 1549; x_wconf 87' lang='lat' dir='ltr'><strong>et</strong></span> <span class='ocrx_word' id='word_1_192' title='bbox 1712 1512 1768 1549; x_wconf 92' lang='lat' dir='ltr'><strong>non</strong></span> <span class='ocrx_word' id='word_1_193' title='bbox 1800 1496 1917 1550; x_wconf 88' lang='lat' dir='ltr'><strong>dantem</strong></span> 
     </span>
     <span class='ocr_line' id='line_1_16' title="bbox 167 1584 1916 1659; baseline -0.002 -17"><span class='ocrx_word' id='word_1_194' title='bbox 167 1588 292 1659; x_wconf 83' lang='lat' dir='ltr'><strong>sitquod</strong></span> <span class='ocrx_word' id='word_1_195' title='bbox 316 1588 461 1658; x_wconf 81' lang='lat' dir='ltr'><strong>protertur</strong></span> <span class='ocrx_word' id='word_1_196' title='bbox 486 1588 603 1655; x_wconf 89' lang='lat' dir='ltr'><strong>aFilio;</strong></span> <span class='ocrx_word' id='word_1_197' title='bbox 634 1609 647 1636; x_wconf 74' lang='lat' dir='ltr'><strong>u</strong></span> <span class='ocrx_word' id='word_1_198' title='bbox 666 1589 718 1642; x_wconf 87' lang='lat' dir='ltr'><strong>hoc</strong></span> <span class='ocrx_word' id='word_1_199' title='bbox 738 1593 781 1642; x_wconf 92' lang='lat' dir='ltr'><strong>est</strong></span> <span class='ocrx_word' id='word_1_200' title='bbox 803 1588 927 1659; x_wconf 88' lang='lat' dir='ltr'><strong>prolatio</strong></span> <span class='ocrx_word' id='word_1_201' title='bbox 952 1588 1016 1643; x_wconf 85' lang='lat' dir='ltr'><strong>Filii</strong></span> <span class='ocrx_word' id='word_1_202' title='bbox 1071 1593 1099 1639; x_wconf 87' lang='lat' dir='ltr'><strong>el</strong></span> <span class='ocrx_word' id='word_1_203' title='bbox 1113 1586 1312 1657; x_wconf 83' lang='lat' dir='ltr'><strong>accipientem,</strong></span> <span class='ocrx_word' id='word_1_204' title='bbox 1340 1586 1388 1640; x_wconf 90' lang='lat' dir='ltr'><strong>sed</strong></span> <span class='ocrx_word' id='word_1_205' title='bbox 1415 1601 1502 1640; x_wconf 80' lang='lat' dir='ltr'><strong>tinem</strong></span> <span class='ocrx_word' id='word_1_206' title='bbox 1530 1584 1692 1655; x_wconf 84' lang='lat' dir='ltr'><strong>signiticare</strong></span> <span class='ocrx_word' id='word_1_207' title='bbox 1715 1585 1916 1639; x_wconf 86' lang='lat' dir='ltr'><strong>substantiam.</strong></span> 
     </span>
     <span class='ocr_line' id='line_1_17' title="bbox 166 1648 1916 1747; baseline -0.002 -17"><span class='ocrx_word' id='word_1_208' title='bbox 166 1677 323 1730; x_wconf 82' lang='lat' dir='ltr'><strong>substantia</strong></span> <span class='ocrx_word' id='word_1_209' title='bbox 336 1681 379 1729; x_wconf 90' lang='lat' dir='ltr'><strong>cst</strong></span> <span class='ocrx_word' id='word_1_210' title='bbox 390 1676 511 1745; x_wconf 88' lang='lat' dir='ltr'><strong>Spiritus</strong></span> <span class='ocrx_word' id='word_1_211' title='bbox 525 1693 531 1729; x_wconf 96' lang='lat'>:</span> <span class='ocrx_word' id='word_1_212' title='bbox 546 1691 612 1730; x_wconf 87' lang='lat' dir='ltr'><strong>nam</strong></span> <span class='ocrx_word' id='word_1_213' title='bbox 626 1676 739 1743; x_wconf 83' lang='lat' dir='ltr'><strong>dicens3</strong></span> <span class='ocrx_word' id='word_1_214' title='bbox 758 1693 824 1731; x_wconf 92' lang='lat' dir='ltr'><strong>cum</strong></span> <span class='ocrx_word' id='word_1_215' title='bbox 838 1678 893 1731; x_wconf 93' lang='lat' dir='ltr'><strong>hoc</strong></span> <span class='ocrx_word' id='word_1_216' title='bbox 918 1677 1012 1747; x_wconf 89' lang='lat' dir='ltr'><strong>ipsum</strong></span> <span class='ocrx_word' id='word_1_217' title='bbox 1035 1648 1055 1702; x_wconf 71' lang='grc' dir='ltr'><strong>Β</strong></span> <span class='ocrx_word' id='word_1_218' title='bbox 1071 1674 1218 1745; x_wconf 87' lang='lat' dir='ltr'><strong>Siquidem</strong></span> <span class='ocrx_word' id='word_1_219' title='bbox 1234 1680 1262 1728; x_wconf 91' lang='lat' dir='ltr'><strong>et</strong></span> <span class='ocrx_word' id='word_1_220' title='bbox 1277 1674 1363 1728; x_wconf 90' lang='lat' dir='ltr'><strong>Filius</strong></span> <span class='ocrx_word' id='word_1_221' title='bbox 1378 1674 1479 1728; x_wconf 87' lang='lat' dir='ltr'><strong>eadem</strong></span> <span class='ocrx_word' id='word_1_222' title='bbox 1503 1691 1518 1727; x_wconf 92' lang='lat' dir='ltr'><strong>a</strong></span> <span class='ocrx_word' id='word_1_223' title='bbox 1541 1667 1623 1729; x_wconf 82' lang='lat' dir='ltr'><strong>Pa&#39;tre</strong></span> <span class='ocrx_word' id='word_1_224' title='bbox 1641 1673 1770 1743; x_wconf 82' lang='lat' dir='ltr'><strong>accipere</strong></span> <span class='ocrx_word' id='word_1_225' title='bbox 1799 1673 1916 1736; x_wconf 88' lang='lat' dir='ltr'><strong>dicitur,</strong></span> 
     </span>
     <span class='ocr_line' id='line_1_18' title="bbox 166 1761 1917 1836; baseline -0.001 -19"><span class='ocrx_word' id='word_1_226' title='bbox 166 1763 213 1831; x_wconf 92' lang='lat' dir='ltr'><strong>sit,</strong></span> <span class='ocrx_word' id='word_1_227' title='bbox 237 1763 408 1818; x_wconf 91' lang='lat' dir='ltr'><strong>subanditur</strong></span> <span class='ocrx_word' id='word_1_228' title='bbox 432 1762 556 1833; x_wconf 85' lang='lat' dir='ltr'><strong>Spiritus</strong></span> <span class='ocrx_word' id='word_1_229' title='bbox 580 1781 587 1817; x_wconf 91' lang='lat'>:</span> <span class='ocrx_word' id='word_1_230' title='bbox 613 1764 691 1834; x_wconf 93' lang='lat' dir='ltr'><strong>quod</strong></span> <span class='ocrx_word' id='word_1_231' title='bbox 713 1765 859 1836; x_wconf 80' lang='lat' dir='ltr'><strong>protertur</strong></span> <span class='ocrx_word' id='word_1_232' title='bbox 881 1781 898 1818; x_wconf 90' lang='lat' dir='ltr'><strong>a</strong></span> <span class='ocrx_word' id='word_1_233' title='bbox 922 1765 1012 1830; x_wconf 90' lang='lat' dir='ltr'><strong>Filio,</strong></span> <span class='ocrx_word' id='word_1_234' title='bbox 1069 1779 1133 1834; x_wconf 86' lang='lat' dir='ltr'><strong>quae</strong></span> <span class='ocrx_word' id='word_1_235' title='bbox 1150 1769 1192 1816; x_wconf 87' lang='lat' dir='ltr'><strong>est</strong></span> <span class='ocrx_word' id='word_1_236' title='bbox 1207 1763 1268 1833; x_wconf 92' lang='lat' dir='ltr'><strong>ipse</strong></span> <span class='ocrx_word' id='word_1_237' title='bbox 1291 1761 1473 1816; x_wconf 88' lang='lat' dir='ltr'><strong>subsistens:</strong></span> <span class='ocrx_word' id='word_1_238' title='bbox 1495 1761 1679 1832; x_wconf 87' lang='lat' dir='ltr'><strong>nequeenim</strong></span> <span class='ocrx_word' id='word_1_239' title='bbox 1693 1761 1763 1831; x_wconf 92' lang='lat' dir='ltr'><strong>quid</strong></span> <span class='ocrx_word' id='word_1_240' title='bbox 1785 1761 1917 1816; x_wconf 86' lang='lat' dir='ltr'><strong>aliudest</strong></span> 
     </span>
     <span class='ocr_line' id='line_1_19' title="bbox 166 1850 1917 1924; baseline -0.001 -17"><span class='ocrx_word' id='word_1_241' title='bbox 166 1854 220 1907; x_wconf 90' lang='lat' dir='ltr'><strong>hoc</strong></span> <span class='ocrx_word' id='word_1_242' title='bbox 244 1857 287 1907; x_wconf 89' lang='lat' dir='ltr'><strong>est</strong></span> <span class='ocrx_word' id='word_1_243' title='bbox 319 1852 395 1922; x_wconf 90' lang='lat' dir='ltr'><strong>quod</strong></span> <span class='ocrx_word' id='word_1_244' title='bbox 426 1851 553 1923; x_wconf 89' lang='lat' dir='ltr'><strong>loquitur</strong></span> <span class='ocrx_word' id='word_1_245' title='bbox 576 1854 673 1908; x_wconf 90' lang='lat' dir='ltr'><strong>Filius.</strong></span> <span class='ocrx_word' id='word_1_246' title='bbox 707 1853 736 1909; x_wconf 91' lang='lat' dir='ltr'><strong>Si</strong></span> <span class='ocrx_word' id='word_1_247' title='bbox 776 1854 851 1924; x_wconf 91' lang='lat' dir='ltr'><strong>quod</strong></span> <span class='ocrx_word' id='word_1_248' title='bbox 885 1853 1015 1924; x_wconf 86' lang='lat' dir='ltr'><strong>loquitur</strong></span> <span class='ocrx_word' id='word_1_249' title='bbox 1070 1851 1617 1922; x_wconf 78' lang='lat' dir='ltr'><strong>Filius,exceptisiisquaeeidantura</strong></span> <span class='ocrx_word' id='word_1_250' title='bbox 1645 1852 1726 1904; x_wconf 89' lang='lat' dir='ltr'><strong>Patre</strong></span> <span class='ocrx_word' id='word_1_251' title='bbox 1743 1865 1836 1920; x_wconf 91' lang='lat' dir='ltr'><strong>neque</strong></span> <span class='ocrx_word' id='word_1_252' title='bbox 1859 1850 1917 1905; x_wconf 87' lang='lat' dir='ltr'><strong>alia</strong></span> 
     </span>
     <span class='ocr_line' id='line_1_20' title="bbox 166 1939 1916 2013; baseline -0.002 -18"><span class='ocrx_word' id='word_1_253' title='bbox 166 1941 272 1999; x_wconf 88' lang='lat' dir='ltr'><strong>Filius.</strong></span> <span class='ocrx_word' id='word_1_254' title='bbox 300 1939 423 2011; x_wconf 76' lang='lat' dir='ltr'><strong>SpirItus</strong></span> <span class='ocrx_word' id='word_1_255' title='bbox 450 1946 631 2008; x_wconf 89' lang='lat' dir='ltr'><strong>senctnsesl,</strong></span> <span class='ocrx_word' id='word_1_256' title='bbox 656 1942 899 2013; x_wconf 86' lang='lat' dir='ltr'><strong>quemadmodum</strong></span> <span class='ocrx_word' id='word_1_257' title='bbox 914 1942 1014 1996; x_wconf 90' lang='lat' dir='ltr'><strong>doctor</strong></span> <span class='ocrx_word' id='word_1_258' title='bbox 1068 1940 1227 1994; x_wconf 88' lang='lat' dir='ltr'><strong>substantia</strong></span> <span class='ocrx_word' id='word_1_259' title='bbox 1241 1947 1284 1995; x_wconf 88' lang='lat' dir='ltr'><strong>est</strong></span> <span class='ocrx_word' id='word_1_260' title='bbox 1296 1940 1419 2010; x_wconf 91' lang='lat' dir='ltr'><strong>Spiritus</strong></span> <span class='ocrx_word' id='word_1_261' title='bbox 1433 1940 1647 2010; x_wconf 81' lang='lat' dir='ltr'><strong>sancti,praeter</strong></span> <span class='ocrx_word' id='word_1_262' title='bbox 1661 1939 1775 2010; x_wconf 88' lang='lat' dir='ltr'><strong>idquod</strong></span> <span class='ocrx_word' id='word_1_263' title='bbox 1790 1940 1815 1993; x_wconf 89' lang='lat' dir='ltr'><strong>ei</strong></span> <span class='ocrx_word' id='word_1_264' title='bbox 1831 1939 1916 1994; x_wconf 90' lang='lat' dir='ltr'><strong>datur</strong></span> 
     </span>
     <span class='ocr_line' id='line_1_21' title="bbox 166 2028 1915 2101; baseline -0.002 -17"><span class='ocrx_word' id='word_1_265' title='bbox 166 2031 219 2085; x_wconf 88' lang='lat' dir='ltr'><strong>iste</strong></span> <span class='ocrx_word' id='word_1_266' title='bbox 238 2034 368 2097; x_wconf 89' lang='lat' dir='ltr'><strong>testatur,</strong></span> <span class='ocrx_word' id='word_1_267' title='bbox 394 2045 453 2083; x_wconf 91' lang='lat' dir='ltr'><strong>non</strong></span> <span class='ocrx_word' id='word_1_268' title='bbox 473 2035 568 2101; x_wconf 89' lang='lat' dir='ltr'><strong>potest</strong></span> <span class='ocrx_word' id='word_1_269' title='bbox 594 2030 693 2101; x_wconf 84' lang='lat' dir='ltr'><strong>negari</strong></span> <span class='ocrx_word' id='word_1_270' title='bbox 716 2031 791 2101; x_wconf 92' lang='lat' dir='ltr'><strong>quod</strong></span> <span class='ocrx_word' id='word_1_271' title='bbox 814 2047 830 2083; x_wconf 92' lang='lat' dir='ltr'><strong>a</strong></span> <span class='ocrx_word' id='word_1_272' title='bbox 850 2031 920 2084; x_wconf 91' lang='lat' dir='ltr'><strong>Filio</strong></span> <span class='ocrx_word' id='word_1_273' title='bbox 943 2038 1023 2100; x_wconf 77' lang='lat' dir='ltr'><strong>pro·&#39;</strong></span> <span class='ocrx_word' id='word_1_274' title='bbox 1068 2030 1184 2085; x_wconf 90' lang='lat' dir='ltr'><strong>eFilio.</strong></span> <span class='ocrx_word' id='word_1_275' title='bbox 1204 2052 1214 2076; x_wconf 77' lang='grc' dir='ltr'><strong>ι</strong></span> <span class='ocrx_word' id='word_1_276' title='bbox 1234 2030 1393 2084; x_wconf 80' lang='lat' dir='ltr'><strong>Conlirmat</strong></span> <span class='ocrx_word' id='word_1_277' title='bbox 1415 2029 1626 2099; x_wconf 85' lang='lat' dir='ltr'><strong>processionem</strong></span> <span class='ocrx_word' id='word_1_278' title='bbox 1652 2028 1776 2098; x_wconf 89' lang='lat' dir='ltr'><strong>Spiritus</strong></span> <span class='ocrx_word' id='word_1_279' title='bbox 1803 2046 1819 2082; x_wconf 96' lang='lat' dir='ltr'><strong>a</strong></span> <span class='ocrx_word' id='word_1_280' title='bbox 1844 2028 1915 2082; x_wconf 89' lang='lat' dir='ltr'><strong>Filio</strong></span> 
     </span>
     <span class='ocr_line' id='line_1_22' title="bbox 166 2116 1915 2188; baseline -0.001 -16"><span class='ocrx_word' id='word_1_281' title='bbox 166 2116 250 2172; x_wconf 88' lang='lat' dir='ltr'><strong>cedat</strong></span> <span class='ocrx_word' id='word_1_282' title='bbox 282 2117 405 2188; x_wconf 89' lang='lat' dir='ltr'><strong>Spiritus</strong></span> <span class='ocrx_word' id='word_1_283' title='bbox 435 2133 442 2171; x_wconf 73' lang='grc' dir='ltr'><strong>ι</strong></span> <span class='ocrx_word' id='word_1_284' title='bbox 473 2117 617 2188; x_wconf 89' lang='lat' dir='ltr'><strong>siquidem</strong></span> <span class='ocrx_word' id='word_1_285' title='bbox 642 2118 747 2172; x_wconf 91' lang='lat' dir='ltr'><strong>locutio</strong></span> <span class='ocrx_word' id='word_1_286' title='bbox 776 2117 838 2171; x_wconf 82' lang='lat' dir='ltr'><strong>lilii</strong></span> <span class='ocrx_word' id='word_1_287' title='bbox 875 2118 910 2172; x_wconf 94' lang='lat' dir='ltr'><strong>de</strong></span> <span class='ocrx_word' id='word_1_288' title='bbox 942 2118 1013 2172; x_wconf 85' lang='lat' dir='ltr'><strong>Filio</strong></span> <span class='ocrx_word' id='word_1_289' title='bbox 1067 2116 1183 2182; x_wconf 86' lang='lat' dir='ltr'><strong>iactam,</strong></span> <span class='ocrx_word' id='word_1_290' title='bbox 1207 2122 1235 2171; x_wconf 91' lang='lat' dir='ltr'><strong>ct</strong></span> <span class='ocrx_word' id='word_1_291' title='bbox 1259 2117 1328 2172; x_wconf 91' lang='lat' dir='ltr'><strong>dicit</strong></span> <span class='ocrx_word' id='word_1_292' title='bbox 1351 2117 1491 2188; x_wconf 91' lang='lat' dir='ltr'><strong>Spiritum</strong></span> <span class='ocrx_word' id='word_1_293' title='bbox 1506 2122 1669 2172; x_wconf 89' lang='lat' dir='ltr'><strong>sanctuma</strong></span> <span class='ocrx_word' id='word_1_294' title='bbox 1690 2117 1760 2172; x_wconf 89' lang='lat' dir='ltr'><strong>Filio</strong></span> <span class='ocrx_word' id='word_1_295' title='bbox 1785 2117 1915 2187; x_wconf 90' lang='lat' dir='ltr'><strong>accipere</strong></span> 
     </span>
     <span class='ocr_line' id='line_1_23' title="bbox 166 2205 1914 2278; baseline -0.001 -18"><span class='ocrx_word' id='word_1_296' title='bbox 166 2207 297 2278; x_wconf 87' lang='lat' dir='ltr'><strong>procedit</strong></span> <span class='ocrx_word' id='word_1_297' title='bbox 321 2223 329 2260; x_wconf 77' lang='lat' dir='ltr'>z</span> <span class='ocrx_word' id='word_1_298' title='bbox 358 2222 416 2277; x_wconf 88' lang='lat' dir='ltr'><strong>qua</strong></span> <span class='ocrx_word' id='word_1_299' title='bbox 439 2206 474 2261; x_wconf 92' lang='lat' dir='ltr'><strong>de</strong></span> <span class='ocrx_word' id='word_1_300' title='bbox 500 2223 529 2260; x_wconf 93' lang='lat' dir='ltr'><strong>re</strong></span> <span class='ocrx_word' id='word_1_301' title='bbox 557 2222 622 2260; x_wconf 92' lang='lat' dir='ltr'><strong>eum</strong></span> <span class='ocrx_word' id='word_1_302' title='bbox 649 2206 702 2260; x_wconf 88' lang='lat' dir='ltr'><strong>hoc</strong></span> <span class='ocrx_word' id='word_1_303' title='bbox 725 2206 802 2262; x_wconf 89' lang='lat' dir='ltr'><strong>idem</strong></span> <span class='ocrx_word' id='word_1_304' title='bbox 833 2206 869 2260; x_wconf 89' lang='lat' dir='ltr'><strong>sit</strong></span> <span class='ocrx_word' id='word_1_305' title='bbox 891 2205 1013 2277; x_wconf 84' lang='lat' dir='ltr'><strong>Spiritus</strong></span> <span class='ocrx_word' id='word_1_306' title='bbox 1068 2205 1096 2260; x_wconf 92' lang='lat' dir='ltr'><strong>id</strong></span> <span class='ocrx_word' id='word_1_307' title='bbox 1110 2206 1188 2277; x_wconf 92' lang='lat' dir='ltr'><strong>quod</strong></span> <span class='ocrx_word' id='word_1_308' title='bbox 1204 2222 1263 2260; x_wconf 82' lang='lat' dir='ltr'><strong>suae</strong></span> <span class='ocrx_word' id='word_1_309' title='bbox 1278 2210 1388 2260; x_wconf 85' lang='lat' dir='ltr'><strong>naturae</strong></span> <span class='ocrx_word' id='word_1_310' title='bbox 1403 2206 1504 2272; x_wconf 88' lang='lat' dir='ltr'><strong>luerat,</strong></span> <span class='ocrx_word' id='word_1_311' title='bbox 1520 2205 1596 2276; x_wconf 89' lang='lat' dir='ltr'><strong>qnod</strong></span> <span class='ocrx_word' id='word_1_312' title='bbox 1621 2211 1674 2273; x_wconf 91' lang='lat' dir='ltr'><strong>est,</strong></span> <span class='ocrx_word' id='word_1_313' title='bbox 1691 2209 1824 2259; x_wconf 78' lang='lat' dir='ltr'><strong>nutrirem</strong></span> <span class='ocrx_word' id='word_1_314' title='bbox 1847 2205 1914 2275; x_wconf 87' lang='lat' dir='ltr'><strong>Spi-</strong></span> 
     </span>
     <span class='ocr_line' id='line_1_24' title="bbox 165 2293 1914 2368; baseline -0.001 -19"><span class='ocrx_word' id='word_1_315' title='bbox 165 2296 242 2368; x_wconf 90' lang='lat' dir='ltr'><strong>qnod</strong></span> <span class='ocrx_word' id='word_1_316' title='bbox 264 2295 409 2366; x_wconf 81' lang='lat' dir='ltr'><strong>protertur</strong></span> <span class='ocrx_word' id='word_1_317' title='bbox 436 2312 451 2347; x_wconf 89' lang='lat' dir='ltr'><strong>a</strong></span> <span class='ocrx_word' id='word_1_318' title='bbox 481 2295 562 2364; x_wconf 90' lang='lat' dir='ltr'><strong>Filio,</strong></span> <span class='ocrx_word' id='word_1_319' title='bbox 590 2295 718 2366; x_wconf 84' lang='lat' dir='ltr'><strong>procedit</strong></span> <span class='ocrx_word' id='word_1_320' title='bbox 745 2294 863 2350; x_wconf 88' lang='lat' dir='ltr'><strong>omnino</strong></span> <span class='ocrx_word' id='word_1_321' title='bbox 889 2294 1013 2367; x_wconf 85' lang='lat' dir='ltr'><strong>Spiritus</strong></span> <span class='ocrx_word' id='word_1_322' title='bbox 1067 2293 1138 2347; x_wconf 89' lang='lat' dir='ltr'><strong>ritus</strong></span> <span class='ocrx_word' id='word_1_323' title='bbox 1152 2310 1186 2348; x_wconf 90' lang='lat' dir='ltr'><strong>ex</strong></span> <span class='ocrx_word' id='word_1_324' title='bbox 1201 2294 1271 2348; x_wconf 89' lang='lat' dir='ltr'><strong>Filio</strong></span> <span class='ocrx_word' id='word_1_325' title='bbox 1285 2311 1355 2358; x_wconf 91' lang='lat' dir='ltr'><strong>esse,</strong></span> <span class='ocrx_word' id='word_1_326' title='bbox 1372 2299 1471 2348; x_wconf 93' lang='lat' dir='ltr'><strong>elnon</strong></span> <span class='ocrx_word' id='word_1_327' title='bbox 1488 2293 1610 2348; x_wconf 90' lang='lat' dir='ltr'><strong>sitaliud</strong></span> <span class='ocrx_word' id='word_1_328' title='bbox 1628 2293 1756 2363; x_wconf 88' lang='lat' dir='ltr'><strong>accipere</strong></span> <span class='ocrx_word' id='word_1_329' title='bbox 1775 2293 1914 2364; x_wconf 89' lang='lat' dir='ltr'><strong>Spiritum</strong></span> 
     </span>
     <span class='ocr_line' id='line_1_25' title="bbox 165 2382 1916 2454; baseline -0.001 -15"><span class='ocrx_word' id='word_1_330' title='bbox 165 2401 182 2439; x_wconf 95' lang='lat' dir='ltr'><strong>a</strong></span> <span class='ocrx_word' id='word_1_331' title='bbox 198 2384 279 2439; x_wconf 92' lang='lat' dir='ltr'><strong>Filio.</strong></span> <span class='ocrx_word' id='word_1_332' title='bbox 1067 2382 1174 2447; x_wconf 90' lang='lat' dir='ltr'><strong>aFilio‚</strong></span> <span class='ocrx_word' id='word_1_333' title='bbox 1200 2399 1286 2454; x_wconf 82' lang='lat' dir='ltr'><strong>qnam</strong></span> <span class='ocrx_word' id='word_1_334' title='bbox 1306 2383 1460 2454; x_wconf 87' lang='lat' dir='ltr'><strong>procedere</strong></span> <span class='ocrx_word' id='word_1_335' title='bbox 1476 2384 1510 2437; x_wconf 89' lang='lat' dir='ltr'><strong>de</strong></span> <span class='ocrx_word' id='word_1_336' title='bbox 1527 2382 1614 2450; x_wconf 85' lang='lat' dir='ltr'><strong>Filio;</strong></span> <span class='ocrx_word' id='word_1_337' title='bbox 1639 2398 1733 2454; x_wconf 85' lang='lat' dir='ltr'><strong>neque</strong></span> <span class='ocrx_word' id='word_1_338' title='bbox 1758 2382 1874 2437; x_wconf 92' lang='lat' dir='ltr'><strong>dantem</strong></span> <span class='ocrx_word' id='word_1_339' title='bbox 1887 2388 1916 2437; x_wconf 94' lang='lat' dir='ltr'><strong>et</strong></span> 
     </span>
     <span class='ocr_line' id='line_1_26' title="bbox 189 2469 1915 2544; baseline -0.002 -15"><span class='ocrx_word' id='word_1_340' title='bbox 189 2472 553 2544; x_wconf 78' lang='lat' dir='ltr'><strong>Subiungitzclieuique</strong></span> <span class='ocrx_word' id='word_1_341' title='bbox 583 2487 619 2526; x_wconf 89' lang='lat' dir='ltr'><strong>ne</strong></span> <span class='ocrx_word' id='word_1_342' title='bbox 644 2472 708 2543; x_wconf 90' lang='lat' dir='ltr'><strong>quis</strong></span> <span class='ocrx_word' id='word_1_343' title='bbox 732 2472 814 2526; x_wconf 92' lang='lat' dir='ltr'><strong>illum</strong></span> <span class='ocrx_word' id='word_1_344' title='bbox 838 2488 855 2526; x_wconf 94' lang='lat' dir='ltr'><strong>a</strong></span> <span class='ocrx_word' id='word_1_345' title='bbox 878 2472 1012 2527; x_wconf 88' lang='lat' dir='ltr'><strong>Patriset</strong></span> <span class='ocrx_word' id='word_1_346' title='bbox 1066 2469 1253 2541; x_wconf 85' lang='lat' dir='ltr'><strong>accipientem</strong></span> <span class='ocrx_word' id='word_1_347' title='bbox 1279 2471 1499 2542; x_wconf 80' lang='lat' dir='ltr'><strong>intelligendum</strong></span> <span class='ocrx_word' id='word_1_348' title='bbox 1532 2475 1669 2542; x_wconf 88' lang='lat' dir='ltr'><strong>tanquam</strong></span> <span class='ocrx_word' id='word_1_349' title='bbox 1696 2471 1813 2526; x_wconf 89' lang='lat' dir='ltr'><strong>alterius</strong></span> <span class='ocrx_word' id='word_1_350' title='bbox 1834 2473 1915 2526; x_wconf 90' lang='lat' dir='ltr'><strong>etal-</strong></span> 
     </span>
     <span class='ocr_line' id='line_1_27' title="bbox 165 2559 1914 2632; baseline -0.003 -13"><span class='ocrx_word' id='word_1_351' title='bbox 165 2562 230 2619; x_wconf 90' lang='lat' dir='ltr'><strong>Filii</strong></span> <span class='ocrx_word' id='word_1_352' title='bbox 254 2562 400 2617; x_wconf 71' lang='lat' dir='ltr'><strong>volumtate</strong></span> <span class='ocrx_word' id='word_1_353' title='bbox 441 2567 470 2615; x_wconf 90' lang='lat' dir='ltr'><strong>et</strong></span> <span class='ocrx_word' id='word_1_354' title='bbox 496 2560 630 2615; x_wconf 88' lang='lat' dir='ltr'><strong>societate</strong></span> <span class='ocrx_word' id='word_1_355' title='bbox 658 2560 845 2629; x_wconf 86' lang='lat' dir='ltr'><strong>discerneret,</strong></span> <span class='ocrx_word' id='word_1_356' title='bbox 871 2561 1009 2632; x_wconf 88' lang='lat' dir='ltr'><strong>scripturn</strong></span> <span class='ocrx_word' id='word_1_357' title='bbox 1067 2559 1154 2612; x_wconf 89' lang='lat' dir='ltr'><strong>terius</strong></span> <span class='ocrx_word' id='word_1_358' title='bbox 1178 2559 1355 2625; x_wconf 85' lang='lat' dir='ltr'><strong>substentiae,</strong></span> <span class='ocrx_word' id='word_1_359' title='bbox 1378 2560 1427 2613; x_wconf 91' lang='lat' dir='ltr'><strong>sed</strong></span> <span class='ocrx_word' id='word_1_360' title='bbox 1452 2576 1604 2631; x_wconf 88' lang='lat' dir='ltr'><strong>personam</strong></span> <span class='ocrx_word' id='word_1_361' title='bbox 1629 2559 1691 2613; x_wconf 81' lang='lat' dir='ltr'><strong>Filii</strong></span> <span class='ocrx_word' id='word_1_362' title='bbox 1719 2560 1846 2624; x_wconf 87' lang='lat' dir='ltr'><strong>dantem,</strong></span> <span class='ocrx_word' id='word_1_363' title='bbox 1882 2564 1914 2614; x_wconf 90' lang='lat' dir='ltr'><strong>ut</strong></span> 
     </span>
     <span class='ocr_line' id='line_1_28' title="bbox 163 2647 1913 2719; baseline -0.002 -13"><span class='ocrx_word' id='word_1_364' title='bbox 163 2653 304 2707; x_wconf 88' lang='lat' dir='ltr'><strong>est:llon</strong></span> <span class='ocrx_word' id='word_1_365' title='bbox 327 2651 396 2704; x_wconf 86' lang='lat' dir='ltr'><strong>euim</strong></span> <span class='ocrx_word' id='word_1_366' title='bbox 418 2666 436 2703; x_wconf 89' lang='lat' dir='ltr'><strong>e</strong></span> <span class='ocrx_word' id='word_1_367' title='bbox 459 2652 602 2719; x_wconf 80' lang='lat' dir='ltr'><strong>semetipso</strong></span> <span class='ocrx_word' id='word_1_368' title='bbox 630 2650 764 2718; x_wconf 82' lang='lat' dir='ltr'><strong>loquetur,</strong></span> <span class='ocrx_word' id='word_1_369' title='bbox 785 2649 832 2704; x_wconf 85' lang='lat' dir='ltr'><strong>sed</strong></span> <span class='ocrx_word' id='word_1_370' title='bbox 861 2651 933 2705; x_wconf 84' lang='lat' dir='ltr'><strong>sicut</strong></span> <span class='ocrx_word' id='word_1_371' title='bbox 960 2665 1011 2704; x_wconf 89' lang='lat' dir='ltr'><strong>uu·</strong></span> <span class='ocrx_word' id='word_1_372' title='bbox 1066 2647 1167 2702; x_wconf 85' lang='lat' dir='ltr'><strong>existat</strong></span> <span class='ocrx_word' id='word_1_373' title='bbox 1187 2647 1319 2718; x_wconf 90' lang='lat' dir='ltr'><strong>Spiritus,</strong></span> <span class='ocrx_word' id='word_1_374' title='bbox 1336 2652 1366 2702; x_wconf 90' lang='lat' dir='ltr'><strong>el</strong></span> <span class='ocrx_word' id='word_1_375' title='bbox 1388 2663 1539 2718; x_wconf 87' lang='lat' dir='ltr'><strong>personam</strong></span> <span class='ocrx_word' id='word_1_376' title='bbox 1568 2648 1688 2719; x_wconf 87' lang='lat' dir='ltr'><strong>Spiritus</strong></span> <span class='ocrx_word' id='word_1_377' title='bbox 1713 2648 1913 2718; x_wconf 87' lang='lat' dir='ltr'><strong>accipientem,</strong></span> 
     </span>
     <span class='ocr_line' id='line_1_29' title="bbox 163 2737 1914 2809; baseline -0.002 -15"><span class='ocrx_word' id='word_1_378' title='bbox 163 2740 220 2794; x_wconf 83' lang='lat' dir='ltr'><strong>diet</strong></span> <span class='ocrx_word' id='word_1_379' title='bbox 243 2740 367 2807; x_wconf 84' lang='lat' dir='ltr'><strong>loquetur</strong></span> <span class='ocrx_word' id='word_1_380' title='bbox 392 2737 480 2808; x_wconf 77' lang='lat' dir='ltr'><strong>(loun.</strong></span> <span class='ocrx_word' id='word_1_381' title='bbox 503 2754 559 2802; x_wconf 87' lang='lat' dir='ltr'><strong>xvr,</strong></span> <span class='ocrx_word' id='word_1_382' title='bbox 590 2737 641 2800; x_wconf 75' lang='lat' dir='ltr'><strong>ld).</strong></span> <span class='ocrx_word' id='word_1_383' title='bbox 672 2737 724 2793; x_wconf 87' lang='lat' dir='ltr'><strong>Cui</strong></span> <span class='ocrx_word' id='word_1_384' title='bbox 744 2738 838 2792; x_wconf 91' lang='lat' dir='ltr'><strong>simile</strong></span> <span class='ocrx_word' id='word_1_385' title='bbox 858 2737 945 2793; x_wconf 90' lang='lat' dir='ltr'><strong>etiam</strong></span> <span class='ocrx_word' id='word_1_386' title='bbox 976 2739 1011 2794; x_wconf 90' lang='lat' dir='ltr'><strong>de</strong></span> <span class='ocrx_word' id='word_1_387' title='bbox 1065 2737 1246 2809; x_wconf 89' lang='lat' dir='ltr'><strong>utproccdat</strong></span> <span class='ocrx_word' id='word_1_388' title='bbox 1269 2753 1284 2790; x_wconf 90' lang='lat' dir='ltr'><strong>a</strong></span> <span class='ocrx_word' id='word_1_389' title='bbox 1308 2737 1387 2791; x_wconf 87' lang='lat' dir='ltr'><strong>Filio.</strong></span> <span class='ocrx_word' id='word_1_390' title='bbox 1412 2738 1445 2792; x_wconf 86' lang='lat' dir='ltr'><strong>Et</strong></span> <span class='ocrx_word' id='word_1_391' title='bbox 1472 2737 1624 2792; x_wconf 85' lang='lat' dir='ltr'><strong>confirmat</strong></span> <span class='ocrx_word' id='word_1_392' title='bbox 1642 2737 1809 2808; x_wconf 88' lang='lat' dir='ltr'><strong>opinionem</strong></span> <span class='ocrx_word' id='word_1_393' title='bbox 1832 2753 1914 2792; x_wconf 88' lang='lat' dir='ltr'><strong>suern</strong></span> 
     </span>
     <span class='ocr_line' id='line_1_30' title="bbox 163 2822 1914 2898; baseline -0.002 -16"><span class='ocrx_word' id='word_1_394' title='bbox 163 2826 314 2898; x_wconf 87' lang='lat' dir='ltr'><strong>semetipso</strong></span> <span class='ocrx_word' id='word_1_395' title='bbox 330 2825 459 2880; x_wconf 88' lang='lat' dir='ltr'><strong>Salvator</strong></span> <span class='ocrx_word' id='word_1_396' title='bbox 473 2826 514 2881; x_wconf 93' lang='lat' dir='ltr'><strong>ait</strong></span> <span class='ocrx_word' id='word_1_397' title='bbox 529 2843 535 2880; x_wconf 92' lang='lat'><strong>:</strong></span> <span class='ocrx_word' id='word_1_398' title='bbox 552 2829 621 2881; x_wconf 87' lang='lat' dir='ltr'><strong>sicut</strong></span> <span class='ocrx_word' id='word_1_399' title='bbox 644 2827 737 2892; x_wconf 81' lang='lat' dir='ltr'><strong>audio,</strong></span> <span class='ocrx_word' id='word_1_400' title='bbox 754 2826 850 2896; x_wconf 81' lang='lat' dir='ltr'><strong>judico</strong></span> <span class='ocrx_word' id='word_1_401' title='bbox 874 2827 967 2897; x_wconf 80' lang='lat' dir='ltr'><strong>(Joou.</strong></span> <span class='ocrx_word' id='word_1_402' title='bbox 983 2844 1009 2895; x_wconf 89' lang='lat' dir='ltr'><strong>v,</strong></span> <span class='ocrx_word' id='word_1_403' title='bbox 1065 2840 1099 2879; x_wconf 90' lang='lat' dir='ltr'><strong>ex</strong></span> <span class='ocrx_word' id='word_1_404' title='bbox 1114 2840 1148 2878; x_wconf 89' lang='lat' dir='ltr'><strong>eo</strong></span> <span class='ocrx_word' id='word_1_405' title='bbox 1164 2823 1240 2895; x_wconf 91' lang='lat' dir='ltr'><strong>quod</strong></span> <span class='ocrx_word' id='word_1_406' title='bbox 1256 2823 1342 2878; x_wconf 90' lang='lat' dir='ltr'><strong>Filius</strong></span> <span class='ocrx_word' id='word_1_407' title='bbox 1352 2822 1481 2895; x_wconf 87' lang='lat' dir='ltr'><strong>accipere</strong></span> <span class='ocrx_word' id='word_1_408' title='bbox 1491 2823 1595 2878; x_wconf 92' lang='lat' dir='ltr'><strong>dicitur</strong></span> <span class='ocrx_word' id='word_1_409' title='bbox 1609 2840 1625 2877; x_wconf 90' lang='lat' dir='ltr'><strong>a</strong></span> <span class='ocrx_word' id='word_1_410' title='bbox 1638 2824 1737 2878; x_wconf 88' lang='lat' dir='ltr'><strong>Patre:</strong></span> <span class='ocrx_word' id='word_1_411' title='bbox 1761 2839 1819 2877; x_wconf 91' lang='lat' dir='ltr'><strong>non</strong></span> <span class='ocrx_word' id='word_1_412' title='bbox 1837 2825 1914 2878; x_wconf 91' lang='lat' dir='ltr'><strong>enim</strong></span> 
     </span>
     <span class='ocr_line' id='line_1_31' title="bbox 164 2912 1912 3011; baseline -0.002 -39"><span class='ocrx_word' id='word_1_413' title='bbox 164 2916 220 2988; x_wconf 81' lang='lat'>³0).</span> <span class='ocrx_word' id='word_1_414' title='bbox 235 2937 249 2966; x_wconf 80' lang='lat' dir='ltr'><strong>u</strong></span> <span class='ocrx_word' id='word_1_415' title='bbox 275 2915 410 2969; x_wconf 80' lang='lat' dir='ltr'><strong>Voluntas</strong></span> <span class='ocrx_word' id='word_1_416' title='bbox 426 2914 517 2969; x_wconf 86' lang='lat' dir='ltr'><strong>Putris</strong></span> <span class='ocrx_word' id='word_1_417' title='bbox 540 2915 673 2969; x_wconf 82' lang='lat' dir='ltr'><strong>voluntas</strong></span> <span class='ocrx_word' id='word_1_418' title='bbox 692 2920 736 2969; x_wconf 89' lang='lat' dir='ltr'><strong>est</strong></span> <span class='ocrx_word' id='word_1_419' title='bbox 756 2914 831 2983; x_wconf 84' lang='lat' dir='ltr'><strong>Filii,</strong></span> <span class='ocrx_word' id='word_1_420' title='bbox 850 2919 878 2969; x_wconf 95' lang='lat' dir='ltr'><strong>et</strong></span> <span class='ocrx_word' id='word_1_421' title='bbox 892 2915 1011 2969; x_wconf 89' lang='lat' dir='ltr'><strong>societas</strong></span> <span class='ocrx_word' id='word_1_422' title='bbox 1029 2954 1050 3011; x_wconf 73' lang='lat' dir='ltr'>C</span> <span class='ocrx_word' id='word_1_423' title='bbox 1065 2913 1142 2968; x_wconf 89' lang='lat' dir='ltr'><strong>eliud</strong></span> <span class='ocrx_word' id='word_1_424' title='bbox 1156 2916 1199 2965; x_wconf 92' lang='lat' dir='ltr'><strong>est</strong></span> <span class='ocrx_word' id='word_1_425' title='bbox 1214 2912 1312 2979; x_wconf 90' lang='lat' dir='ltr'><strong>Filius,</strong></span> <span class='ocrx_word' id='word_1_426' title='bbox 1334 2919 1363 2967; x_wconf 94' lang='lat' dir='ltr'><strong>et</strong></span> <span class='ocrx_word' id='word_1_427' title='bbox 1385 2912 1463 2967; x_wconf 91' lang='lat' dir='ltr'><strong>aliud</strong></span> <span class='ocrx_word' id='word_1_428' title='bbox 1480 2915 1524 2966; x_wconf 90' lang='lat' dir='ltr'><strong>est</strong></span> <span class='ocrx_word' id='word_1_429' title='bbox 1543 2912 1619 2983; x_wconf 89' lang='lat' dir='ltr'><strong>quod</strong></span> <span class='ocrx_word' id='word_1_430' title='bbox 1643 2912 1767 2983; x_wconf 87' lang='lat' dir='ltr'><strong>percipit</strong></span> <span class='ocrx_word' id='word_1_431' title='bbox 1782 2929 1798 2966; x_wconf 89' lang='lat' dir='ltr'><strong>a</strong></span> <span class='ocrx_word' id='word_1_432' title='bbox 1815 2914 1912 2980; x_wconf 65' lang='lat' dir='ltr'><strong>Palem</strong></span> 
     </span>
    </p>
   </div>
   <div class='ocr_carea' id='block_1_5' title="bbox 50 2998 1914 3074">
    <p class='ocr_par' dir='ltr' id='par_1_6' title="bbox 50 2998 1914 3074">
     <span class='ocr_line' id='line_1_32' title="bbox 50 2998 1914 3074; baseline 0.002 -22"><span class='ocrx_word' id='word_1_433' title='bbox 50 2998 57 3053; x_wconf 85' lang='lat'><strong>.&#39;</strong></span> <span class='ocrx_word' id='word_1_434' title='bbox 164 3000 313 3073; x_wconf 88' lang='lat' dir='ltr'><strong>utriusque</strong></span> <span class='ocrx_word' id='word_1_435' title='bbox 338 3001 460 3073; x_wconf 90' lang='lat' dir='ltr'><strong>Spiritus</strong></span> <span class='ocrx_word' id='word_1_436' title='bbox 486 3001 662 3057; x_wconf 88' lang='lat' dir='ltr'><strong>amborum:</strong></span> <span class='ocrx_word' id='word_1_437' title='bbox 700 3003 839 3074; x_wconf 89' lang='lat' dir='ltr'><strong>quoniam</strong></span> <span class='ocrx_word' id='word_1_438' title='bbox 876 3003 1008 3072; x_wconf 89' lang='lat' dir='ltr'><strong>charitas,</strong></span> <span class='ocrx_word' id='word_1_439' title='bbox 1066 3003 1241 3058; x_wconf 88' lang='lat' dir='ltr'><strong>sedePatre</strong></span> <span class='ocrx_word' id='word_1_440' title='bbox 1255 3001 1401 3073; x_wconf 86' lang='lat' dir='ltr'><strong>perceptio</strong></span> <span class='ocrx_word' id='word_1_441' title='bbox 1417 3001 1480 3054; x_wconf 90' lang='lat' dir='ltr'><strong>Filii</strong></span> <span class='ocrx_word' id='word_1_442' title='bbox 1490 3001 1727 3056; x_wconf 86' lang='lat' dir='ltr'><strong>estsuhsistentia</strong></span> <span class='ocrx_word' id='word_1_443' title='bbox 1743 3000 1839 3072; x_wconf 86' lang='lat' dir='ltr'><strong>:quod</strong></span> <span class='ocrx_word' id='word_1_444' title='bbox 1860 3002 1914 3055; x_wconf 90' lang='lat' dir='ltr'><strong>cla·</strong></span> 
     </span>
    </p>
   </div>
   <div class='ocr_carea' id='block_1_6' title="bbox 160 3089 1916 5555">
    <p class='ocr_par' dir='ltr' id='par_1_7' title="bbox 160 3089 1916 5555">
     <span class='ocr_line' id='line_1_33' title="bbox 164 3089 1914 3161; baseline 0.002 -20"><span class='ocrx_word' id='word_1_445' title='bbox 164 3102 229 3157; x_wconf 86' lang='lat' dir='ltr'><strong>qnae</strong></span> <span class='ocrx_word' id='word_1_446' title='bbox 244 3096 288 3144; x_wconf 89' lang='lat' dir='ltr'><strong>est</strong></span> <span class='ocrx_word' id='word_1_447' title='bbox 298 3089 431 3161; x_wconf 90' lang='lat' dir='ltr'><strong>Spiritus,</strong></span> <span class='ocrx_word' id='word_1_448' title='bbox 448 3090 538 3145; x_wconf 84' lang='lat' dir='ltr'><strong>societ</strong></span> <span class='ocrx_word' id='word_1_449' title='bbox 560 3092 738 3147; x_wconf 86' lang='lat' dir='ltr'><strong>volunlatem</strong></span> <span class='ocrx_word' id='word_1_450' title='bbox 759 3092 851 3147; x_wconf 84' lang='lat' dir='ltr'><strong>Petris</strong></span> <span class='ocrx_word' id='word_1_451' title='bbox 875 3097 904 3147; x_wconf 96' lang='lat' dir='ltr'><strong>et</strong></span> <span class='ocrx_word' id='word_1_452' title='bbox 923 3093 1010 3148; x_wconf 82' lang='lat' dir='ltr'><strong>Filii:</strong></span> <span class='ocrx_word' id='word_1_453' title='bbox 1064 3090 1124 3146; x_wconf 90' lang='lat' dir='ltr'><strong>rins</strong></span> <span class='ocrx_word' id='word_1_454' title='bbox 1136 3090 1260 3146; x_wconf 89' lang='lat' dir='ltr'><strong>ailirmat</strong></span> <span class='ocrx_word' id='word_1_455' title='bbox 1271 3089 1470 3161; x_wconf 87' lang='lat' dir='ltr'><strong>prosequendo</strong></span> <span class='ocrx_word' id='word_1_456' title='bbox 1489 3106 1495 3143; x_wconf 91' lang='lat'>:</span> <span class='ocrx_word' id='word_1_457' title='bbox 1515 3111 1526 3140; x_wconf 77' lang='grc' dir='ltr'>ι</span> <span class='ocrx_word' id='word_1_458' title='bbox 1544 3091 1642 3160; x_wconf 81' lang='lat' dir='ltr'><strong>Neque</strong></span> <span class='ocrx_word' id='word_1_459' title='bbox 1656 3089 1734 3144; x_wconf 88' lang='lat' dir='ltr'><strong>enim</strong></span> <span class='ocrx_word' id='word_1_460' title='bbox 1750 3090 1822 3161; x_wconf 89' lang='lat' dir='ltr'><strong>quid</strong></span> <span class='ocrx_word' id='word_1_461' title='bbox 1836 3090 1914 3146; x_wconf 89' lang='lat' dir='ltr'><strong>uliud</strong></span> 
     </span>
     <span class='ocr_line' id='line_1_34' title="bbox 163 3178 1910 3253; baseline 0.002 -23"><span class='ocrx_word' id='word_1_462' title='bbox 163 3190 257 3247; x_wconf 90' lang='lat' dir='ltr'><strong>neque</strong></span> <span class='ocrx_word' id='word_1_463' title='bbox 273 3182 368 3249; x_wconf 89' lang='lat' dir='ltr'><strong>potest</strong></span> <span class='ocrx_word' id='word_1_464' title='bbox 388 3178 520 3233; x_wconf 82' lang='lat' dir='ltr'><strong>voluntas</strong></span> <span class='ocrx_word' id='word_1_465' title='bbox 540 3178 855 3249; x_wconf 85' lang='lat' dir='ltr'><strong>Spiritusaroluntale</strong></span> <span class='ocrx_word' id='word_1_466' title='bbox 878 3181 1011 3236; x_wconf 88' lang='lat' dir='ltr'><strong>Patrisel</strong></span> <span class='ocrx_word' id='word_1_467' title='bbox 1065 3187 1108 3237; x_wconf 89' lang='lat' dir='ltr'><strong>est</strong></span> <span class='ocrx_word' id='word_1_468' title='bbox 1126 3181 1222 3249; x_wconf 88' lang='lat' dir='ltr'><strong>Filius,</strong></span> <span class='ocrx_word' id='word_1_469' title='bbox 1243 3181 1367 3252; x_wconf 90' lang='lat' dir='ltr'><strong>exceptis</strong></span> <span class='ocrx_word' id='word_1_470' title='bbox 1391 3181 1437 3235; x_wconf 89' lang='lat' dir='ltr'><strong>his</strong></span> <span class='ocrx_word' id='word_1_471' title='bbox 1464 3197 1528 3253; x_wconf 78' lang='lat' dir='ltr'><strong>quae</strong></span> <span class='ocrx_word' id='word_1_472' title='bbox 1557 3181 1584 3234; x_wconf 90' lang='lat' dir='ltr'><strong>ei</strong></span> <span class='ocrx_word' id='word_1_473' title='bbox 1606 3181 1751 3235; x_wconf 88' lang='lat' dir='ltr'><strong>dentara</strong></span> <span class='ocrx_word' id='word_1_474' title='bbox 1780 3181 1874 3236; x_wconf 82' lang='lat' dir='ltr'><strong>Patre.</strong></span> <span class='ocrx_word' id='word_1_475' title='bbox 1897 3205 1910 3230; x_wconf 75' lang='lat' dir='ltr'><strong>n</strong></span> 
     </span>
     <span class='ocr_line' id='line_1_35' title="bbox 164 3264 1913 3340; baseline 0.003 -22"><span class='ocrx_word' id='word_1_476' title='bbox 164 3264 226 3319; x_wconf 90' lang='lat' dir='ltr'><strong>Filii</strong></span> <span class='ocrx_word' id='word_1_477' title='bbox 244 3267 356 3337; x_wconf 82' lang='lat' dir='ltr'><strong>sejungi</strong></span> <span class='ocrx_word' id='word_1_478' title='bbox 364 3283 372 3335; x_wconf 80' lang='lat'><em>3</em></span> <span class='ocrx_word' id='word_1_479' title='bbox 398 3267 447 3322; x_wconf 91' lang='lat' dir='ltr'><strong>sed</strong></span> <span class='ocrx_word' id='word_1_480' title='bbox 474 3267 548 3322; x_wconf 87' lang='lat' dir='ltr'><strong>sicut</strong></span> <span class='ocrx_word' id='word_1_481' title='bbox 574 3267 693 3323; x_wconf 90' lang='lat' dir='ltr'><strong>societas</strong></span> <span class='ocrx_word' id='word_1_482' title='bbox 705 3274 761 3340; x_wconf 59' lang='lat' dir='ltr'><strong>‚est</strong></span> <span class='ocrx_word' id='word_1_483' title='bbox 783 3269 942 3340; x_wconf 89' lang='lat' dir='ltr'><strong>utriusque,</strong></span> <span class='ocrx_word' id='word_1_484' title='bbox 971 3270 1011 3324; x_wconf 92' lang='lat' dir='ltr'><strong>sic</strong></span> <span class='ocrx_word' id='word_1_485' title='bbox 1065 3269 1144 3335; x_wconf 85' lang='lat' dir='ltr'><strong>Quod</strong></span> <span class='ocrx_word' id='word_1_486' title='bbox 1159 3275 1201 3324; x_wconf 90' lang='lat' dir='ltr'><strong>est</strong></span> <span class='ocrx_word' id='word_1_487' title='bbox 1225 3286 1283 3323; x_wconf 91' lang='lat' dir='ltr'><strong>non</strong></span> <span class='ocrx_word' id='word_1_488' title='bbox 1307 3269 1374 3324; x_wconf 88' lang='lat' dir='ltr'><strong>licet</strong></span> <span class='ocrx_word' id='word_1_489' title='bbox 1395 3269 1524 3339; x_wconf 87' lang='lat' dir='ltr'><strong>excipere</strong></span> <span class='ocrx_word' id='word_1_490' title='bbox 1547 3285 1613 3340; x_wconf 86' lang='lat' dir='ltr'><strong>quae</strong></span> <span class='ocrx_word' id='word_1_491' title='bbox 1637 3270 1782 3324; x_wconf 88' lang='lat' dir='ltr'><strong>donantur</strong></span> <span class='ocrx_word' id='word_1_492' title='bbox 1798 3286 1815 3323; x_wconf 89' lang='lat' dir='ltr'><strong>a</strong></span> <span class='ocrx_word' id='word_1_493' title='bbox 1832 3271 1913 3324; x_wconf 85' lang='lat' dir='ltr'><strong>Patre</strong></span> 
     </span>
     <span class='ocr_line' id='line_1_36' title="bbox 162 3351 1913 3425; baseline 0.005 -20"><span class='ocrx_word' id='word_1_494' title='bbox 162 3351 291 3421; x_wconf 83' lang='lat' dir='ltr'><strong>ejusdem</strong></span> <span class='ocrx_word' id='word_1_495' title='bbox 306 3355 459 3408; x_wconf 80' lang='lat' dir='ltr'><strong>voluntatis</strong></span> <span class='ocrx_word' id='word_1_496' title='bbox 474 3353 636 3408; x_wconf 89' lang='lat' dir='ltr'><strong>amborum.</strong></span> <span class='ocrx_word' id='word_1_497' title='bbox 655 3355 689 3408; x_wconf 86' lang='lat' dir='ltr'><strong>Et</strong></span> <span class='ocrx_word' id='word_1_498' title='bbox 704 3354 777 3408; x_wconf 90' lang='lat' dir='ltr'><strong>sicut</strong></span> <span class='ocrx_word' id='word_1_499' title='bbox 796 3355 927 3409; x_wconf 87' lang='lat' dir='ltr'><strong>voluntas</strong></span> <span class='ocrx_word' id='word_1_500' title='bbox 941 3355 1011 3425; x_wconf 73' lang='lat' dir='ltr'><strong>{Filii</strong></span> <span class='ocrx_word' id='word_1_501' title='bbox 1066 3358 1137 3412; x_wconf 89' lang='lat' dir='ltr'><strong>Filio</strong></span> <span class='ocrx_word' id='word_1_502' title='bbox 1153 3375 1170 3411; x_wconf 90' lang='lat' dir='ltr'><strong>a</strong></span> <span class='ocrx_word' id='word_1_503' title='bbox 1189 3358 1350 3412; x_wconf 85' lang='lat' dir='ltr'><strong>substantia</strong></span> <span class='ocrx_word' id='word_1_504' title='bbox 1374 3359 1448 3425; x_wconf 91' lang='lat' dir='ltr'><strong>Filii,</strong></span> <span class='ocrx_word' id='word_1_505' title='bbox 1473 3358 1523 3412; x_wconf 90' lang='lat' dir='ltr'><strong>sed</strong></span> <span class='ocrx_word' id='word_1_506' title='bbox 1544 3358 1610 3413; x_wconf 90' lang='lat' dir='ltr'><strong>data</strong></span> <span class='ocrx_word' id='word_1_507' title='bbox 1638 3359 1730 3413; x_wconf 84' lang='lat' dir='ltr'><strong>Patris</strong></span> <span class='ocrx_word' id='word_1_508' title='bbox 1755 3359 1913 3414; x_wconf 88' lang='lat' dir='ltr'><strong>substantia</strong></span> 
     </span>
     <span class='ocr_line' id='line_1_37' title="bbox 162 3440 1914 3519; baseline 0.007 -27"><span class='ocrx_word' id='word_1_509' title='bbox 162 3440 288 3493; x_wconf 87' lang='lat' dir='ltr'><strong>nascitur</strong></span> <span class='ocrx_word' id='word_1_510' title='bbox 301 3441 336 3494; x_wconf 91' lang='lat' dir='ltr'><strong>de</strong></span> <span class='ocrx_word' id='word_1_511' title='bbox 361 3442 455 3509; x_wconf 84' lang='lat' dir='ltr'><strong>Patre,</strong></span> <span class='ocrx_word' id='word_1_512' title='bbox 481 3441 521 3494; x_wconf 92' lang='lat' dir='ltr'><strong>sic</strong></span> <span class='ocrx_word' id='word_1_513' title='bbox 545 3442 676 3495; x_wconf 86' lang='lat' dir='ltr'><strong>voluntas</strong></span> <span class='ocrx_word' id='word_1_514' title='bbox 701 3442 823 3512; x_wconf 90' lang='lat' dir='ltr'><strong>Spiritus</strong></span> <span class='ocrx_word' id='word_1_515' title='bbox 850 3443 1012 3512; x_wconf 86' lang='lat' dir='ltr'><strong>procedite</strong></span> <span class='ocrx_word' id='word_1_516' title='bbox 1064 3451 1107 3500; x_wconf 90' lang='lat' dir='ltr'><strong>est</strong></span> <span class='ocrx_word' id='word_1_517' title='bbox 1124 3446 1199 3514; x_wconf 86' lang='lat' dir='ltr'><strong>Filii,</strong></span> <span class='ocrx_word' id='word_1_518' title='bbox 1215 3446 1504 3517; x_wconf 88' lang='lat' dir='ltr'><strong>quoniamnnscendo</strong></span> <span class='ocrx_word' id='word_1_519' title='bbox 1521 3448 1648 3519; x_wconf 86' lang='lat' dir='ltr'><strong>percepit</strong></span> <span class='ocrx_word' id='word_1_520' title='bbox 1660 3448 1758 3502; x_wconf 90' lang='lat' dir='ltr'><strong>omnia</strong></span> <span class='ocrx_word' id='word_1_521' title='bbox 1772 3453 1914 3519; x_wconf 76' lang='lat' dir='ltr'><strong>quaesunt</strong></span> 
     </span>
     <span class='ocr_line' id='line_1_38' title="bbox 162 3527 1913 3607; baseline 0.005 -25"><span class='ocrx_word' id='word_1_522' title='bbox 162 3527 242 3583; x_wconf 89' lang='lat' dir='ltr'><strong>Filio.</strong></span> <span class='ocrx_word' id='word_1_523' title='bbox 260 3527 330 3581; x_wconf 86' lang='lat' dir='ltr'><strong>Hinc</strong></span> <span class='ocrx_word' id='word_1_524' title='bbox 345 3531 388 3581; x_wconf 90' lang='lat' dir='ltr'><strong>est</strong></span> <span class='ocrx_word' id='word_1_525' title='bbox 414 3528 492 3597; x_wconf 91' lang='lat' dir='ltr'><strong>quod</strong></span> <span class='ocrx_word' id='word_1_526' title='bbox 518 3527 558 3582; x_wconf 90' lang='lat' dir='ltr'><strong>eit</strong></span> <span class='ocrx_word' id='word_1_527' title='bbox 579 3527 614 3583; x_wconf 87' lang='lat' dir='ltr'><strong>de</strong></span> <span class='ocrx_word' id='word_1_528' title='bbox 646 3529 755 3598; x_wconf 91' lang='lat' dir='ltr'><strong>Spiritu</strong></span> <span class='ocrx_word' id='word_1_529' title='bbox 779 3547 785 3583; x_wconf 96' lang='lat'><strong>:</strong></span> <span class='ocrx_word' id='word_1_530' title='bbox 812 3532 869 3586; x_wconf 85' lang='lat' dir='ltr'><strong>Non</strong></span> <span class='ocrx_word' id='word_1_531' title='bbox 895 3534 966 3585; x_wconf 83' lang='lat' dir='ltr'><strong>enim</strong></span> <span class='ocrx_word' id='word_1_532' title='bbox 993 3547 1011 3585; x_wconf 86' lang='lat' dir='ltr'><strong>e</strong></span> <span class='ocrx_word' id='word_1_533' title='bbox 1064 3533 1171 3601; x_wconf 81' lang='lat' dir='ltr'><strong>Petris3</strong></span> <span class='ocrx_word' id='word_1_534' title='bbox 1188 3534 1228 3588; x_wconf 88' lang='lat' dir='ltr'><strong>sic</strong></span> <span class='ocrx_word' id='word_1_535' title='bbox 1238 3541 1267 3589; x_wconf 92' lang='lat' dir='ltr'><strong>et</strong></span> <span class='ocrx_word' id='word_1_536' title='bbox 1282 3535 1317 3590; x_wconf 91' lang='lat' dir='ltr'><strong>de</strong></span> <span class='ocrx_word' id='word_1_537' title='bbox 1330 3535 1436 3607; x_wconf 87' lang='lat' dir='ltr'><strong>Spiritu</strong></span> <span class='ocrx_word' id='word_1_538' title='bbox 1451 3542 1549 3591; x_wconf 87' lang='lat' dir='ltr'><strong>sancto</strong></span> <span class='ocrx_word' id='word_1_539' title='bbox 1569 3536 1682 3601; x_wconf 87' lang='lat' dir='ltr'><strong>latetur,</strong></span> <span class='ocrx_word' id='word_1_540' title='bbox 1700 3537 1776 3607; x_wconf 92' lang='lat' dir='ltr'><strong>quod</strong></span> <span class='ocrx_word' id='word_1_541' title='bbox 1797 3553 1855 3591; x_wconf 91' lang='lat' dir='ltr'><strong>non</strong></span> <span class='ocrx_word' id='word_1_542' title='bbox 1878 3537 1913 3591; x_wconf 91' lang='lat' dir='ltr'><strong>sit</strong></span> 
     </span>
     <span class='ocr_line' id='line_1_39' title="bbox 161 3616 1912 3695; baseline 0.007 -26"><span class='ocrx_word' id='word_1_543' title='bbox 161 3617 304 3684; x_wconf 80' lang='lat' dir='ltr'><strong>semetipso</strong></span> <span class='ocrx_word' id='word_1_544' title='bbox 326 3617 461 3684; x_wconf 85' lang='lat' dir='ltr'><strong>loquetur,</strong></span> <span class='ocrx_word' id='word_1_545' title='bbox 483 3616 531 3670; x_wconf 83' lang='lat' dir='ltr'><strong>aed</strong></span> <span class='ocrx_word' id='word_1_546' title='bbox 544 3619 615 3672; x_wconf 82' lang='lat' dir='ltr'><strong>sicut</strong></span> <span class='ocrx_word' id='word_1_547' title='bbox 643 3618 737 3672; x_wconf 83' lang='lat' dir='ltr'><strong>audiet</strong></span> <span class='ocrx_word' id='word_1_548' title='bbox 753 3619 886 3688; x_wconf 87' lang='lat' dir='ltr'><strong>loquetur.</strong></span> <span class='ocrx_word' id='word_1_549' title='bbox 906 3622 929 3673; x_wconf 83' lang='lat' dir='ltr'>A</span> <span class='ocrx_word' id='word_1_550' title='bbox 954 3636 1011 3690; x_wconf 89' lang='lat' dir='ltr'><strong>quo</strong></span> <span class='ocrx_word' id='word_1_551' title='bbox 1064 3620 1121 3677; x_wconf 88' lang='lat' dir='ltr'><strong>alia</strong></span> <span class='ocrx_word' id='word_1_552' title='bbox 1137 3622 1298 3678; x_wconf 91' lang='lat' dir='ltr'><strong>substantia</strong></span> <span class='ocrx_word' id='word_1_553' title='bbox 1312 3623 1435 3694; x_wconf 86' lang='lat' dir='ltr'><strong>Spiritus</strong></span> <span class='ocrx_word' id='word_1_554' title='bbox 1448 3624 1539 3679; x_wconf 89' lang='lat' dir='ltr'><strong>sancti</strong></span> <span class='ocrx_word' id='word_1_555' title='bbox 1554 3632 1660 3694; x_wconf 76' lang='lat' dir='ltr'><strong>preter</strong></span> <span class='ocrx_word' id='word_1_556' title='bbox 1674 3624 1703 3679; x_wconf 92' lang='lat' dir='ltr'><strong>id</strong></span> <span class='ocrx_word' id='word_1_557' title='bbox 1720 3624 1796 3695; x_wconf 90' lang='lat' dir='ltr'><strong>quod</strong></span> <span class='ocrx_word' id='word_1_558' title='bbox 1812 3626 1838 3680; x_wconf 90' lang='lat' dir='ltr'><strong>ei</strong></span> <span class='ocrx_word' id='word_1_559' title='bbox 1864 3625 1912 3681; x_wconf 92' lang='lat' dir='ltr'><strong>de·</strong></span> 
     </span>
     <span class='ocr_line' id='line_1_40' title="bbox 161 3703 1912 3783; baseline 0.007 -26"><span class='ocrx_word' id='word_1_560' title='bbox 161 3703 282 3758; x_wconf 78' lang='lat' dir='ltr'><strong>audiet?</strong></span> <span class='ocrx_word' id='word_1_561' title='bbox 298 3703 465 3759; x_wconf 89' lang='lat' dir='ltr'><strong>Videlicete</strong></span> <span class='ocrx_word' id='word_1_562' title='bbox 485 3705 566 3770; x_wconf 86' lang='lat' dir='ltr'><strong>Filio,</strong></span> <span class='ocrx_word' id='word_1_563' title='bbox 584 3706 619 3760; x_wconf 91' lang='lat' dir='ltr'><strong>de</strong></span> <span class='ocrx_word' id='word_1_564' title='bbox 635 3723 693 3778; x_wconf 90' lang='lat' dir='ltr'><strong>quo</strong></span> <span class='ocrx_word' id='word_1_565' title='bbox 708 3706 847 3778; x_wconf 89' lang='lat' dir='ltr'><strong>procedit.</strong></span> <span class='ocrx_word' id='word_1_566' title='bbox 865 3708 898 3762; x_wconf 85' lang='lat' dir='ltr'><strong>Et</strong></span> <span class='ocrx_word' id='word_1_567' title='bbox 911 3709 1010 3762; x_wconf 90' lang='lat' dir='ltr'><strong>audire</strong></span> <span class='ocrx_word' id='word_1_568' title='bbox 1032 3759 1034 3762; x_wconf 90' lang='lat'>.</span> <span class='ocrx_word' id='word_1_569' title='bbox 1065 3715 1112 3766; x_wconf 91' lang='lat' dir='ltr'><strong>tur</strong></span> <span class='ocrx_word' id='word_1_570' title='bbox 1135 3727 1152 3766; x_wconf 89' lang='lat' dir='ltr'><strong>e</strong></span> <span class='ocrx_word' id='word_1_571' title='bbox 1178 3712 1271 3766; x_wconf 91' lang='lat' dir='ltr'><strong>Filio:</strong></span> <span class='ocrx_word' id='word_1_572' title='bbox 1299 3712 1353 3767; x_wconf 84' lang='lat' dir='ltr'><strong>lroc</strong></span> <span class='ocrx_word' id='word_1_573' title='bbox 1375 3718 1426 3778; x_wconf 87' lang='lat' dir='ltr'><strong>est,</strong></span> <span class='ocrx_word' id='word_1_574' title='bbox 1452 3725 1512 3767; x_wconf 88' lang='lat' dir='ltr'><strong>non</strong></span> <span class='ocrx_word' id='word_1_575' title='bbox 1534 3713 1613 3768; x_wconf 88' lang='lat' dir='ltr'><strong>eliud</strong></span> <span class='ocrx_word' id='word_1_576' title='bbox 1640 3713 1762 3783; x_wconf 90' lang='lat' dir='ltr'><strong>Spiritus</strong></span> <span class='ocrx_word' id='word_1_577' title='bbox 1786 3719 1912 3782; x_wconf 89' lang='lat' dir='ltr'><strong>sanctus,</strong></span> 
     </span>
     <span class='ocr_line' id='line_1_41' title="bbox 162 3791 1912 3872; baseline 0.006 -25"><span class='ocrx_word' id='word_1_578' title='bbox 162 3791 311 3863; x_wconf 91' lang='lat' dir='ltr'><strong>Spiritum,</strong></span> <span class='ocrx_word' id='word_1_579' title='bbox 327 3793 481 3865; x_wconf 91' lang='lat' dir='ltr'><strong>procedere</strong></span> <span class='ocrx_word' id='word_1_580' title='bbox 498 3799 542 3848; x_wconf 91' lang='lat' dir='ltr'><strong>est</strong></span> <span class='ocrx_word' id='word_1_581' title='bbox 556 3810 572 3848; x_wconf 90' lang='lat' dir='ltr'><strong>a</strong></span> <span class='ocrx_word' id='word_1_582' title='bbox 588 3795 659 3849; x_wconf 90' lang='lat' dir='ltr'><strong>Filio</strong></span> <span class='ocrx_word' id='word_1_583' title='bbox 676 3813 682 3850; x_wconf 76' lang='grc' dir='ltr'>ε</span> <span class='ocrx_word' id='word_1_584' title='bbox 709 3796 782 3850; x_wconf 91' lang='lat' dir='ltr'><strong>sicut</strong></span> <span class='ocrx_word' id='word_1_585' title='bbox 794 3801 823 3851; x_wconf 89' lang='lat' dir='ltr'><strong>et</strong></span> <span class='ocrx_word' id='word_1_586' title='bbox 847 3796 947 3852; x_wconf 82' lang='lat' dir='ltr'><strong>audire</strong></span> <span class='ocrx_word' id='word_1_587' title='bbox 964 3797 1011 3852; x_wconf 92' lang='lat' dir='ltr'><strong>Fi·</strong></span> <span class='ocrx_word' id='word_1_588' title='bbox 1065 3806 1093 3854; x_wconf 92' lang='lat' dir='ltr'><strong>et</strong></span> <span class='ocrx_word' id='word_1_589' title='bbox 1105 3800 1182 3855; x_wconf 91' lang='lat' dir='ltr'><strong>aliud</strong></span> <span class='ocrx_word' id='word_1_590' title='bbox 1196 3800 1273 3870; x_wconf 91' lang='lat' dir='ltr'><strong>qnod</strong></span> <span class='ocrx_word' id='word_1_591' title='bbox 1289 3800 1408 3872; x_wconf 92' lang='lat' dir='ltr'><strong>Spiritui</strong></span> <span class='ocrx_word' id='word_1_592' title='bbox 1430 3807 1529 3857; x_wconf 87' lang='lat' dir='ltr'><strong>sancto</strong></span> <span class='ocrx_word' id='word_1_593' title='bbox 1553 3801 1665 3856; x_wconf 87' lang='lat' dir='ltr'><strong>datura</strong></span> <span class='ocrx_word' id='word_1_594' title='bbox 1691 3801 1771 3868; x_wconf 92' lang='lat' dir='ltr'><strong>Filio,</strong></span> <span class='ocrx_word' id='word_1_595' title='bbox 1795 3803 1845 3858; x_wconf 89' lang='lat' dir='ltr'><strong>sed</strong></span> <span class='ocrx_word' id='word_1_596' title='bbox 1860 3804 1912 3858; x_wconf 90' lang='lat' dir='ltr'><strong>du·</strong></span> 
     </span>
     <span class='ocr_line' id='line_1_42' title="bbox 163 3882 1913 3961; baseline 0.006 -25"><span class='ocrx_word' id='word_1_597' title='bbox 163 3882 245 3952; x_wconf 90' lang='lat' dir='ltr'><strong>lium,</strong></span> <span class='ocrx_word' id='word_1_598' title='bbox 258 3883 334 3938; x_wconf 91' lang='lat' dir='ltr'><strong>nasci</strong></span> <span class='ocrx_word' id='word_1_599' title='bbox 350 3888 392 3938; x_wconf 91' lang='lat' dir='ltr'><strong>est</strong></span> <span class='ocrx_word' id='word_1_600' title='bbox 414 3887 448 3937; x_wconf 93' lang='lat' dir='ltr'><strong>de</strong></span> <span class='ocrx_word' id='word_1_601' title='bbox 468 3884 550 3938; x_wconf 88' lang='lat' dir='ltr'><strong>Patre</strong></span> <span class='ocrx_word' id='word_1_602' title='bbox 569 3899 658 3938; x_wconf 90' lang='lat' dir='ltr'><strong>:nem</strong></span> <span class='ocrx_word' id='word_1_603' title='bbox 674 3900 734 3938; x_wconf 92' lang='lat' dir='ltr'><strong>non</strong></span> <span class='ocrx_word' id='word_1_604' title='bbox 752 3884 829 3939; x_wconf 90' lang='lat' dir='ltr'><strong>aliud</strong></span> <span class='ocrx_word' id='word_1_605' title='bbox 845 3889 888 3938; x_wconf 90' lang='lat' dir='ltr'><strong>est</strong></span> <span class='ocrx_word' id='word_1_606' title='bbox 911 3886 1011 3940; x_wconf 88' lang='lat' dir='ltr'><strong>audire</strong></span> <span class='ocrx_word' id='word_1_607' title='bbox 1065 3905 1134 3943; x_wconf 88' lang='lat' dir='ltr'><strong>num</strong></span> <span class='ocrx_word' id='word_1_608' title='bbox 1161 3889 1224 3942; x_wconf 91' lang='lat' dir='ltr'><strong>Filii</strong></span> <span class='ocrx_word' id='word_1_609' title='bbox 1238 3889 1397 3946; x_wconf 88' lang='lat' dir='ltr'><strong>substantie</strong></span> <span class='ocrx_word' id='word_1_610' title='bbox 1417 3895 1459 3944; x_wconf 88' lang='lat' dir='ltr'><strong>est</strong></span> <span class='ocrx_word' id='word_1_611' title='bbox 1479 3890 1601 3961; x_wconf 87' lang='lat' dir='ltr'><strong>Spiritus</strong></span> <span class='ocrx_word' id='word_1_612' title='bbox 1617 3890 1716 3945; x_wconf 89' lang='lat' dir='ltr'><strong>sancti.</strong></span> <span class='ocrx_word' id='word_1_613' title='bbox 1733 3890 1794 3954; x_wconf 81' lang='lat' dir='ltr'><strong>Ouo</strong></span> <span class='ocrx_word' id='word_1_614' title='bbox 1817 3892 1913 3946; x_wconf 88' lang='lat' dir='ltr'><strong>meni-</strong></span> 
     </span>
     <span class='ocr_line' id='line_1_43' title="bbox 162 3971 1911 4049; baseline 0.005 -23"><span class='ocrx_word' id='word_1_615' title='bbox 162 3971 277 4041; x_wconf 85' lang='lat' dir='ltr'><strong>Filium,</strong></span> <span class='ocrx_word' id='word_1_616' title='bbox 290 3972 407 4027; x_wconf 88' lang='lat' dir='ltr'><strong>etaliud</strong></span> <span class='ocrx_word' id='word_1_617' title='bbox 419 3972 507 4040; x_wconf 88' lang='lat' dir='ltr'><strong>nasei,</strong></span> <span class='ocrx_word' id='word_1_618' title='bbox 526 3972 574 4027; x_wconf 91' lang='lat' dir='ltr'><strong>sed</strong></span> <span class='ocrx_word' id='word_1_619' title='bbox 595 3972 672 4027; x_wconf 91' lang='lat' dir='ltr'><strong>idem</strong></span> <span class='ocrx_word' id='word_1_620' title='bbox 687 3973 920 4043; x_wconf 90' lang='lat' dir='ltr'><strong>utrumque:sic</strong></span> <span class='ocrx_word' id='word_1_621' title='bbox 932 3973 1010 4028; x_wconf 90' lang='lat' dir='ltr'><strong>enim</strong></span> <span class='ocrx_word' id='word_1_622' title='bbox 1064 3976 1135 4032; x_wconf 83' lang='lat' dir='ltr'><strong>feste</strong></span> <span class='ocrx_word' id='word_1_623' title='bbox 1156 3977 1341 4032; x_wconf 86' lang='lat' dir='ltr'><strong>commendat</strong></span> <span class='ocrx_word' id='word_1_624' title='bbox 1364 3978 1503 4049; x_wconf 86' lang='lat' dir='ltr'><strong>Spiritum</strong></span> <span class='ocrx_word' id='word_1_625' title='bbox 1530 3985 1735 4034; x_wconf 89' lang='lat' dir='ltr'><strong>senctumesse</strong></span> <span class='ocrx_word' id='word_1_626' title='bbox 1763 3980 1797 4034; x_wconf 93' lang='lat' dir='ltr'><strong>de</strong></span> <span class='ocrx_word' id='word_1_627' title='bbox 1829 3980 1911 4048; x_wconf 86' lang='lat' dir='ltr'><strong>Filio,</strong></span> 
     </span>
     <span class='ocr_line' id='line_1_44' title="bbox 161 4058 1913 4140; baseline 0.006 -29"><span class='ocrx_word' id='word_1_628' title='bbox 161 4058 240 4113; x_wconf 90' lang='lat' dir='ltr'><strong>aliud</strong></span> <span class='ocrx_word' id='word_1_629' title='bbox 266 4059 385 4113; x_wconf 85' lang='lat' dir='ltr'><strong>minime</strong></span> <span class='ocrx_word' id='word_1_630' title='bbox 409 4064 451 4113; x_wconf 90' lang='lat' dir='ltr'><strong>est</strong></span> <span class='ocrx_word' id='word_1_631' title='bbox 466 4059 567 4113; x_wconf 92' lang='lat' dir='ltr'><strong>audire</strong></span> <span class='ocrx_word' id='word_1_632' title='bbox 588 4059 738 4130; x_wconf 91' lang='lat' dir='ltr'><strong>Spiritum,</strong></span> <span class='ocrx_word' id='word_1_633' title='bbox 765 4065 794 4114; x_wconf 93' lang='lat' dir='ltr'><strong>et</strong></span> <span class='ocrx_word' id='word_1_634' title='bbox 808 4059 886 4116; x_wconf 93' lang='lat' dir='ltr'><strong>aliud</strong></span> <span class='ocrx_word' id='word_1_635' title='bbox 907 4077 1010 4132; x_wconf 90' lang='lat' dir='ltr'><strong>proce·</strong></span> <span class='ocrx_word' id='word_1_636' title='bbox 1065 4081 1124 4120; x_wconf 91' lang='lat' dir='ltr'><strong>non</strong></span> <span class='ocrx_word' id='word_1_637' title='bbox 1136 4068 1275 4136; x_wconf 88' lang='lat' dir='ltr'><strong>tanquam</strong></span> <span class='ocrx_word' id='word_1_638' title='bbox 1293 4073 1414 4138; x_wconf 91' lang='lat' dir='ltr'><strong>partem,</strong></span> <span class='ocrx_word' id='word_1_639' title='bbox 1431 4066 1479 4122; x_wconf 86' lang='lat' dir='ltr'><strong>sed</strong></span> <span class='ocrx_word' id='word_1_640' title='bbox 1498 4072 1636 4140; x_wconf 89' lang='lat' dir='ltr'><strong>tanquam</strong></span> <span class='ocrx_word' id='word_1_641' title='bbox 1652 4074 1755 4136; x_wconf 85' lang='lat' dir='ltr'><strong>totum,</strong></span> <span class='ocrx_word' id='word_1_642' title='bbox 1778 4068 1857 4138; x_wconf 91' lang='lat' dir='ltr'><strong>quod</strong></span> <span class='ocrx_word' id='word_1_643' title='bbox 1872 4075 1913 4123; x_wconf 88' lang='lat' dir='ltr'><strong>est</strong></span> 
     </span>
     <span class='ocr_line' id='line_1_45' title="bbox 162 4145 1912 4228; baseline 0.005 -27"><span class='ocrx_word' id='word_1_644' title='bbox 162 4145 239 4212; x_wconf 87' lang='lat' dir='ltr'><strong>dere,</strong></span> <span class='ocrx_word' id='word_1_645' title='bbox 260 4146 655 4218; x_wconf 89' lang='lat' dir='ltr'><strong>sedunumestutrumque.</strong></span> <span class='ocrx_word' id='word_1_646' title='bbox 675 4148 844 4203; x_wconf 60' lang='lat' dir='ltr'><strong>sciurram</strong></span> <span class='ocrx_word' id='word_1_647' title='bbox 867 4149 1010 4221; x_wconf 90' lang='lat' dir='ltr'><strong>Scriptum</strong></span> <span class='ocrx_word' id='word_1_648' title='bbox 1066 4154 1168 4221; x_wconf 87' lang='lat' dir='ltr'><strong>Filius;</strong></span> <span class='ocrx_word' id='word_1_649' title='bbox 1195 4154 1541 4227; x_wconf 86' lang='lat' dir='ltr'><strong>quiaqnaecunquesunt</strong></span> <span class='ocrx_word' id='word_1_650' title='bbox 1572 4157 1646 4225; x_wconf 87' lang='lat' dir='ltr'><strong>Filii,</strong></span> <span class='ocrx_word' id='word_1_651' title='bbox 1663 4162 1731 4211; x_wconf 91' lang='lat' dir='ltr'><strong>sunt</strong></span> <span class='ocrx_word' id='word_1_652' title='bbox 1747 4162 1775 4212; x_wconf 93' lang='lat' dir='ltr'><strong>et</strong></span> <span class='ocrx_word' id='word_1_653' title='bbox 1787 4158 1912 4228; x_wconf 87' lang='lat' dir='ltr'><strong>Spiritus</strong></span> 
     </span>
     <span class='ocr_line' id='line_1_46' title="bbox 161 4233 1913 4316; baseline 0.007 -30"><span class='ocrx_word' id='word_1_654' title='bbox 161 4233 287 4288; x_wconf 90' lang='lat' dir='ltr'><strong>estenim</strong></span> <span class='ocrx_word' id='word_1_655' title='bbox 300 4250 307 4288; x_wconf 90' lang='lat'>:</span> <span class='ocrx_word' id='word_1_656' title='bbox 320 4234 496 4303; x_wconf 74' lang='lat' dir='ltr'><strong>Quaecunque</strong></span> <span class='ocrx_word' id='word_1_657' title='bbox 505 4236 551 4289; x_wconf 88' lang='lat' dir='ltr'><strong>itte</strong></span> <span class='ocrx_word' id='word_1_658' title='bbox 564 4237 635 4301; x_wconf 77' lang='lat' dir='ltr'><strong>fucit</strong></span> <span class='ocrx_word' id='word_1_659' title='bbox 646 4235 731 4305; x_wconf 86' lang='lat' dir='ltr'><strong>(haud</strong></span> <span class='ocrx_word' id='word_1_660' title='bbox 741 4236 861 4293; x_wconf 91' lang='lat' dir='ltr'><strong>dubium</strong></span> <span class='ocrx_word' id='word_1_661' title='bbox 874 4239 943 4310; x_wconf 89' lang='lat' dir='ltr'><strong>quin</strong></span> <span class='ocrx_word' id='word_1_662' title='bbox 957 4241 1008 4293; x_wconf 84' lang='lat' dir='ltr'><strong>Pa·</strong></span> <span class='ocrx_word' id='word_1_663' title='bbox 1029 4250 1051 4306; x_wconf 79' lang='grc' dir='ltr'><strong>ι)</strong></span> <span class='ocrx_word' id='word_1_664' title='bbox 1065 4241 1173 4298; x_wconf 85' lang='lat' dir='ltr'><strong>saneti:</strong></span> <span class='ocrx_word' id='word_1_665' title='bbox 1189 4247 1218 4297; x_wconf 91' lang='lat' dir='ltr'><strong>et</strong></span> <span class='ocrx_word' id='word_1_666' title='bbox 1231 4243 1333 4314; x_wconf 89' lang='lat' dir='ltr'><strong>accipit</strong></span> <span class='ocrx_word' id='word_1_667' title='bbox 1348 4242 1472 4314; x_wconf 89' lang='lat' dir='ltr'><strong>Spiritus</strong></span> <span class='ocrx_word' id='word_1_668' title='bbox 1492 4250 1606 4299; x_wconf 91' lang='lat' dir='ltr'><strong>sanctus</strong></span> <span class='ocrx_word' id='word_1_669' title='bbox 1622 4245 1731 4312; x_wconf 86' lang='lat' dir='ltr'><strong>aFilio,</strong></span> <span class='ocrx_word' id='word_1_670' title='bbox 1752 4246 1913 4316; x_wconf 87' lang='lat' dir='ltr'><strong>procedens</strong></span> 
     </span>
     <span class='ocr_line' id='line_1_47' title="bbox 162 4321 1912 4404; baseline 0.006 -29"><span class='ocrx_word' id='word_1_671' title='bbox 162 4321 216 4392; x_wconf 80' lang='lat' dir='ltr'><strong>ter)</strong></span> <span class='ocrx_word' id='word_1_672' title='bbox 233 4322 287 4376; x_wconf 75' lang='lat' dir='ltr'><strong>haec</strong></span> <span class='ocrx_word' id='word_1_673' title='bbox 303 4321 396 4376; x_wconf 84' lang='lat' dir='ltr'><strong>eodem</strong></span> <span class='ocrx_word' id='word_1_674' title='bbox 410 4324 497 4378; x_wconf 84' lang='lat' dir='ltr'><strong>Filius</strong></span> <span class='ocrx_word' id='word_1_675' title='bbox 510 4325 581 4390; x_wconf 77' lang='lat' dir='ltr'><strong>fucit</strong></span> <span class='ocrx_word' id='word_1_676' title='bbox 589 4326 726 4380; x_wconf 81' lang='lat' dir='ltr'><strong>similiter.</strong></span> <span class='ocrx_word' id='word_1_677' title='bbox 743 4326 825 4391; x_wconf 84' lang='lat' dir='ltr'><strong>Quod</strong></span> <span class='ocrx_word' id='word_1_678' title='bbox 840 4328 865 4382; x_wconf 91' lang='lat' dir='ltr'><strong>si</strong></span> <span class='ocrx_word' id='word_1_679' title='bbox 874 4335 1011 4401; x_wconf 89' lang='lat' dir='ltr'><strong>operante</strong></span> <span class='ocrx_word' id='word_1_680' title='bbox 1065 4327 1100 4382; x_wconf 92' lang='lat' dir='ltr'><strong>ab</strong></span> <span class='ocrx_word' id='word_1_681' title='bbox 1115 4327 1166 4382; x_wconf 92' lang='lat' dir='ltr'><strong>illo</strong></span> <span class='ocrx_word' id='word_1_682' title='bbox 1180 4328 1252 4383; x_wconf 90' lang='lat' dir='ltr'><strong>sieut</strong></span> <span class='ocrx_word' id='word_1_683' title='bbox 1271 4330 1532 4396; x_wconf 86' lang='lat' dir='ltr'><strong>consubstantialis,</strong></span> <span class='ocrx_word' id='word_1_684' title='bbox 1554 4335 1583 4385; x_wconf 88' lang='lat' dir='ltr'><strong>et</strong></span> <span class='ocrx_word' id='word_1_685' title='bbox 1601 4332 1710 4399; x_wconf 86' lang='lat' dir='ltr'><strong>hahens</strong></span> <span class='ocrx_word' id='word_1_686' title='bbox 1734 4332 1834 4386; x_wconf 89' lang='lat' dir='ltr'><strong>omnia</strong></span> <span class='ocrx_word' id='word_1_687' title='bbox 1847 4347 1912 4404; x_wconf 76' lang='lat' dir='ltr'><strong>qun</strong></span> 
     </span>
     <span class='ocr_line' id='line_1_48' title="bbox 162 4409 1912 4490; baseline 0.006 -26"><span class='ocrx_word' id='word_1_688' title='bbox 162 4409 245 4464; x_wconf 83' lang='lat' dir='ltr'><strong>Patre</strong></span> <span class='ocrx_word' id='word_1_689' title='bbox 260 4413 288 4463; x_wconf 91' lang='lat' dir='ltr'><strong>el</strong></span> <span class='ocrx_word' id='word_1_690' title='bbox 305 4409 385 4473; x_wconf 86' lang='lat' dir='ltr'><strong>Filio,</strong></span> <span class='ocrx_word' id='word_1_691' title='bbox 401 4426 460 4464; x_wconf 91' lang='lat' dir='ltr'><strong>nnn</strong></span> <span class='ocrx_word' id='word_1_692' title='bbox 474 4411 556 4481; x_wconf 87' lang='lat' dir='ltr'><strong>juxta</strong></span> <span class='ocrx_word' id='word_1_693' title='bbox 569 4413 701 4468; x_wconf 90' lang='lat' dir='ltr'><strong>ordinem</strong></span> <span class='ocrx_word' id='word_1_694' title='bbox 715 4415 802 4486; x_wconf 91' lang='lat' dir='ltr'><strong>primi</strong></span> <span class='ocrx_word' id='word_1_695' title='bbox 823 4421 851 4471; x_wconf 95' lang='lat' dir='ltr'><strong>et</strong></span> <span class='ocrx_word' id='word_1_696' title='bbox 879 4417 1010 4487; x_wconf 86' lang='lat' dir='ltr'><strong>secundi,</strong></span> <span class='ocrx_word' id='word_1_697' title='bbox 1065 4421 1132 4470; x_wconf 86' lang='lat' dir='ltr'><strong>sunt</strong></span> <span class='ocrx_word' id='word_1_698' title='bbox 1147 4416 1219 4472; x_wconf 91' lang='lat' dir='ltr'><strong>Filii.</strong></span> <span class='ocrx_word' id='word_1_699' title='bbox 1236 4417 1378 4473; x_wconf 88' lang='lat' dir='ltr'><strong>lulerius:</strong></span> <span class='ocrx_word' id='word_1_700' title='bbox 1397 4440 1411 4468; x_wconf 72' lang='grc' dir='ltr'>α</span> <span class='ocrx_word' id='word_1_701' title='bbox 1429 4420 1558 4490; x_wconf 80' lang='lat' dir='ltr'><strong>lienique</strong></span> <span class='ocrx_word' id='word_1_702' title='bbox 1583 4419 1850 4490; x_wconf 85' lang='lat' dir='ltr'><strong>interpretationem</strong></span> <span class='ocrx_word' id='word_1_703' title='bbox 1868 4421 1912 4475; x_wconf 91' lang='lat' dir='ltr'><strong>in·</strong></span> 
     </span>
     <span class='ocr_line' id='line_1_49' title="bbox 162 4497 1913 4579; baseline 0.007 -28"><span class='ocrx_word' id='word_1_704' title='bbox 162 4497 209 4559; x_wconf 90' lang='lat' dir='ltr'><strong>sed</strong></span> <span class='ocrx_word' id='word_1_705' title='bbox 224 4499 306 4569; x_wconf 84' lang='lat' dir='ltr'><strong>juxte</strong></span> <span class='ocrx_word' id='word_1_706' title='bbox 320 4498 397 4553; x_wconf 90' lang='lat' dir='ltr'><strong>idem</strong></span> <span class='ocrx_word' id='word_1_707' title='bbox 420 4503 534 4570; x_wconf 87' lang='lat' dir='ltr'><strong>tempus</strong></span> <span class='ocrx_word' id='word_1_708' title='bbox 557 4501 696 4573; x_wconf 88' lang='lat' dir='ltr'><strong>operandi</strong></span> <span class='ocrx_word' id='word_1_709' title='bbox 715 4503 816 4559; x_wconf 89' lang='lat' dir='ltr'><strong>eadem</strong></span> <span class='ocrx_word' id='word_1_710' title='bbox 839 4510 867 4560; x_wconf 91' lang='lat' dir='ltr'><strong>et</strong></span> <span class='ocrx_word' id='word_1_711' title='bbox 894 4506 1010 4577; x_wconf 92' lang='lat' dir='ltr'><strong>similia,</strong></span> <span class='ocrx_word' id='word_1_712' title='bbox 1065 4506 1319 4578; x_wconf 83' lang='lat' dir='ltr'><strong>ferensquomodo</strong></span> <span class='ocrx_word' id='word_1_713' title='bbox 1339 4507 1466 4575; x_wconf 82' lang='lat' dir='ltr'><strong>dixisset,</strong></span> <span class='ocrx_word' id='word_1_714' title='bbox 1488 4508 1522 4562; x_wconf 82' lang='lat' dir='ltr'><strong>de</strong></span> <span class='ocrx_word' id='word_1_715' title='bbox 1541 4523 1597 4563; x_wconf 88' lang='lat' dir='ltr'><strong>mee</strong></span> <span class='ocrx_word' id='word_1_716' title='bbox 1629 4508 1758 4578; x_wconf 84' lang='lat' dir='ltr'><strong>occipiat,</strong></span> <span class='ocrx_word' id='word_1_717' title='bbox 1779 4508 1913 4579; x_wconf 90' lang='lat' dir='ltr'><strong>protinus</strong></span> 
     </span>
     <span class='ocr_line' id='line_1_50' title="bbox 162 4584 1913 4666; baseline 0.006 -26"><span class='ocrx_word' id='word_1_718' title='bbox 162 4584 321 4640; x_wconf 88' lang='lat' dir='ltr'><strong>subsistunt</strong></span> <span class='ocrx_word' id='word_1_719' title='bbox 332 4587 466 4642; x_wconf 84' lang='lat' dir='ltr'><strong>universa</strong></span> <span class='ocrx_word' id='word_1_720' title='bbox 481 4604 546 4660; x_wconf 89' lang='lat' dir='ltr'><strong>quae</strong></span> <span class='ocrx_word' id='word_1_721' title='bbox 561 4588 635 4644; x_wconf 89' lang='lat' dir='ltr'><strong>liunt</strong></span> <span class='ocrx_word' id='word_1_722' title='bbox 651 4608 657 4646; x_wconf 90' lang='lat'>:</span> <span class='ocrx_word' id='word_1_723' title='bbox 682 4595 712 4646; x_wconf 91' lang='lat' dir='ltr'><strong>et</strong></span> <span class='ocrx_word' id='word_1_724' title='bbox 725 4592 813 4646; x_wconf 90' lang='lat' dir='ltr'><strong>Filius</strong></span> <span class='ocrx_word' id='word_1_725' title='bbox 836 4609 893 4648; x_wconf 92' lang='lat' dir='ltr'><strong>non</strong></span> <span class='ocrx_word' id='word_1_726' title='bbox 917 4599 1012 4664; x_wconf 89' lang='lat' dir='ltr'><strong>potest</strong></span> <span class='ocrx_word' id='word_1_727' title='bbox 1064 4594 1168 4664; x_wconf 80' lang='lat' dir='ltr'><strong>adjecit</strong></span> <span class='ocrx_word' id='word_1_728' title='bbox 1190 4599 1353 4666; x_wconf 76' lang='lat' dir='ltr'><strong>omniaque</strong></span> <span class='ocrx_word' id='word_1_729' title='bbox 1369 4596 1449 4651; x_wconf 79' lang='lat' dir='ltr'><strong>tutet</strong></span> <span class='ocrx_word' id='word_1_730' title='bbox 1463 4595 1558 4662; x_wconf 86' lang='lat' dir='ltr'><strong>Pater,</strong></span> <span class='ocrx_word' id='word_1_731' title='bbox 1584 4612 1644 4651; x_wconf 86' lang='lat' dir='ltr'><strong>meu</strong></span> <span class='ocrx_word' id='word_1_732' title='bbox 1663 4601 1726 4651; x_wconf 86' lang='lat' dir='ltr'><strong>suut</strong></span> <span class='ocrx_word' id='word_1_733' title='bbox 1742 4610 1751 4647; x_wconf 91' lang='lat'><em>:</em></span> <span class='ocrx_word' id='word_1_734' title='bbox 1767 4601 1913 4666; x_wconf 81' lang='lat' dir='ltr'><strong>propterea</strong></span> 
     </span>
     <span class='ocr_line' id='line_1_51' title="bbox 161 4675 1912 4754; baseline 0.006 -26"><span class='ocrx_word' id='word_1_735' title='bbox 161 4675 346 4745; x_wconf 86' lang='lat' dir='ltr'><strong>asemetipso</strong></span> <span class='ocrx_word' id='word_1_736' title='bbox 369 4675 438 4746; x_wconf 91' lang='lat' dir='ltr'><strong>quid</strong></span> <span class='ocrx_word' id='word_1_737' title='bbox 463 4677 567 4745; x_wconf 85' lang='lat' dir='ltr'><strong>iecere,</strong></span> <span class='ocrx_word' id='word_1_738' title='bbox 592 4679 661 4751; x_wconf 89' lang='lat' dir='ltr'><strong>quia</strong></span> <span class='ocrx_word' id='word_1_739' title='bbox 684 4696 701 4736; x_wconf 85' lang='lat' dir='ltr'><strong>e</strong></span> <span class='ocrx_word' id='word_1_740' title='bbox 724 4681 806 4735; x_wconf 87' lang='lat' dir='ltr'><strong>Patre</strong></span> <span class='ocrx_word' id='word_1_741' title='bbox 832 4698 890 4736; x_wconf 92' lang='lat' dir='ltr'><strong>non</strong></span> <span class='ocrx_word' id='word_1_742' title='bbox 917 4689 1011 4753; x_wconf 90' lang='lat' dir='ltr'><strong>potest</strong></span> <span class='ocrx_word' id='word_1_743' title='bbox 1064 4682 1135 4752; x_wconf 68' lang='lat' dir='ltr'><strong>diui,</strong></span> <span class='ocrx_word' id='word_1_744' title='bbox 1163 4683 1266 4738; x_wconf 88' lang='lat' dir='ltr'><strong>demeo</strong></span> <span class='ocrx_word' id='word_1_745' title='bbox 1291 4685 1417 4754; x_wconf 84' lang='lat' dir='ltr'><strong>accipiet,</strong></span> <span class='ocrx_word' id='word_1_746' title='bbox 1428 4690 1452 4739; x_wconf 90' lang='lat' dir='ltr'><strong>et</strong></span> <span class='ocrx_word' id='word_1_747' title='bbox 1467 4686 1642 4740; x_wconf 78' lang='lat' dir='ltr'><strong>annuntiabit</strong></span> <span class='ocrx_word' id='word_1_748' title='bbox 1656 4685 1732 4740; x_wconf 82' lang='lat' dir='ltr'><strong>vobis</strong></span> <span class='ocrx_word' id='word_1_749' title='bbox 1748 4688 1833 4751; x_wconf 73' lang='lat' dir='ltr'><strong>(doun</strong></span> <span class='ocrx_word' id='word_1_750' title='bbox 1855 4700 1912 4752; x_wconf 80' lang='lat' dir='ltr'><strong>xer,</strong></span> 
     </span>
     <span class='ocr_line' id='line_1_52' title="bbox 162 4763 1914 4845; baseline 0.006 -28"><span class='ocrx_word' id='word_1_751' title='bbox 162 4763 290 4834; x_wconf 86' lang='lat' dir='ltr'><strong>separari</strong></span> <span class='ocrx_word' id='word_1_752' title='bbox 306 4781 314 4816; x_wconf 91' lang='lat'><strong>:</strong></span> <span class='ocrx_word' id='word_1_753' title='bbox 331 4763 372 4819; x_wconf 89' lang='lat' dir='ltr'><strong>sie</strong></span> <span class='ocrx_word' id='word_1_754' title='bbox 386 4769 415 4819; x_wconf 85' lang='lat' dir='ltr'><strong>et</strong></span> <span class='ocrx_word' id='word_1_755' title='bbox 436 4765 558 4837; x_wconf 91' lang='lat' dir='ltr'><strong>Spiritus</strong></span> <span class='ocrx_word' id='word_1_756' title='bbox 585 4773 699 4823; x_wconf 91' lang='lat' dir='ltr'><strong>sanctus</strong></span> <span class='ocrx_word' id='word_1_757' title='bbox 720 4784 903 4842; x_wconf 90' lang='lat' dir='ltr'><strong>nequaqnam</strong></span> <span class='ocrx_word' id='word_1_758' title='bbox 925 4787 1010 4843; x_wconf 89' lang='lat' dir='ltr'><strong>sepa·</strong></span> <span class='ocrx_word' id='word_1_759' title='bbox 1066 4774 1109 4838; x_wconf 81' lang='lat' dir='ltr'><strong>lt,</strong></span> <span class='ocrx_word' id='word_1_760' title='bbox 1124 4773 1186 4840; x_wconf 83' lang='lat' dir='ltr'><strong>l4);</strong></span> <span class='ocrx_word' id='word_1_761' title='bbox 1209 4772 1420 4843; x_wconf 88' lang='lat' dir='ltr'><strong>quodammodo</strong></span> <span class='ocrx_word' id='word_1_762' title='bbox 1439 4773 1570 4843; x_wconf 89' lang='lat' dir='ltr'><strong>loquens,</strong></span> <span class='ocrx_word' id='word_1_763' title='bbox 1592 4773 1689 4827; x_wconf 91' lang='lat' dir='ltr'><strong>liceta</strong></span> <span class='ocrx_word' id='word_1_764' title='bbox 1713 4774 1796 4828; x_wconf 88' lang='lat' dir='ltr'><strong>Patre</strong></span> <span class='ocrx_word' id='word_1_765' title='bbox 1820 4789 1914 4845; x_wconf 79' lang='lat' dir='ltr'><strong>proce</strong></span> 
     </span>
     <span class='ocr_line' id='line_1_53' title="bbox 161 4852 1912 4932; baseline 0.006 -27"><span class='ocrx_word' id='word_1_766' title='bbox 161 4857 270 4920; x_wconf 82' lang='lat' dir='ltr'><strong>retusa</strong></span> <span class='ocrx_word' id='word_1_767' title='bbox 286 4852 367 4919; x_wconf 90' lang='lat' dir='ltr'><strong>Filio,</strong></span> <span class='ocrx_word' id='word_1_768' title='bbox 384 4858 504 4924; x_wconf 87' lang='lat' dir='ltr'><strong>prepter</strong></span> <span class='ocrx_word' id='word_1_769' title='bbox 528 4854 685 4910; x_wconf 85' lang='lat' dir='ltr'><strong>voluntatis</strong></span> <span class='ocrx_word' id='word_1_770' title='bbox 707 4863 874 4928; x_wconf 81' lang='lat' dir='ltr'><strong>naturceqne</strong></span> <span class='ocrx_word' id='word_1_771' title='bbox 901 4874 1011 4913; x_wconf 78' lang='lat' dir='ltr'><strong>consor</strong></span> <span class='ocrx_word' id='word_1_772' title='bbox 1064 4859 1112 4915; x_wconf 91' lang='lat' dir='ltr'><strong>dal</strong></span> <span class='ocrx_word' id='word_1_773' title='bbox 1124 4860 1247 4930; x_wconf 90' lang='lat' dir='ltr'><strong>Spiritus</strong></span> <span class='ocrx_word' id='word_1_774' title='bbox 1262 4861 1400 4921; x_wconf 84' lang='lat' dir='ltr'><strong>veritatis,</strong></span> <span class='ocrx_word' id='word_1_775' title='bbox 1418 4866 1445 4915; x_wconf 91' lang='lat' dir='ltr'><strong>el</strong></span> <span class='ocrx_word' id='word_1_776' title='bbox 1458 4862 1506 4916; x_wconf 89' lang='lat' dir='ltr'><strong>det</strong></span> <span class='ocrx_word' id='word_1_777' title='bbox 1526 4863 1600 4917; x_wconf 87' lang='lat' dir='ltr'><strong>Deus</strong></span> <span class='ocrx_word' id='word_1_778' title='bbox 1620 4862 1758 4932; x_wconf 92' lang='lat' dir='ltr'><strong>Spiritum</strong></span> <span class='ocrx_word' id='word_1_779' title='bbox 1782 4867 1912 4916; x_wconf 87' lang='lat' dir='ltr'><strong>sanctum</strong></span> 
     </span>
     <span class='ocr_line' id='line_1_54' title="bbox 160 4939 1912 5020; baseline 0.007 -27"><span class='ocrx_word' id='word_1_780' title='bbox 160 4939 244 5007; x_wconf 91' lang='lat' dir='ltr'><strong>tium,</strong></span> <span class='ocrx_word' id='word_1_781' title='bbox 272 4955 329 4994; x_wconf 91' lang='lat' dir='ltr'><strong>non</strong></span> <span class='ocrx_word' id='word_1_782' title='bbox 360 4956 376 4993; x_wconf 89' lang='lat' dir='ltr'><strong>a</strong></span> <span class='ocrx_word' id='word_1_783' title='bbox 402 4941 553 5012; x_wconf 91' lang='lat' dir='ltr'><strong>semetipso</strong></span> <span class='ocrx_word' id='word_1_784' title='bbox 582 4943 708 4999; x_wconf 91' lang='lat' dir='ltr'><strong>creditur</strong></span> <span class='ocrx_word' id='word_1_785' title='bbox 731 4944 828 5015; x_wconf 90' lang='lat' dir='ltr'><strong>loqui;</strong></span> <span class='ocrx_word' id='word_1_786' title='bbox 855 4945 904 5000; x_wconf 89' lang='lat' dir='ltr'><strong>sed</strong></span> <span class='ocrx_word' id='word_1_787' title='bbox 928 4945 1011 5015; x_wconf 83' lang='lat' dir='ltr'><strong>juxta</strong></span> <span class='ocrx_word' id='word_1_788' title='bbox 1064 4947 1228 5020; x_wconf 89' lang='lat' dir='ltr'><strong>petentibus</strong></span> <span class='ocrx_word' id='word_1_789' title='bbox 1243 4954 1398 5016; x_wconf 76' lang='lat' dir='ltr'><strong>se3tamen</strong></span> <span class='ocrx_word' id='word_1_790' title='bbox 1411 4949 1479 5020; x_wconf 88' lang='lat' dir='ltr'><strong>quia</strong></span> <span class='ocrx_word' id='word_1_791' title='bbox 1502 4950 1601 5004; x_wconf 84' lang='lat' dir='ltr'><strong>omnia</strong></span> <span class='ocrx_word' id='word_1_792' title='bbox 1623 4965 1686 5020; x_wconf 81' lang='lat' dir='ltr'><strong>quae</strong></span> <span class='ocrx_word' id='word_1_793' title='bbox 1709 4950 1798 5004; x_wconf 89' lang='lat' dir='ltr'><strong>habet</strong></span> <span class='ocrx_word' id='word_1_794' title='bbox 1820 4950 1912 5017; x_wconf 88' lang='lat' dir='ltr'><strong>Pater,</strong></span> 
     </span>
     <span class='ocr_line' id='line_1_55' title="bbox 163 5029 1915 5108; baseline 0.007 -27"><span class='ocrx_word' id='word_1_795' title='bbox 163 5029 291 5095; x_wconf 78' lang='lat' dir='ltr'><strong>verbum,</strong></span> <span class='ocrx_word' id='word_1_796' title='bbox 308 5032 336 5082; x_wconf 90' lang='lat' dir='ltr'><strong>el</strong></span> <span class='ocrx_word' id='word_1_797' title='bbox 352 5033 500 5084; x_wconf 88' lang='lat' dir='ltr'><strong>veritatem</strong></span> <span class='ocrx_word' id='word_1_798' title='bbox 515 5031 576 5100; x_wconf 85' lang='lat' dir='ltr'><strong>llei,</strong></span> <span class='ocrx_word' id='word_1_799' title='bbox 592 5032 720 5103; x_wconf 90' lang='lat' dir='ltr'><strong>loquitur</strong></span> <span class='ocrx_word' id='word_1_800' title='bbox 736 5034 878 5088; x_wconf 81' lang='lat' dir='ltr'><strong>uniuersa.</strong></span> <span class='ocrx_word' id='word_1_801' title='bbox 896 5052 909 5085; x_wconf 82' lang='lat' dir='ltr'><strong>u</strong></span> <span class='ocrx_word' id='word_1_802' title='bbox 926 5035 1010 5088; x_wconf 85' lang='lat' dir='ltr'><strong>Pater</strong></span> <span class='ocrx_word' id='word_1_803' title='bbox 1065 5054 1128 5092; x_wconf 92' lang='lat' dir='ltr'><strong>mea</strong></span> <span class='ocrx_word' id='word_1_804' title='bbox 1143 5041 1220 5104; x_wconf 89' lang='lat' dir='ltr'><strong>sunt,</strong></span> <span class='ocrx_word' id='word_1_805' title='bbox 1245 5045 1273 5092; x_wconf 90' lang='lat' dir='ltr'><strong>et</strong></span> <span class='ocrx_word' id='word_1_806' title='bbox 1290 5037 1345 5092; x_wconf 91' lang='lat' dir='ltr'><strong>iste</strong></span> <span class='ocrx_word' id='word_1_807' title='bbox 1360 5037 1422 5108; x_wconf 90' lang='lat' dir='ltr'><strong>ipse</strong></span> <span class='ocrx_word' id='word_1_808' title='bbox 1441 5037 1565 5107; x_wconf 89' lang='lat' dir='ltr'><strong>Spiritus</strong></span> <span class='ocrx_word' id='word_1_809' title='bbox 1592 5039 1684 5093; x_wconf 88' lang='lat' dir='ltr'><strong>Patris</strong></span> <span class='ocrx_word' id='word_1_810' title='bbox 1703 5054 1784 5093; x_wconf 89' lang='lat' dir='ltr'><strong>meus</strong></span> <span class='ocrx_word' id='word_1_811' title='bbox 1809 5042 1864 5108; x_wconf 86' lang='lat' dir='ltr'><strong>est,</strong></span> <span class='ocrx_word' id='word_1_812' title='bbox 1887 5045 1915 5095; x_wconf 89' lang='lat' dir='ltr'><strong>et</strong></span> 
     </span>
     <span class='ocr_line' id='line_1_56' title="bbox 161 5116 1914 5198; baseline 0.008 -29"><span class='ocrx_word' id='word_1_813' title='bbox 161 5120 190 5169; x_wconf 86' lang='lat' dir='ltr'><strong>et</strong></span> <span class='ocrx_word' id='word_1_814' title='bbox 214 5116 301 5171; x_wconf 92' lang='lat' dir='ltr'><strong>Filius</strong></span> <span class='ocrx_word' id='word_1_815' title='bbox 324 5116 424 5172; x_wconf 90' lang='lat' dir='ltr'><strong>eedem</strong></span> <span class='ocrx_word' id='word_1_816' title='bbox 440 5124 605 5189; x_wconf 87' lang='lat' dir='ltr'><strong>operantur,</strong></span> <span class='ocrx_word' id='word_1_817' title='bbox 621 5137 680 5175; x_wconf 89' lang='lat' dir='ltr'><strong>non</strong></span> <span class='ocrx_word' id='word_1_818' title='bbox 695 5121 752 5176; x_wconf 91' lang='lat' dir='ltr'><strong>alio</strong></span> <span class='ocrx_word' id='word_1_819' title='bbox 768 5127 898 5193; x_wconf 89' lang='lat' dir='ltr'><strong>tempore</strong></span> <span class='ocrx_word' id='word_1_820' title='bbox 914 5125 1007 5191; x_wconf 90' lang='lat' dir='ltr'><strong>Pater,</strong></span> <span class='ocrx_word' id='word_1_821' title='bbox 1065 5123 1100 5180; x_wconf 89' lang='lat' dir='ltr'><strong>de</strong></span> <span class='ocrx_word' id='word_1_822' title='bbox 1115 5140 1180 5179; x_wconf 91' lang='lat' dir='ltr'><strong>meo</strong></span> <span class='ocrx_word' id='word_1_823' title='bbox 1196 5124 1350 5195; x_wconf 86' lang='lat' dir='ltr'><strong>accipiet.»</strong></span> <span class='ocrx_word' id='word_1_824' title='bbox 1366 5126 1423 5181; x_wconf 88' lang='lat' dir='ltr'><strong>lice</strong></span> <span class='ocrx_word' id='word_1_825' title='bbox 1438 5124 1537 5180; x_wconf 90' lang='lat' dir='ltr'><strong>dicens</strong></span> <span class='ocrx_word' id='word_1_826' title='bbox 1547 5127 1630 5182; x_wconf 91' lang='lat' dir='ltr'><strong>docet</strong></span> <span class='ocrx_word' id='word_1_827' title='bbox 1646 5125 1785 5198; x_wconf 89' lang='lat' dir='ltr'><strong>Spiritum</strong></span> <span class='ocrx_word' id='word_1_828' title='bbox 1800 5143 1819 5182; x_wconf 92' lang='lat' dir='ltr'><strong>a</strong></span> <span class='ocrx_word' id='word_1_829' title='bbox 1841 5128 1914 5183; x_wconf 91' lang='lat' dir='ltr'><strong>Filio</strong></span> 
     </span>
     <span class='ocr_line' id='line_1_57' title="bbox 161 5203 1915 5288; baseline 0.009 -32"><span class='ocrx_word' id='word_1_830' title='bbox 161 5203 256 5258; x_wconf 88' lang='lat' dir='ltr'><strong>etalio</strong></span> <span class='ocrx_word' id='word_1_831' title='bbox 274 5205 371 5273; x_wconf 88' lang='lat' dir='ltr'><strong>Filius,</strong></span> <span class='ocrx_word' id='word_1_832' title='bbox 387 5206 435 5260; x_wconf 91' lang='lat' dir='ltr'><strong>sed</strong></span> <span class='ocrx_word' id='word_1_833' title='bbox 456 5207 558 5262; x_wconf 89' lang='lat' dir='ltr'><strong>eodem</strong></span> <span class='ocrx_word' id='word_1_834' title='bbox 585 5208 669 5263; x_wconf 88' lang='lat' dir='ltr'><strong>simul</strong></span> <span class='ocrx_word' id='word_1_835' title='bbox 692 5214 721 5264; x_wconf 89' lang='lat' dir='ltr'><strong>et</strong></span> <span class='ocrx_word' id='word_1_836' title='bbox 736 5210 836 5265; x_wconf 91' lang='lat' dir='ltr'><strong>eodem</strong></span> <span class='ocrx_word' id='word_1_837' title='bbox 856 5216 1007 5283; x_wconf 87' lang='lat' dir='ltr'><strong>tempore:</strong></span> <span class='ocrx_word' id='word_1_838' title='bbox 1065 5213 1319 5286; x_wconf 72' lang='lat' dir='ltr'><strong>procederemus</strong></span> <span class='ocrx_word' id='word_1_839' title='bbox 1343 5215 1471 5286; x_wconf 90' lang='lat' dir='ltr'><strong>procedit</strong></span> <span class='ocrx_word' id='word_1_840' title='bbox 1493 5215 1634 5270; x_wconf 87' lang='lat' dir='ltr'><strong>aPatre:</strong></span> <span class='ocrx_word' id='word_1_841' title='bbox 1659 5222 1701 5271; x_wconf 91' lang='lat' dir='ltr'><strong>est</strong></span> <span class='ocrx_word' id='word_1_842' title='bbox 1717 5215 1801 5271; x_wconf 56' lang='lat' dir='ltr'><strong>&gt;enirn</strong></span> <span class='ocrx_word' id='word_1_843' title='bbox 1823 5216 1915 5288; x_wconf 91' lang='lat' dir='ltr'><strong>Spiri-</strong></span> 
     </span>
     <span class='ocr_line' id='line_1_58' title="bbox 162 5293 1915 5376; baseline 0.01 -33"><span class='ocrx_word' id='word_1_844' title='bbox 162 5306 213 5344; x_wconf 89' lang='lat' dir='ltr'><strong>nee</strong></span> <span class='ocrx_word' id='word_1_845' title='bbox 243 5297 338 5362; x_wconf 90' lang='lat' dir='ltr'><strong>potest</strong></span> <span class='ocrx_word' id='word_1_846' title='bbox 364 5293 452 5348; x_wconf 89' lang='lat' dir='ltr'><strong>Filius</strong></span> <span class='ocrx_word' id='word_1_847' title='bbox 477 5299 624 5365; x_wconf 89' lang='lat' dir='ltr'><strong>seperatus</strong></span> <span class='ocrx_word' id='word_1_848' title='bbox 649 5299 772 5367; x_wconf 90' lang='lat' dir='ltr'><strong>operari,</strong></span> <span class='ocrx_word' id='word_1_849' title='bbox 790 5300 928 5371; x_wconf 88' lang='lat' dir='ltr'><strong>quonium</strong></span> <span class='ocrx_word' id='word_1_850' title='bbox 951 5316 1009 5355; x_wconf 87' lang='lat' dir='ltr'><strong>non</strong></span> <span class='ocrx_word' id='word_1_851' title='bbox 1063 5303 1259 5371; x_wconf 79' lang='lat' dir='ltr'><strong>tusi&#39;critatis,</strong></span> <span class='ocrx_word' id='word_1_852' title='bbox 1288 5303 1421 5359; x_wconf 84' lang='lat' dir='ltr'><strong>videlicet</strong></span> <span class='ocrx_word' id='word_1_853' title='bbox 1449 5305 1564 5371; x_wconf 88' lang='lat' dir='ltr'><strong>Christi,</strong></span> <span class='ocrx_word' id='word_1_854' title='bbox 1585 5305 1634 5376; x_wconf 91' lang='lat' dir='ltr'><strong>qui</strong></span> <span class='ocrx_word' id='word_1_855' title='bbox 1660 5305 1915 5361; x_wconf 74' lang='lat' dir='ltr'><strong>veritatisesttet</strong></span> 
     </span>
     <span class='ocr_line' id='line_1_59' title="bbox 161 5378 1914 5467; baseline 0.011 -37"><span class='ocrx_word' id='word_1_856' title='bbox 161 5378 296 5434; x_wconf 82' lang='lat' dir='ltr'><strong>dividitur</strong></span> <span class='ocrx_word' id='word_1_857' title='bbox 310 5397 326 5435; x_wconf 90' lang='lat' dir='ltr'><strong>a</strong></span> <span class='ocrx_word' id='word_1_858' title='bbox 341 5382 434 5449; x_wconf 87' lang='lat' dir='ltr'><strong>Patre,</strong></span> <span class='ocrx_word' id='word_1_859' title='bbox 452 5398 518 5437; x_wconf 90' lang='lat' dir='ltr'><strong>eum</strong></span> <span class='ocrx_word' id='word_1_860' title='bbox 543 5385 580 5439; x_wconf 86' lang='lat' dir='ltr'><strong>sit</strong></span> <span class='ocrx_word' id='word_1_861' title='bbox 595 5390 680 5439; x_wconf 88' lang='lat' dir='ltr'><strong>natus</strong></span> <span class='ocrx_word' id='word_1_862' title='bbox 702 5402 735 5442; x_wconf 94' lang='lat' dir='ltr'><strong>ex</strong></span> <span class='ocrx_word' id='word_1_863' title='bbox 757 5389 850 5457; x_wconf 86' lang='lat' dir='ltr'><strong>Patre,</strong></span> <span class='ocrx_word' id='word_1_864' title='bbox 876 5394 904 5444; x_wconf 93' lang='lat' dir='ltr'><strong>et</strong></span> <span class='ocrx_word' id='word_1_865' title='bbox 934 5391 1009 5460; x_wconf 78' lang='lat' dir='ltr'><strong>ejus·</strong></span> <span class='ocrx_word' id='word_1_866' title='bbox 1064 5390 1134 5462; x_wconf 88' lang='lat' dir='ltr'><strong>quia</strong></span> <span class='ocrx_word' id='word_1_867' title='bbox 1150 5391 1337 5446; x_wconf 86' lang='lat' dir='ltr'><strong>Filinshebet</strong></span> <span class='ocrx_word' id='word_1_868' title='bbox 1358 5392 1535 5464; x_wconf 73' lang='lat' dir='ltr'><strong>omniaque</strong></span> <span class='ocrx_word' id='word_1_869' title='bbox 1556 5393 1647 5447; x_wconf 87' lang='lat' dir='ltr'><strong>Patris</strong></span> <span class='ocrx_word' id='word_1_870' title='bbox 1673 5397 1749 5460; x_wconf 88' lang='lat' dir='ltr'><strong>sunt,</strong></span> <span class='ocrx_word' id='word_1_871' title='bbox 1773 5394 1828 5449; x_wconf 89' lang='lat' dir='ltr'><strong>iste</strong></span> <span class='ocrx_word' id='word_1_872' title='bbox 1852 5394 1914 5467; x_wconf 89' lang='lat' dir='ltr'><strong>ipse</strong></span> 
     </span>
     <span class='ocr_line' id='line_1_60' title="bbox 161 5464 1916 5555; baseline 0.013 -38"><span class='ocrx_word' id='word_1_873' title='bbox 161 5464 228 5519; x_wconf 89' lang='lat' dir='ltr'><strong>dem</strong></span> <span class='ocrx_word' id='word_1_874' title='bbox 238 5466 406 5524; x_wconf 79' lang='lat' dir='ltr'><strong>substantiae</strong></span> <span class='ocrx_word' id='word_1_875' title='bbox 421 5486 487 5526; x_wconf 91' lang='lat' dir='ltr'><strong>cum</strong></span> <span class='ocrx_word' id='word_1_876' title='bbox 518 5473 601 5527; x_wconf 87' lang='lat' dir='ltr'><strong>Patre</strong></span> <span class='ocrx_word' id='word_1_877' title='bbox 619 5489 625 5527; x_wconf 92' lang='lat'>:</span> <span class='ocrx_word' id='word_1_878' title='bbox 641 5473 680 5528; x_wconf 90' lang='lat' dir='ltr'><strong>sic</strong></span> <span class='ocrx_word' id='word_1_879' title='bbox 709 5481 736 5529; x_wconf 90' lang='lat' dir='ltr'><strong>el</strong></span> <span class='ocrx_word' id='word_1_880' title='bbox 750 5475 874 5547; x_wconf 89' lang='lat' dir='ltr'><strong>Spiritus</strong></span> <span class='ocrx_word' id='word_1_881' title='bbox 895 5484 1009 5533; x_wconf 85' lang='lat' dir='ltr'><strong>sanctus</strong></span> <span class='ocrx_word' id='word_1_882' title='bbox 1065 5478 1189 5550; x_wconf 86' lang='lat' dir='ltr'><strong>Spiritus</strong></span> <span class='ocrx_word' id='word_1_883' title='bbox 1212 5480 1304 5535; x_wconf 85' lang='lat' dir='ltr'><strong>Patris</strong></span> <span class='ocrx_word' id='word_1_884' title='bbox 1330 5485 1454 5536; x_wconf 88' lang='lat' dir='ltr'><strong>testetur</strong></span> <span class='ocrx_word' id='word_1_885' title='bbox 1480 5481 1558 5553; x_wconf 88' lang='lat' dir='ltr'><strong>qnod</strong></span> <span class='ocrx_word' id='word_1_886' title='bbox 1582 5481 1618 5535; x_wconf 90' lang='lat' dir='ltr'><strong>sit</strong></span> <span class='ocrx_word' id='word_1_887' title='bbox 1642 5481 1715 5549; x_wconf 91' lang='lat' dir='ltr'><strong>Filii,</strong></span> <span class='ocrx_word' id='word_1_888' title='bbox 1749 5486 1778 5536; x_wconf 90' lang='lat' dir='ltr'><strong>et</strong></span> <span class='ocrx_word' id='word_1_889' title='bbox 1811 5484 1916 5555; x_wconf 89' lang='lat' dir='ltr'><strong>accipit</strong></span> 
     </span>
    </p>
   </div>
   <div class='ocr_carea' id='block_1_7' title="bbox 0 0 1970 6098">
    <p class='ocr_par' dir='ltr' id='par_1_8' title="bbox 0 0 1970 6098">
     <span class='ocr_line' id='line_1_61' title="bbox 0 0 1970 6098; baseline 0 2"><span class='ocrx_word' id='word_1_890' title='bbox 0 0 1970 6098; x_wconf 95' lang='lat' dir='ltr'><strong> </strong></span> 
     </span>
    </p>
   </div>
  </div>
 </body>
</html>
