3930 6098
107 251 155 304 157
656 249 702 305 nii
722 249 885 307 CORPORE
905 251 951 308 ET
971 251 1145 309 sinduitti:
1167 252 1297 309 hudini.

1802 253 1852 304 tiit

103 384 241 441 dilierunt
255 383 416 456 corporalia
427 389 457 440 ει
471 382 642 454 spiritualia,
658 385 780 442 visibilia
801 391 830 442 at
851 387 989 443 invisi-A
1009 388 1043 442 lis
1059 388 1109 460 qui
1131 389 1259 461 quotidie
1287 389 1469 445 credentibus
1498 389 1640 460 potandos
1661 388 1820 454 exhibetur,
1836 403 1852 441 a

104 474 186 541 bilia,
203 473 300 529 divina
312 478 399 546 atque
413 474 540 530 humana
554 495 560 530 :
578 480 607 530 ct
621 476 730 547 quoda
755 493 785 531 se
804 477 950 544 differunt,

105 580 165 618 non
196 564 274 618 idem
305 568 381 619 sunt.
419 562 557 619 uiuerint
583 572 681 619 autem
714 580 779 620 caro
817 565 951 638 spiritua·

104 653 140 708 lis
155 653 361 724 quialidelium
389 669 437 707 ore
456 652 589 720 sumitur,
617 658 646 708 et
669 655 786 726 sanguis
813 654 952 725 spiritua-

104 814 184 863 clum
199 809 291 863 iuerat
305 825 409 881 corpus
426 808 531 864 Christi
545 809 622 863 cruci
638 809 767 873 allixum,
795 811 871 866 aliud
891 828 952 866 essa

104 887 254 950 nequeunt
268 896 354 950 quam
371 896 474 949 corpus
493 879 650 950 spirituale,
664 881 693 935 id
709 886 751 935 cst
766 881 795 936 in
806 883 951 953 mysterio,

105 953 135 1005 in
150 953 255 1019 specie,
286 956 314 1005 et
338 952 440 1021 ligura,
472 956 501 1005 et
525 951 758 1020 significatione:
787 954 953 1024 adeoquea

104 1039 173 1075 vero
185 1037 304 1092 corpore
319 1028 377 1076 tani
394 1022 508 1076 ditlerrc
523 1038 611 1093 quam
635 1023 796 1092 spiritualia
820 1040 952 1094 acorpo·

104 1094 223 1148 ratibus.
244 1093 459 1146 invictissimam
483 1094 626 1162 ejusmodi
654 1093 822 1148 dillerentiae
847 1098 952 1165 proba·

104 1164 216 1218 tionem
233 1163 314 1217 alleri
328 1180 448 1218 numero
463 1163 604 1234 sequenti,
617 1168 645 1218 et
657 1166 750 1233 pulani
764 1165 952 1232 demonstrat,

105 1234 158 1289 hac
186 1236 259 1288 bene
281 1235 411 1288 instituta
437 1234 599 1288 differentia
627 1235 702 1289 inter
717 1236 822 1290 Christi
849 1253 953 1308 corpus

107 1305 332 1359 Eucharistirum
356 1311 384 1358 et
404 1305 480 1359 cruci
495 1305 624 1372 altixum,
649 1322 700 1376 per
728 1306 952 1362 Eucharisticum

106 1378 135 1431 id
151 1377 313 1447 intelligere
328 1376 465 1430 duntaxat
479 1376 524 1429 cui
541 1377 593 1430 hoc
617 1393 721 1431 nomen
743 1379 872 1448 corporis
896 1379 953 1433 im·

107 1447 234 1519 positum
251 1452 303 1509 est,
319 1448 387 1517 quia
403 1453 588 1514 sacramenta,
605 1449 663 1501 sive
676 1449 725 1502 illa
740 1464 804 1518 pars
830 1450 954 1503 exterior

108 1517 241 1571 sensibus
254 1518 390 1588 subjecta,
411 1533 506 1571 rerum
523 1534 595 1588 quas
619 1519 766 1573 continent
788 1520 954 1574 noiuiuibus

108 1588 272 1657 nuncupari
286 1589 388 1642 solent.
416 1589 473 1643 lloc
488 1604 555 1642 vcro
570 1588 684 1658 integro
707 1595 828 1644 tractatu
856 1591 953 1645 animo

108 1659 231 1739 probare
255 1660 379 1714 intendit
402 1660 572 1713 ltaliamuus
587 1665 616 1712 ut
637 1661 812 1714 demonstret
834 1661 862 1715 id
877 1662 953 1732 quod

109 1745 138 1784 in
151 1729 332 1785 Eucharistia
344 1730 474 1784 sensibus
489 1731 645 1801 percipitur
663 1737 692 1785 et
706 1732 819 1786 videtur
844 1733 953 1798 album,
968 1743 988 1796 Β
1008 1733 1070 1785 vela
1084 1731 1254 1799 consistunt,
1271 1737 1298 1785 et
1321 1731 1350 1785 iii

108 1803 264 1855 rutundum
297 1808 325 1854 et
351 1808 511 1864 extensum,
548 1817 605 1855 nou
632 1818 694 1856 esse
728 1819 828 1872 reapse
852 1819 955 1873 corpus

108 1871 204 1940 ipsum
226 1871 338 1932 Christi,
367 1873 417 1925 sed
442 1876 564 1941 tegetem
589 1875 617 1926 et
647 1874 739 1927 velum
768 1872 955 1944 aiiodipsum

109 1959 214 2014 corpus
226 1958 325 1997 aerum
345 1942 493 1997 abscondit
511 1947 540 1996 et
555 1942 644 1996 oculis
671 1944 834 1998 mortalium
865 1945 956 1999 hoini-

109 2029 180 2067 num
207 2012 305 2083 eripit.
337 2014 402 2067 liaeo
428 2021 523 2068 autem
552 2013 674 2068 dilucide
698 2015 841 2069 contraria
869 2016 956 2070 iriant

109 2084 278 2154 opinionem
298 2099 396 2138 aarum
413 2084 546 2138 adversus
570 2100 641 2154 quos
657 2086 806 2150 scribebat,
827 2086 876 2156 qui
892 2103 956 2140 oni·

110 2171 176 2209 nem
192 2163 242 2208 aut
265 2154 441 2225 aliquantam
464 2154 632 2224 ligaminis
654 2156 830 2211 Eucharistia
853 2173 956 2228 perue-

110 2227 228 2350 qahanl,
247 2228 275 2279 ct
291 2226 361 2280 nihil
379 2226 538 2297 quidquam
558 2225 586 2279 in
604 2231 683 2280 tanto
705 2228 841 2298 mysterio
858 2244 957 2282 recon-

128 2297 200 2350 itum
214 2301 265 2351 aiit
275 2297 416 2351 occultum
429 2296 628 2362 defendebant,
640 2299 817 2352 ettueudum
830 2299 957 2353 elilictim

111 2367 313 2433 admittebant,
330 2382 415 2421 omne
429 2367 505 2438 quod
521 2373 582 2421 erat
597 2368 727 2423 sensibus
742 2368 902 2438 subpactum
926 2375 955 2424 et

111 2438 200 2492 oeulis
216 2443 381 2508 perceptum
396 2438 490 2508 ipsum
515 2454 614 2508 reapse
636 2456 736 2493 verum
763 2456 823 2494 esse
855 2456 957 2510 corpus

112 2509 226 2565 Christi.
244 2509 461 2564 observavimus
476 2510 557 2579 lapsu
568 2511 707 2580 temporis
719 2512 792 2565 lianc
807 2511 957 2582 adoptasse

112 2580 286 2634 seutentiam
303 2579 433 2634 abbatam
447 2579 617 2635 Abhaudum
633 2587 661 2635 et
683 2582 870 2648 Gnaltcriuin,
894 2599 958 2636 ma·

112 2667 200 2721 gnum
215 2650 342 2720 priorem
357 2651 447 2705 sancti
463 2651 581 2704 Victoris
597 2652 772 2706 Parisieusis.
790 2654 877 2707 Porro
891 2669 957 2706 con-

113 2722 365 2791 ceptisverhissic
388 2722 465 2775 fatur
491 2723 662 2777 Retramnus
688 2739 807 2777 numero
823 2727 881 2778 ia:
907 2725 958 2779 llla

111 2808 228 2863 iramque
237 2808 300 2847 coro
315 2808 374 2862 quae
388 2795 519 2861 crucifixa
536 2800 584 2859 est,
603 2794 636 2848 cle
652 2796 773 2860 Virqiiiis
788 2810 868 2848 coriae
881 2798 958 2862 {ticio

112 2868 160 2926 est,
176 2867 284 2917 ossibus
298 2869 324 2917 et
347 2867 437 2917 iii-ruis
453 2871 602 2932 compacta,
625 2869 651 2918 ct
672 2866 851 2919 humanorum
873 2882 957 2919 mam·

113 2935 220 2988 broriim
235 2936 404 2988 lineamentis
418 2935 559 2999 distinctu,
576 2938 719 2990 rationulis
734 2939 831 2990 animae
858 2939 959 3004 spiritu

112 3007 250 3072 uiuificata
275 3008 304 3058 iu
331 3007 473 3074 propriam
499 3008 585 3059 uitam
611 3011 636 3060 ct
664 3013 837 3074 euiipruentes
858 3013 955 3062 motus.

1004 478 1319 549 carneqnaacrucilixa
1342 484 1392 543 est,
1410 483 1469 533 eta
1499 478 1641 550 sauguine
1670 479 1720 551 qui
1748 476 1850 532 militis

1006 565 1112 621 effusus
1139 572 1182 622 est
1204 567 1316 633 lancea;
1340 567 1414 621 sicut
1437 567 1592 622 auctoritas
1619 565 1770 638 praesentis
1797 562 1852 619 riri

1005 655 1175 711 testificatur
1190 673 1197 710 :
1214 671 1271 710 nou
1290 655 1381 728 igitur
1393 655 1469 710 idem
1484 660 1560 710 sunt.

1006 810 1129 883 speciem
1146 812 1325 878 exteriorem,
1354 827 1418 882 quie
1439 811 1468 865 in
1491 827 1524 865 eo
1540 810 1669 866 consistit
1695 809 1774 882 quod
1801 825 1850 880 ap-

1006 886 1088 953 paret
1102 899 1135 936 ex
1148 899 1222 953 aqua
1237 883 1266 936 in
1282 883 1368 937 calice
1386 883 1451 936 vino
1468 883 1564 948 mista,
1583 881 1655 935 sicut
1678 880 1708 934 iii
1724 897 1757 934 eo
1772 880 1851 951 quud

1006 956 1173 1023 apparetex
1190 969 1263 1024 pane
1287 958 1314 1007 et
1330 954 1407 1021 rino,
1432 953 1515 1007 nohis
1537 952 1653 1006 exhibet
1676 957 1705 1005 et
1727 951 1851 1005 ostendit

1006 1024 1036 1077 in
1046 1025 1138 1094 ligura
1149 1025 1286 1094 populum
1298 1024 1501 1090 Christianum,
1514 1022 1757 1094 quemadmodum
1768 1022 1851 1092 panis

1007 1101 1036 1149 et
1054 1095 1149 1149 vinum
1166 1110 1268 1164 corpus
1281 1096 1347 1150 iesu
1363 1095 1468 1149 Christi
1482 1111 1535 1166 pro
1552 1094 1673 1165 peccatis
1685 1099 1849 1146 mactatum.

1007 1167 1038 1220 Et
1053 1181 1119 1220 cum
1134 1165 1284 1220 dubitandi
1301 1167 1377 1220 locus
1392 1167 1487 1219 nullus
1502 1167 1619 1219 relictus
1632 1163 1678 1228 sil,
1704 1162 1850 1217 neminem

1007 1237 1174 1306 theologum
1192 1237 1221 1290 in
1250 1241 1344 1290 mente
1370 1237 1502 1290 habuisse
1527 1236 1621 1290 dicere
1650 1238 1700 1287 aut
1727 1234 1851 1304 cogitare

1006 1306 1198 1374 hancaquam
1228 1312 1449 1361 transmutatam
1481 1307 1517 1360 iri
1534 1307 1563 1360 in
1591 1305 1737 1376 mysterio,
1764 1305 1851 1358 modo

1007 1394 1145 1446 corporeo
1160 1378 1332 1431 eliensibus
1346 1378 1483 1448 subjecto,
1500 1378 1529 1432 iii
1542 1393 1643 1447 corpus
1659 1375 1758 1447 pupuli
1774 1374 1852 1430 Chri·

1008 1448 1103 1514 stiani,
1120 1453 1228 1502 certum
1243 1448 1329 1502 eliam
1349 1449 1387 1502 sit
1418 1464 1533 1503 necesse
1557 1448 1686 1502 esthuue
1706 1462 1808 1517 panem
1824 1449 1853 1500 et

1008 1520 1062 1574 hoc
1077 1519 1174 1572 rinuin
1191 1519 1221 1572 iu
1235 1520 1397 1590 specieque
1414 1520 1505 1574 oculis
1515 1524 1656 1591 apparent
1671 1523 1735 1588 post
1752 1532 1852 1570 conse·

1008 1589 1164 1644 craliouem
1184 1605 1242 1643 non
1262 1590 1422 1660 nuncupari
1450 1606 1554 1660 corpus
1573 1589 1678 1644 Christi
1700 1603 1788 1659 quain
1803 1584 1853 1658 qui
1908 1616 1913 1627 ι

1008 1666 1076 1715 εεει
1090 1661 1175 1714 inodo
1191 1666 1219 1714 et
1233 1677 1337 1731 genere
1359 1660 1511 1786 sqlirituali,
1531 1660 1589 1714 sire
1617 1661 1679 1729 ejus
1702 1663 1810 1729 tegetes
1825 1660 1853 1710 et

1399 1747 1451 1785 auc
1480 1746 1596 1785 carnem
1626 1736 1654 1784 el
1680 1730 1852 1799 sanguinem

1011 1801 1096 1856 modo
1111 1803 1290 1872 corporalisl
1304 1802 1435 1855 sensibus
1448 1803 1576 1871 subjecto
1593 1816 1600 1855 :
1616 1800 1693 1871 quod
1709 1799 1852 1853 vindicare

1010 1873 1188 1928 conaliantur
1204 1888 1253 1926 seii
1267 1873 1356 1926 animi
1366 1872 1474 1926 viribus
1490 1872 1677 1926 intendebant
1686 1869 1716 1923 hi
1728 1867 1854 1938 theologi

1011 1945 1145 1998 adversus
1162 1959 1234 2014 quos
1251 1945 1424 1998 ltaliamnus
1452 1948 1603 1997 tractatum
1627 1956 1711 1995 suum
1735 1939 1853 1993 concin-

1010 2024 1137 2076 naverat,
1153 2015 1203 2084 qui
1219 2014 1412 2069 defendebant
1426 2013 1532 2068 nullam
1545 2013 1574 2066 in
1589 2011 1772 2066 Eucharistiae
1789 2025 1853 2079 my-

1011 2085 1097 2140 sterio
1112 2085 1234 2155 liguram
1255 2084 1420 2150 consistere,
1445 2085 1494 2138 sed
1510 2084 1607 2138 omnia
1634 2081 1802 2152 simpliciter
1824 2080 1855 2135 iu

1012 2157 1141 2221 veritate,
1161 2156 1202 2210 uti
1227 2156 1357 2209 sensibus
1386 2155 1514 2225 subjecta
1542 2154 1720 2207 ridebantur.
1742 2151 1854 2221 Quippe

1011 2243 1045 2281 eo
1058 2233 1188 2297 tempore
1203 2227 1315 2280 nullum
1330 2225 1448 2280 dubium
1465 2225 1614 2279 siiholebat
1630 2224 1699 2294 quin
1725 2222 1806 2292 panis
1826 2224 1855 2275 et

1011 2298 1110 2352 riuum
1125 2303 1219 2351 essent
1238 2297 1267 2350 iu
1288 2312 1391 2365 corpus
1407 2302 1435 2351 ει
1453 2296 1623 2366 sauguinem
1645 2293 1749 2348 Christi
1776 2306 1853 2345 com·

1012 2375 1137 2434 miitata;
1153 2368 1203 2422 sed
1218 2371 1277 2421 tota
1291 2367 1443 2423 difficultas
1457 2367 1492 2421 ad
1518 2367 1571 2420 hoc
1592 2371 1678 2436 caput
1697 2368 1758 2417 erat
1776 2363 1855 2417 dero

1012 2440 1073 2493 luta
1088 2455 1123 2493 an
1144 2443 1318 2493 commutata
1334 2444 1427 2492 essent
1442 2439 1525 2492 modo
1540 2452 1677 2508 corporeo
1688 2440 1716 2487 et
1725 2433 1856 2487 sensibus

1012 2509 1151 2579 subjectu.
1169 2511 1250 2563 Eade
1265 2525 1350 2563 causa
1376 2509 1471 2579 inquit
1495 2515 1590 2562 noster
1615 2508 1786 2562 ltatrainnus
1804 2519 1856 2558 nii·

1012 2597 1092 2634 mero
1106 2582 1141 2634 75
1158 2596 1165 2634 :
1183 2579 1281 2647 luitur,
1298 2582 1429 2634 sisinum
1445 2579 1514 2634 illud
1530 2581 1728 2646 sanctificatum
1743 2590 1790 2644 per
1803 2576 1855 2628 mi·

1011 2656 1163 2706 histrorum
1187 2653 1307 2719 esicium
1324 2653 1352 2705 iii
1375 2653 1481 2704 Christi
1495 2653 1655 2717 sanquinem
1679 2646 1856 2715 eriri'oraliter

1012 2726 1187 2788 contrariatur,
1213 2737 1422 2790 squequaque,
1451 2736 1511 2789 quai
1531 2723 1638 2789 pariter
1659 2719 1778 2772 admista
1805 2720 1854 2781 est,

1012 2796 1041 2847 iii
1053 2796 1212 2861 scarponnam
1224 2792 1322 2863 populi
1336 2793 1468 2847 credentis
1491 2806 1594 2846 necesse
1611 2796 1651 2844 est
1678 2787 1856 2858 corporaliter

1012 2870 1194 2919 coiiuertatur.

1047 2935 1100 2989 Sed
1115 2934 1234 2988 fortasse
1253 2933 1349 2987 dicent
1373 2931 1464 2996 nohis,
1494 2930 1598 3003 quibus
1628 2933 1725 2984 nostra
1747 2929 1856 2999 glosse-

1013 3011 1088 3059 mata
1104 3021 1160 3058 nou
1175 3006 1296 3074 placent,
1313 3003 1381 3074 quid
1397 3019 1510 3057 necesse
1526 3002 1612 3056 luerit
1628 3000 1856 3056 hancinstituere

112 3079 149 3129 Ar
163 3090 227 3130 aero
243 3091 305 3129 caro
318 3077 482 3143 spiritualis,
501 3091 560 3145 quae
582 3078 712 3146 populum
735 3078 884 3131 credentem
898 3080 955 3146 spi·
972 3090 992 3145 (ζ
1010 3074 1254 3145 comparationem
1271 3073 1418 3143 sanguinis
1445 3073 1544 3143 populi
1570 3079 1599 3126 et
1610 3070 1761 3141 sanguinis
1777 3069 1856 3124 Cliri·

112 3147 253 3200 ritiioli'ter
283 3149 382 3214 puscit,
416 3147 564 3200 secuudum
593 3151 706 3215 speciem
731 3163 813 3215 quiam
838 3152 958 3202 euterius

112 3217 239 3284 ostmdit,
264 3218 397 3282 frumenti
433 3219 528 3286 pranis
559 3233 642 3271 manu
672 3221 791 3286 artificis
824 3221 956 3285 coiisistit,

112 3289 192 3342 iuliis
208 3289 299 3341 ituris
322 3288 479 3357 ossibusque
503 3293 651 3356 coinpocta,
675 3291 751 3343 nullu
779 3290 957 3344 membrorum

112 3361 243 3413 serietate
265 3357 405 3424 distincta,
432 3360 509 3412 nulla
532 3360 691 3413 rationabili
704 3360 859 3414 substantia
885 3376 960 3426 oepe-

115 3435 180 3492 tulu,
192 3429 281 3483 nullos
295 3431 419 3498 proprios
440 3435 527 3484 motus
547 3435 640 3498 poteris
663 3446 793 3485 caereere.
819 3431 959 3499 Quidquid

114 3503 182 3553 enim
206 3503 237 3552 iri
250 3514 282 3553 eu
296 3502 358 3554 viia
370 3501 469 3568 praebat
493 3500 686 3562 substantiam,
707 3502 833 3570 specialis
854 3507 893 3555 est
909 3518 957 3572 po·

116 3573 204 3624 laralia
222 3575 247 3623 et
261 3570 407 3625 inuisibilis
417 3571 569 3639 efficientiae
583 3571 862 3642 diuinaeqiielai'riuti's,
878 3577 960 3642 alque

116 3641 191 3694 aliud
206 3641 283 3707 lanae
302 3644 424 3695 consistit
445 3641 590 3695 seeundum
611 3643 683 3711 quod
706 3645 828 3697 caterius
851 3645 959 3713 corispi-

116 3716 185 3766 aitur
199 3719 282 3782 utque
307 3713 385 3766 aliud
396 3713 540 3766 secuudum
556 3712 628 3780 quod
641 3716 670 3766 in
687 3717 816 3782 mysterio
828 3713 957 3767 ereditur.

116 3785 271 3837 Porreearo
293 3785 467 3851 Christique
491 3786 625 3850 crucilia-u
644 3789 693 3848 est,
715 3800 768 3838 riori
794 3785 872 3838 aliud
886 3790 959 3838 eute-

116 3856 172 3908 rius
188 3869 272 3923 quam
296 3853 369 3921 quod
399 3855 513 3907 interius
531 3858 601 3921 erut,
624 3855 779 3908 ostericlebat
795 3858 881 3924 :quio
895 3871 961 3909 uero

117 3927 248 3978 amoueri
274 3925 388 3978 hominis
412 3925 555 3988 asistebat,
580 3940 676 3994 corpus
700 3928 795 3995 utique
813 3942 907 3980 verum
931 3929 960 3980 iri

116 3998 170 4050 ieri
185 3997 306 4064 corporis
322 3997 409 4064 specie
424 3997 580 4049 consistens.

148 4066 403 4119 verumenimvero
433 4066 524 4135 magis
551 4065 695 4135 conceptis
718 4065 810 4120 verbis
836 4066 960 4136 exprimi

116 4142 218 4205 potest,
246 4137 427 4189 solummodo
456 4138 527 4190 velle
555 4137 589 4191 de
615 4138 750 4192 exteriori
778 4137 959 4191 Eucharistiae

116 4207 221 4276 eloqui,
240 4222 303 4277 quae
326 4207 484 4262 accidentia
510 4209 693 4278 appellantur
718 4213 746 4262 et
768 4209 829 4262 vela
857 4224 961 4277 corpus

116 4277 219 4332 Christi
250 4279 439 4348 contegentia.
469 4277 661 4343 Quamobrem
681 4279 817 4349 appulsus
840 4279 875 4333 ad
895 4294 962 4333 con·

116 4350 272 4402 elusionem
289 4365 416 4418 quamex
433 4349 476 4403 his
491 4350 625 4403 omnibns
639 4350 820 4404 sermonibus
831 4349 959 4416 assumit,

1011 3146 1127 3201 sticum
1150 3160 1224 3215 aqua
1242 3144 1307 3197 vino
1336 3143 1467 3209 admista,
1500 3147 1529 3195 ct
1556 3157 1655 3195 rerara
1684 3142 1856 3196 ltatrarnuus

1011 3218 1041 3272 in
1056 3232 1090 3270 ea
1105 3215 1236 3269 suasione
1251 3230 1307 3268 non
1322 3213 1377 3268 luit
1397 3213 1567 3284 sanguinein
1590 3212 1654 3266 lesu
1676 3210 1779 3267 Christi
1795 3225 1856 3263 esse

1011 3286 1191 3344 reconditum
1207 3284 1258 3339 suh
1272 3285 1364 3354 specie
1381 3283 1438 3337 riui
1452 3284 1554 3337 eodem
1570 3282 1674 3352 agendi
1699 3280 1784 3334 modo
1799 3294 1856 3358 quo

1012 3358 1129 3426 sanguis
1143 3356 1241 3427 populi
1257 3357 1364 3410 celatus
1378 3359 1420 3409 est
1436 3354 1487 3408 sub
1503 3353 1596 3423 specie
1616 3369 1710 3423 aquic,
1725 3350 1857 3430 videlicet

1011 3431 1041 3484 in
1055 3431 1146 3500 ligura
1162 3434 1276 3481 tantuni
1296 3427 1361 3495 luit,
1386 3431 1414 3479 et
1429 3441 1526 3479 revera
1554 3440 1603 3477 seu
1629 3424 1740 3477 realiter
1765 3425 1857 3475 uetiti·

1012 3516 1109 3572 quain.
1126 3499 1180 3554 Sed
1196 3498 1336 3568 ejusmodi
1352 3496 1542 3566 objectionem
1562 3495 1648 3550 lriare
1673 3498 1701 3548 et
1724 3493 1856 3571 retaliare

1012 3572 1094 3627 lacilc
1112 3575 1163 3636 εει,
1190 3571 1310 3623 dicendo
1335 3582 1577 3639 supervacaneum
1602 3565 1687 3619 luisse
1716 3563 1857 3634 ejusmodi

1012 3641 1164 3696 consilium
1191 3649 1285 3694 mente
1316 3641 1464 3708 concipere
1495 3638 1661 3702 Batraiuuo,
1694 3650 1730 3689 an
1753 3649 1857 3713 corpus

1013 3711 1119 3769 Christi
1144 3717 1219 3765 esset
1242 3710 1294 3764 sub
1320 3726 1392 3780 pane
1419 3707 1608 3763 Eucharistico
1630 3707 1675 3760 vel
1704 3707 1802 3759 vinum
1826 3720 1856 3757 in

1013 3781 1183 3852 sauguinem
1209 3781 1269 3852 ejus
1295 3795 1473 3844 conversum,
1491 3779 1598 3858 quade
1626 3793 1656 3830 re
1683 3776 1744 3846 ejus
1773 3779 1857 3829 aetate

1014 3855 1125 3908 nullom
1150 3851 1271 3906 dubium
1286 3850 1411 3904 restabat
1430 3853 1480 3902 aiil
1502 3853 1654 3910 intererat:
1676 3847 1723 3900 scd
1739 3861 1775 3899 an
1799 3861 1858 3899 cor·

1013 3931 1105 4006 puset
1119 3921 1236 3993 sanguis
1252 3937 1350 3975 revera
1369 3921 1455 3974 modo
1480 3918 1570 3972 oculis
1589 3923 1618 3971 et
1640 3917 1771 3970 sensibus
1789 3916 1858 3968 suh-

1012 4000 1087 4064 Jeclo
1117 3996 1299 4065 permaneret
1325 3998 1354 4045 et
1377 3989 1556 4051 consisteret,
1583 3986 1689 4041 scilicet
1718 4002 1754 4039 au
1778 3986 1856 4056 quod

1013 4066 1134 4120 fractum
1152 4064 1357 4134 etdisruptum
1383 4062 1413 4116 in
1442 4059 1615 4115 Eucharistia
1643 4057 1756 4110 ridetur
1783 4059 1858 4109 esset

1013 4153 1079 4192 vera
1106 4151 1208 4206 corpus
1234 4134 1348 4190 Christi.
1380 4134 1479 4187 Eccum
1503 4129 1692 4202 quaestionem
1722 4143 1755 4182 ca
1773 4132 1857 4181 aelata

1013 4211 1165 4262 versabant
1178 4205 1314 4275 theologi.
1341 4206 1373 4259 El
1397 4219 1462 4258 cum
1488 4201 1566 4273 quod
1588 4201 1711 4254 exterius
1737 4202 1858 4278 apparet

1014 4285 1079 4350 post
1108 4276 1365 4343 consecrationem,
1390 4289 1493 4345 corpus
1525 4272 1631 4328 Christi
1665 4273 1858 4338 nuncupative

1015 4352 1152 4406 duntaxat
1180 4347 1301 4409 dicatur,
1325 4344 1580 4417 quemadmodum,
1607 4341 1702 4411 inquit
1727 4342 1855 4411 algerus,

116 4435 170 4474 non
185 4419 230 4473 his
242 4420 337 4474 verbis
352 4420 521 4489 simpliciter
539 4420 649 4491 colligit
672 4435 787 4474 carnem
811 4419 915 4474 Christi
930 4421 995 4495 inq)
1015 4420 1089 4475 sicut
1107 4435 1182 4489 aqua
1201 4435 1266 4472 cuni
1282 4418 1348 4471 vino
1361 4416 1392 4470 in
1408 4415 1493 4470 calice
1509 4414 1594 4469 mista
1609 4417 1651 4467 est
1674 4413 1791 4481 sanguis
1805 4426 1858 4480 po·

117 4490 295 4545 Ericharistia
309 4496 470 4560 susceptam
494 4506 555 4544 non
578 4506 639 4545 essa
659 4490 790 4545 eamdem
814 4491 890 4545 cruci
916 4491 961 4545 al·

116 4562 211 4627 lixam,
232 4560 281 4615 sed
305 4562 461 4615 secondum
485 4561 611 4616 arterias
644 4578 694 4616 seu
723 4561 800 4632 quod
828 4561 959 4617 sensibus

116 4633 277 4702 subjectum
292 4638 345 4696 est,
359 4631 490 4686 videlicet
504 4632 663 4687 secundum
684 4632 845 4687 albedinem
870 4639 898 4687 ει
912 4649 959 4687 ex·

115 4703 275 4757 tensionem
296 4717 361 4771 quus
386 4702 415 4756 iii
438 4708 592 4773 conspectu
615 4703 763 4757 oculorum
788 4703 865 4757 alind
882 4707 957 4770 sunt,

116 4773 234 4828 omnino
252 4773 378 4827 consistit
397 4773 433 4827 ab
457 4789 491 4827 eo
516 4773 593 4843 quod
612 4774 642 4828 in
665 4774 799 4845 mysterio
822 4775 956 4828 creditur.

117 4848 208 4915 Atque
233 4843 303 4897 illud
321 4844 398 4912 lonae
427 4847 551 4899 consistit
576 4845 722 4899 secundum
745 4845 818 4914 quod
840 4847 960 4899 euterius

117 4916 283 4980 conspicitur
301 4919 383 4982 atque
414 4914 484 4968 illud
507 4916 653 4970 secundum
674 4915 746 4984 qiioit
778 4919 808 4970 iri
833 4917 960 4983 mysterio

116 4987 245 5039 ereditur.
277 4984 368 5054 lgitur
390 4985 555 5054 plenissime
591 4986 815 5057 planissimeque
850 4990 961 5040 constat

117 5056 303 5110 llatrauinum
320 5055 481 5110 distinxisse
498 5057 570 5110 hanc
584 5072 696 5110 earnem
711 5057 868 5112 secundum
883 5057 958 5129 quod

116 5127 239 5181 isterius
255 5126 375 5193 ridetur,
391 5126 427 5180 ab
442 5143 476 5180 eo
492 5127 651 5182 secundum
666 5128 742 5198 quod
767 5128 798 5181 iii
825 5129 880 5182 boc
895 5145 959 5199 my·

116 5198 201 5251 aterio
217 5196 360 5263 creditur,
388 5197 495 5268 quippe
523 5213 589 5252 cum
618 5197 649 5251 in
677 5214 711 5252 eo
738 5197 815 5269 quod
835 5199 960 5252 exterius

116 5268 241 5338 praeteri,
256 5266 350 5336 ligura
370 5266 406 5321 sit
422 5269 527 5334 solnm,
549 5275 628 5338 teges
658 5273 686 5322 et
701 5268 743 5323 rei
766 5268 887 5323 interius
902 5285 959 5324 cre-

116 5338 178 5394 ditae
194 5353 377 5407 conopaeum,
393 5353 458 5392 cuni
478 5338 598 5392 interius
619 5355 717 5393 revera
732 5339 830 5394 eadem
857 5340 958 5396 Christi

117 5424 179 5462 caro
194 5408 232 5463 sit
246 5424 311 5479 quae
320 5408 396 5463 cruci
407 5408 491 5463 allisa
506 5409 567 5464 luit.
579 5409 647 5474 Onna
660 5410 818 5464 continenti
829 5426 960 5466 sermone

117 5479 221 5550 prodit,
240 5479 361 5533 mirilice
385 5480 575 5548 comprobant
598 5495 627 5533 se
654 5481 726 5535 nihil
750 5481 826 5535 aliud
847 5498 880 5536 ex
905 5482 959 5535 isto

117 5551 254 5606 exteriore
269 5565 319 5604 seu
334 5549 406 5604 facie
421 5557 538 5604 externa
552 5550 713 5620 intelligere
733 5568 819 5605 iiiam
835 5551 960 5623 speciem

118 5627 323 5693 etexpressam
351 5620 508 5693 imaginem
536 5621 665 5692 corporis
690 5621 796 5677 Christi
814 5622 844 5677 in
867 5623 961 5693 ligura

119 5707 167 5748 seu
188 5690 369 5761 simplicibus
390 5690 586 5747 accidentibus
608 5708 672 5763 qun
696 5693 845 5748 oculorum
869 5694 958 5749 aciem

119 5763 315 5835 perstringunt
330 5767 360 5817 et
373 5762 399 5817 ei
417 5763 617 5832 subjiciuntur.
644 5765 714 5819 Nam
733 5764 864 5820 observat
887 5763 961 5819 hauc

1015 4490 1089 4562 puli.
1114 4489 1281 4558 Exemplum
1312 4504 1370 4541 non
1393 4491 1507 4556 poterat
1528 4484 1655 4555 prolerre
1684 4483 1858 4562 llatramnus

1013 4561 1092 4616 omni
1112 4559 1278 4628 exceptione
1293 4560 1386 4628 majus
1402 4564 1434 4611 ut
1456 4555 1675 4625 explicationem
1699 4568 1781 4607 suain
1797 4567 1857 4605 vin·

1013 4633 1121 4687 dicaret
1135 4636 1164 4684 et
1182 4630 1352 4696 absolveret,
1376 4627 1532 4698 postposita
1559 4625 1725 4680 necessitate
1748 4623 1858 4678 iacien-

1014 4704 1058 4758 doe
1081 4700 1303 4771 comparationis
1336 4700 1417 4769 cnjus
1443 4696 1645 4751 concinnitiido
1666 4695 1702 4749 sit
1723 4694 1857 4747 omnibus

1013 4773 1142 4828 numeris
1167 4772 1291 4841 perlecta
1311 4775 1339 4824 ει
1363 4769 1503 4825 absoluta.
1536 4768 1597 4822 Nun
1621 4767 1698 4820 enim
1726 4769 1787 4819 crat
1806 4779 1858 4842 εε·Ι

1013 4860 1088 4899 εεεεε
1104 4859 1156 4898 nec
1171 4842 1250 4896 valde
1270 4840 1450 4895 conducibile
1476 4838 1596 4910 probare
1623 4852 1725 4906 corpus
1754 4835 1857 4888 Christi

1013 4931 1111 4969 revera
1125 4914 1155 4968 in
1169 4913 1345 4967 Eucharistia
1367 4911 1531 4975 consistere,
1549 4914 1598 4962 aut
1622 4913 1685 4978 post
1707 4918 1855 4959 consecra·

1013 4987 1121 5041 tionem
1136 5000 1234 5039 reram
1259 4983 1489 5065 permansionem
1521 4996 1579 5033 non
1597 4978 1716 5043 habere;
1739 4974 1787 5054 sed
1808 4989 1856 5027 eos

1013 5055 1162 5124 theologos
1179 5055 1229 5124 qni
1243 5054 1296 5109 sibi
1309 5052 1521 5123 persuadebant
1537 5050 1621 5104 modo
1638 5045 1788 5129 ‘corporali
1806 5060 1856 5098 seu

1013 5128 1144 5182 sensibus
1164 5126 1290 5195 subjecto
1310 5124 1474 5189 consistere,
1497 5122 1646 5176 allucinari
1674 5117 1858 5170 vehementer

1014 5204 1042 5252 et
1056 5212 1160 5252 errare.
1180 5195 1350 5250 summatim
1375 5195 1482 5266 quippe
1505 5208 1539 5246 ex
1568 5192 1629 5270 hac¹
1643 5187 1857 5255 comparatione

1013 5268 1168 5323 solitariam
1185 5267 1258 5321 hanc
1286 5265 1497 5321 conclusionem
1524 5265 1645 5316 assumit
1672 5258 1793 5341 valeret
1814 5258 1857 5312 lu-

1014 5356 1062 5394 sus
1084 5339 1237 5407 theologiis
1260 5339 1431 5393 Ralramuus
1455 5348 1574 5388 numero
1588 5333 1646 5385 75:
1676 5332 1716 5384 At
1735 5328 1856 5384 uidemus

1013 5413 1043 5465 in
1057 5426 1131 5480 aqua
1148 5409 1293 5464 secuudum
1306 5423 1402 5478 corpus
1416 5405 1554 5460 sibilasse
1576 5416 1745 5462 conuusumi
1768 5415 1856 5456 conse·

1014 5486 1124 5552 quanter
1139 5496 1201 5551 erqo
1216 5483 1242 5533 et
1268 5482 1298 5533 iii
1321 5482 1384 5533 oiiio
1410 5476 1481 5531 nihil
1508 5474 1685 5542 cornmoliter
1710 5477 1853 5527 ostensum.

1013 5554 1158 5622 decipitur
1177 5549 1363 5620 spiritualiter
1382 5545 1519 5617 quidquid
1547 5548 1577 5600 ιε
1600 5560 1675 5614 aqua
1699 5543 1732 5598 de
1760 5543 1856 5626 populi

1013 5638 1123 5692 empore
1136 5625 1309 5691 siqiiificotur
1327 5640 1332 5672 ε
1351 5620 1504 5688 αεείριειεν
1528 5630 1591 5685 erpo
1606 5629 1710 5670 maesse
1735 5618 1775 5668 est
1798 5629 1856 5684 spi-

1013 5695 1151 5748 ritualiter
1164 5691 1303 5763 quidquid
1316 5693 1346 5745 iri
1361 5692 1423 5745 irino
1443 5688 1477 5743 de
1502 5685 1606 5744 Christi
1632 5688 1765 5766 sanquine
1787 5684 1854 5737 inti·

1013 5770 1114 5819 matur.
1127 5764 1182 5818 llac
1196 5761 1301 5832 agendi
1313 5767 1342 5817 ai
1357 5759 1470 5816 dicandi
1486 5759 1596 5814 ratione
1610 5759 1714 5828 probat
1728 5755 1855 5825 aliquam
