3930 6098
649 274 865 334 EPlTAPHIUll
886 277 1014 336 PIPPIHl
1033 279 1079 337 ΕΤ
1098 276 1286 338 baudone.

851 615 1144 722 CARMEN

574 814 636 888 DE
665 814 933 890 CONFLICTU
960 814 1102 889 VERlS
1131 816 1191 890 ET
1220 816 1401 891 HlEMIS.

741 967 827 1033 (apuu
842 967 977 1019 uacuum
991 967 1024 1019 ce
1038 968 1131 1034 Script.
1145 969 1220 1032 ecel.)

108 1246 289 1305 Conveniunt
303 1244 397 1301 subito
411 1244 507 1300 cuncti
520 1244 555 1298 de
571 1243 719 1299 montibus
733 1244 796 1300 altis

108 1338 242 1392 Pastores
255 1334 409 1406 pecudum,
425 1332 533 1387 vernali
547 1333 611 1386 luce
627 1332 680 1387 sub
695 1332 807 1401 umbra,

109 1424 249 1481 arboreas
262 1422 371 1492 pariter
382 1422 461 1476 laetas
474 1421 619 1476 celebrare
633 1436 776 1476 camenas.

108 1514 215 1569 Omnes
231 1511 277 1566 hio
291 1510 392 1565 cuculo
405 1510 503 1564 laudes
517 1514 632 1564 cautere
645 1509 793 1580 parabant.

110 1601 166 1654 Ver
180 1615 295 1672 quoque
309 1599 445 1670 ilorigaro
458 1599 617 1653 succinctus
628 1604 780 1653 stemmate
795 1598 883 1667 venit,

109 1686 225 1760 Frigida
240 1687 319 1741 venit
334 1686 441 1754 Hiems,
453 1686 553 1757 rigidis
569 1686 680 1742 hirsuta
690 1686 812 1757 capillis,

109 1777 158 1832 His
172 1781 318 1831 certamen
335 1782 396 1830 erat
411 1776 504 1831 cuculi
519 1775 555 1831 de
570 1775 698 1831 carmine
713 1776 832 1847 grande.

110 1867 164 1920 Ver
177 1864 256 1937 prior
267 1864 364 1920 allusit
377 1869 474 1919 ternos
489 1865 685 1921 modulamine
697 1881 812 1920 versus:

498 1985 569 2026 VEB.

110 2080 183 2150 Opto
198 2093 279 2132 meus
292 2075 386 2131 veniat
401 2076 529 2142 cuculus,
546 2075 731 2130 charissimus
745 2077 814 2144 ales,

110 2165 251 2223 Omnibus
267 2165 320 2220 iste
336 2165 410 2220 solet
424 2163 488 2219 fleri
502 2165 681 2234 gratissimus
695 2166 809 2236 hospes,

111 2257 201 2311 Intret
215 2254 239 2308 is
255 2254 416 2322 modulans,
432 2252 520 2308 rutilo
535 2252 753 2325 bonacarmina
766 2259 870 2309 rostro.

110 2344 182 2398 Tnm
197 2342 324 2416 glacialis
339 2342 435 2397 Hiems
449 2339 598 2413 respondit
611 2357 678 2397 voce
691 2358 808 2411 serena;

480 2463 591 2504 ulcus.

112 2554 175 2608 Non
189 2551 284 2607 reniet
297 2552 425 2620 cuculus,
437 2553 528 2624 nigris
543 2554 591 2609 sed
606 2553 731 2609 dormiat
743 2554 847 2623 autris;

112 2643 167 2695 lete
181 2641 288 2695 samem
302 2655 399 2695 seeum
415 2656 531 2713 semper
543 2648 658 2712 portare
674 2643 787 2697 suescit.

495 2761 568 2802 ΠΒ,

112 2855 185 2924 Opto
205 2868 287 2908 meus
300 2851 396 2907 reniet
410 2853 528 2907 cuculus
538 2868 604 2907 cum
617 2852 747 2923 germine
762 2853 838 2920 lueto,

114 2941 230 3012 Frigore
245 2942 380 3012 depellat,
397 2941 503 2997 Phoebo
517 2957 612 2996 comes
626 2942 720 2996 almus
734 2942 763 2995 in
778 2957 886 3010 aevum3

112 3031 234 3087 Phoebus
244 3038 322 3086 amat
333 3032 478 3096 cuculum,
495 3030 632 3085 crescenti
646 3029 709 3085 luce
724 3047 834 3085 serena.

479 3151 592 3193 ulnus.

112 3244 174 3298 Non
188 3241 283 3298 reniet
295 3243 423 3312 cuculus,
441 3247 561 3315 generat
576 3243 627 3315 qui
641 3244 715 3298 forle
730 3244 852 3316 labores,

113 3332 215 3388 Pratia
225 3331 420 3404 congeminat,
436 3332 564 3403 requiem
580 3332 720 3403 disjungit
734 3349 879 3403 amaram3

113 3419 217 3476 Omnia
232 3419 391 3475 disturbat:
408 3420 505 3491 pelagi
517 3425 657 3491 terraque
671 3421 811 3477 laborant.

502 3541 540 3582 vr
568 3568 574 3581 .

114 3614 187 3679 Quid
202 3617 243 3677 tn,
262 3613 345 3668 tarda
360 3613 466 3677 Hiems,
482 3541 582 3670 cucullo
595 3615 721 3670 convicia
736 3619 854 3673 cantas?

114 3701 168 3767 Qui
182 3706 300 3772 torpore
315 3701 396 3773 gravi
408 3703 566 3758 tenebrosis
576 3709 666 3759 tectus
680 3703 710 3759 in
726 3705 825 3772 antris,

113 3791 178 3846 Post
192 3790 292 3862 epulas
305 3790 432 3861 Veneris,
448 3795 511 3863 post
526 3792 605 3847 stulti
620 3792 724 3865 pocula
739 3792 851 3850 Bacchi.

112 3985 185 4041 Sunt
199 3984 272 4040 milri
284 3984 403 4052 divitiae,
417 3914 499 4042 snut11
501 3913 535 4041 et¹
542 3913 673 4042 &avicia
688 3986 764 4056 laeta,

112 4075 160 4129 Est
172 4088 288 4145 requies
302 4073 402 4139 dulcis,
420 4075 528 4131 calidus
544 4081 587 4130 est
601 4076 677 4144 ignis
692 4076 723 4130 in
738 4076 813 4143 aede;

113 4163 180 4219 Haec
196 4162 313 4218 cuculus
327 4163 426 4230 nescit,
443 4164 494 4219 sed
508 4164 638 4235 pertidus
651 4165 700 4220 ille
713 4163 836 4219 laboret.

1009 1337 1064 1392 Ore
1078 1337 1164 1392 refert
1176 1337 1261 1392 tlores
1275 1262 1413 1402 cuculus,v
1419 1261 1457 1391 Ξῖ
1463 1335 1550 1391 melle
1564 1334 1722 1400 ministrat,

1008 1425 1196 1497 AEditieetque
1211 1425 1323 1490 domos,
1337 1424 1462 1496 placidas
1476 1429 1506 1480 et
1519 1424 1637 1495 navigat
1652 1424 1755 1490 undas,

1011 1515 1043 1569 Et
1056 1518 1174 1586 generet
1189 1513 1309 1582 soboles,
1325 1513 1407 1569 laetos
1422 1519 1451 1568 et
1468 1513 1569 1568 vestiet
1583 1527 1680 1583 agros.

1376 1634 1488 1675 EIUS.

982 1758 986 1767 .
1011 1709 1076 1763 Hoec
1089 1707 1207 1762 inimice
1221 1706 1293 1762 mihi
1308 1709 1385 1772 sunt,
1402 1720 1467 1776 quae
1480 1704 1534 1759 tibi
1549 1704 1615 1758 loeta
1629 1704 1780 1759 ridentur:

1011 1797 1065 1852 Sed
1079 1797 1172 1868 placet
1185 1800 1297 1867 optatas
1311 1810 1394 1866 gazas
1409 1808 1562 1849 numerare
1578 1797 1711 1864 paratas3

1011 1887 1044 1941 Et
1058 1885 1182 1958 gaudere
1196 1884 1276 1953 cibis,
1292 1883 1378 1939 simul
1393 1887 1423 1938 et
1435 1884 1614 1954 requiescere
1628 1897 1753 1952 semper.

1397 2003 1470 2044 ran.

1011 2080 1079 2146 Quis
1097 2079 1160 2142 tihi.
1174 2078 1256 2134 tarda
1271 2078 1376 2146 Hiems,
1393 2093 1506 2149 semper
1520 2075 1648 2131 dormire
1665 2080 1774 2147 parete,

1011 2169 1128 2226 Divitias
1140 2168 1277 2234 cumulat,
1294 2183 1387 2239 gazas,
1403 2167 1447 2220 rel
1462 2170 1623 2236 congregat
1638 2166 1735 2220 uillas:

1013 2258 1042 2314 Si
1057 2272 1106 2313 ver
1117 2262 1168 2312 aut
1181 2261 1265 2312 aestas
1279 2256 1332 2311 tibi
1348 2256 1437 2320 nulla,
1455 2256 1498 2310 vel
1514 2261 1580 2309 ente
1595 2254 1732 2329 laborat?

1378 2377 1396 2416 n
1483 2401 1490 2415 .

1013 2455 1085 2508 Vera
1098 2452 1197 2519 refers,
1215 2451 1257 2507 illi
1271 2377 1509 2521 nunquamnbstui
1526 2450 1615 2504 multe
1631 2448 1779 2515 laborent;

975 2550 996 2605 Β
1011 2543 1082 2597 Sunt
1094 2540 1180 2595 etiam
1196 2539 1280 2607 servi,
1296 2544 1395 2593 nestra
1409 2539 1516 2593 ditione
1530 2537 1651 2605 subacti,

1010 2632 1073 2685 lam
1089 2629 1159 2684 mihi
1174 2632 1317 2684 servantes
1332 2626 1450 2682 doutiuu
1465 2642 1644 2698 quaecuuque
1661 2625 1797 2681 laborant.

1012 2720 1075 2773 Non
1091 2718 1147 2772 illis
1162 2717 1274 2781 domus,
1291 2716 1338 2772 sed
1353 2732 1463 2787 pauper
1476 2715 1616 2786 inopsque
1631 2713 1780 2784 superbus,

1012 2809 1068 2863 Nec
1083 2811 1110 2861 te
1122 2807 1182 2879 jum
1197 2805 1304 2877 poteris
1319 2822 1370 2877 per
1384 2810 1457 2859 tatu
1471 2819 1586 2875 pascere
1603 2808 1727 2870 tanturm

1014 2896 1049 2952 Ni
1067 2896 1120 2951 tibi
1133 2897 1197 2968 quis
1209 2895 1305 2950 veniat
1317 2895 1444 2961 cuculus,
1460 2894 1597 2948 alimonia
1609 2895 1736 2962 praestet.

970 3024 991 3055 ,,
1013 2987 1091 3041 Tunc
1104 2984 1251 3056 respondit
1266 3000 1364 3049 orans,
1379 2982 1496 3037 sublimi
1512 2998 1529 3036 e
1544 2981 1611 3037 sede
1627 2982 1781 3037 Palemon.

1351 3103 1522 3146 raLAEltort.

1014 3198 1047 3252 Et
1062 3194 1188 3265 Daphnis
1204 3193 1319 3265 pariter,
1335 3198 1482 3264 pastorum
1499 3196 1528 3247 et
1541 3190 1625 3245 turba
1639 3190 1755 3262 piorum
1770 3209 1776 3242 :

1014 3283 1117 3339 Desine
1132 3284 1225 3354 plura,
1240 3283 1347 3347 Hiems,
1364 3297 1460 3335 rerum
1473 3286 1504 3334 tu
1517 3279 1660 3350 prodigus
1676 3287 1770 3345 atror;

1014 3372 1047 3426 Et
1061 3373 1156 3426 reniet
1167 3372 1294 3435 cuculus,
1307 3374 1455 3441 pastorum
1471 3368 1562 3424 dulcis
1576 3367 1707 3436 amicus;

1014 3460 1139 3516 Collibus
1153 3459 1183 3514 in
1198 3459 1304 3514 nustria
1319 3462 1473 3528 erumpant
1487 3455 1619 3528 germina
1635 3456 1718 3523 loeta3

1013 3550 1121 3604 Pascua
1135 3548 1171 3602 sit
1183 3547 1291 3619 pecori,
1307 3547 1421 3618 requies
1436 3550 1465 3599 et
1479 3545 1569 3599 dulcis
1585 3544 1614 3598 in
1629 3544 1719 3609 arvis,

1014 3638 1048 3692 Et
1061 3637 1166 3691 virides
1181 3635 1254 3691 rami
1269 3640 1408 3707 prestent
1423 3632 1591 3689 umbracula
1606 3632 1697 3688 sessis.

1015 3724 1154 3781 Uberibus
1168 3724 1261 3796 plenis
1278 3723 1451 3793 veniantque
1467 3723 1501 3777 ad
1517 3722 1638 3776 mulctra
1654 3721 1780 3793 capellam

978 3845 1000 3901 c
1018 3813 1050 3866 Et
1063 3813 1192 3866 volucres
1207 3812 1285 3866 varia
1299 3811 1438 3867 Phoebum
1454 3810 1507 3864 sub
1519 3825 1588 3864 voce
1603 3810 1737 3864 salutent.

1015 3902 1197 3972 Quapropter
1211 3899 1295 3955 citius
1308 3901 1427 3954 cuculus
1441 3913 1518 3952 nunc
1532 3913 1597 3952 ecee
1607 3898 1716 3963 venito,

1015 3990 1086 4044 Turn
1100 3989 1161 4059 jam
1176 3988 1266 4043 dulcis
1280 4003 1373 4056 amor,
1389 3987 1500 4042 cunctis
1512 3985 1693 4058 gratissimus
1708 3987 1807 4056 hospes.

1015 4076 1117 4132 Omnia
1132 4083 1159 4131 te
1174 4081 1349 4148 exspectant,
1364 4075 1459 4147 pelagi
1472 4075 1615 4146 tellusque
1630 4075 1770 4129 salutant:

1016 4165 1108 4233 Salve,
1123 4165 1206 4220 dulce
1221 4165 1307 4221 decus
1321 4163 1452 4231 cuculus,
1467 4179 1519 4234 per
1533 4163 1639 4218 secema
1651 4162 1736 4217 salre.

544 4459 853 4590 eruuntur
884 4498 1065 4588 rnrnr
1096 4498 1161 4588 ur
1194 4496 1437 4589 nacconis

296 4680 400 4743 Caroli
416 4681 508 4746 calvi
517 4682 662 4764 filiorum,
678 4685 742 4764 qui,
758 4681 921 4823 Melonz'lud
932 4680 1125 4822 erlaudiendurtn
1142 4681 1301 4753 commacu,
1318 4682 1383 4762 ipso
1397 4680 1540 4761 pueritiae
1555 4691 1686 4760 tempore

874 4781 931 4824 rem
943 4781 959 4823 c
972 4780 1102 4823 uusmuo
1120 4806 1127 4822 .

649 4928 738 4993 (apud
752 4926 855 4978 Mabill.
868 4926 933 4978 dcta
946 4924 992 4977 SS.
1004 4924 1061 4976 ord.
1078 4923 1185 4985 bened,
1203 4926 1267 4974 sect.
1280 4924 1326 4984 rr.)

115 5169 243 5241 Quisque
262 5169 361 5225 videns
374 5178 485 5227 nostres
498 5174 594 5228 solerti
608 5173 694 5229 corde
709 5173 825 5244 ligures,

152 5240 282 5312 Perspice
297 5254 384 5321 quam
399 5242 493 5297 subito
509 5244 616 5298 detlnat
630 5243 707 5298 orbis
722 5244 825 5299 honos.

116 5310 193 5433 Helge
207 5311 262 5366 sati
276 5310 393 5369 fuimus.
406 5328 513 5368 nomeu
526 5314 575 5385 qui
591 5314 708 5368 nomine
723 5315 805 5369 duxit

176 5397 191 5434 a
206 5381 299 5451 Hagni
314 5382 442 5451 Hagnas,
459 5384 493 5438 de
510 5385 606 5438 Heruli
620 5386 752 5453 Herulus,

117 5447 173 5502 Nec
186 5451 268 5506 licuit
281 5456 374 5507 tutum
390 5453 454 5508 vita
469 5454 654 5524 complectier
668 5471 788 5522 annum,

152 5518 207 5573 Sed
223 5522 319 5592 rapuit
333 5529 445 5579 nostras
459 5524 555 5579 debita
569 5540 646 5579 mors
657 5526 778 5582 animas.

978 5173 1001 5226 ll
1016 5171 1045 5227 Si
1061 5170 1174 5240 genitor
1189 5175 1316 5224 nostram
1330 5168 1458 5241 digneris
1472 5169 1565 5224 risere
1579 5170 1721 5236 tumbam,

1050 5243 1111 5298 Her
1127 5246 1242 5296 nostros
1256 5241 1351 5296 obitus
1366 5257 1403 5295 ne
1418 5240 1514 5294 doleas
1529 5241 1665 5311 petimus.

1013 5313 1108 5367 Terris
1123 5312 1238 5377 sublati,
1254 5311 1367 5381 placida
1382 5311 1501 5380 regione
1514 5309 1610 5376 locati,

1049 5383 1119 5437 Cum
1135 5381 1239 5437 sanctis
1253 5381 1352 5453 requie
1367 5387 1507 5452 perpetua
1521 5379 1655 5435 fruimur.

1013 5453 1066 5507 Vos
1086 5453 1175 5507 nostri
1191 5467 1332 5506 memoras
1347 5451 1443 5506 felices
1458 5456 1516 5506 este
1531 5456 1676 5576 parentes.

1049 5525 1105 5579 Huc
1119 5523 1257 5596 Pippiuus
1273 5538 1326 5592 ogo
1341 5537 1437 5593 posco,
1454 5523 1527 5576 simu
1542 5537 1597 5593 que
1615 5521 1719 5593 Drogo.
