3930 6098
103 292 158 356 255.
632 300 636 307 ·
675 280 854 351 netuauut
872 280 1102 343 sebastensis
1120 282 1275 352 donatur

105 419 185 480 dum.
201 417 368 475 titinierius
388 416 493 473 Filium
515 415 656 473 dicentem
681 417 820 470 testatur:
838 415 893 481 Qui
907 413 950 469 di·
970 418 1058 482 Αεει,
1075 419 1108 470 ut
1130 415 1168 469 sit
1192 415 1320 487 ejusdem
1347 416 1513 471 substantia
1536 431 1603 473 cum
1626 417 1728 486 Filio,r

104 511 167 579 tipit
185 525 236 577 mc,
254 523 401 563 sermonem
419 521 506 562 meum
524 503 658 571 arcebit:
675 508 700 559 et
725 505 804 559 Pater
817 518 890 559 mua
905 503 949 558 dt·
1005 503 1091 557 Filius
1112 503 1240 574 ejusdcm
1264 504 1429 559 substantie
1455 521 1520 560 cum
1543 507 1635 562 Patre.
1651 508 1723 563 item

105 601 169 668 lipet
188 613 258 664 eum,
280 603 305 652 et
326 596 364 652 od
385 611 445 650 eum
468 595 614 660 veniemus,
636 597 662 647 et
684 595 850 649 mansionem
875 592 951 663 apud
1004 592 1209 663 sequentibus:
1242 614 1253 642 ι
1283 593 1363 658 Quod
1390 594 1519 665 loquitur
1544 595 1641 664 Filius,
1668 596 1728 669 loqr

104 702 163 742 mm
179 689 316 753 faciemus
335 685 429 755 (Joan.
446 698 502 749 xrs,
516 681 572 752 ιδ).
588 702 603 730 u
623 681 669 736 Sic
683 681 773 752 igitur
795 682 873 737 venit
887 681 950 754 Spi·
1005 680 1104 748 Fater3
1127 687 1155 736 ει
1179 681 1256 753 quod
1279 683 1362 737 Pater
1384 682 1523 754 loquitur,
1541 683 1670 755 loquitur
1690 689 1720 740 et

104 775 187 843 ritus,
210 771 454 846 quemadmodum
477 769 556 824 veuit
579 770 676 837 Pater,
700 771 769 841 quia
798 770 847 826 ubi
869 772 952 826 Pater
1004 774 1033 824 ει
1052 768 1087 824 de
1108 769 1216 840 Spiritu
1238 769 1326 825 Filius
1350 770 1401 825 liei
1420 771 1510 826 dixit:
1533 774 1592 829 Non
1615 774 1728 828 enimin

105 864 212 933 est,ibi
238 867 280 917 est
297 866 325 917 et
349 859 451 925 Filius;
469 863 499 913 ει
511 857 559 912 ubi
583 859 681 928 Filius,
701 859 743 914 ibi
757 861 801 915 est
821 864 850 915 et
864 859 952 931 Spirl-
1004 873 1039 925 se,
1064 858 1119 913 boc
1142 863 1194 924 est,
1217 875 1274 913 uon
1304 859 1365 913 sine
1390 875 1455 915 mea
1478 865 1507 917 et
1534 861 1624 916 Patris
1651 877 1728 917 cotun

105 958 151 1008 tus
175 957 299 1006 sanctiss.
326 968 339 1001 u
364 947 439 1013 Quid
463 953 507 1003 est
526 953 621 1003 antem
644 948 722 1019 quod
747 947 797 1015 ait,
811 948 880 1020 quia
903 948 951 1004 ubi
1005 948 1074 1017 (non
1101 945 1179 1002 enim
1200 946 1309 1001 divisus
1328 962 1361 1002 ac
1388 951 1536 1017 separatus
1559 954 1602 1003 est
1627 947 1728 1019 Spiritu

106 1042 191 1096 Pater
204 1045 256 1107 est,
270 1038 309 1092 ibi
325 1043 368 1092 eet
388 1042 414 1092 ει
431 1037 529 1103 Filius,
545 1036 600 1091 nisi
623 1037 692 1108 quia
706 1037 794 1093 Titius
809 1038 844 1093 de
868 1039 951 1094 Patre
1005 1051 1065 1104 qua
1087 1035 1167 1090 audit
1191 1037 1313 1104 loquitur
1340 1035 1438 1106 (ibid,
1468 1036 1532 1104 tt):
1561 1035 1728 1091 auditridel

105 1135 188 1184 uatus
211 1132 263 1193 est,
288 1143 303 1180 a
328 1142 386 1198 quo
411 1140 560 1196 nunquam
583 1125 744 1180 dividitur:
765 1130 793 1180 ει
814 1125 950 1199 quidest,
1006 1122 1143 1178 unitatem
1170 1123 1349 1188 substantiae,
1379 1129 1407 1178 et
1434 1123 1639 1196 proprietatem
1668 1122 1728 1178 sciet

106 1215 153 1284 nbi
167 1220 211 1270 εει
225 1215 324 1283 Filius,
342 1213 383 1269 ibi
406 1219 450 1268 est
473 1213 596 1284 Spiritus
617 1213 751 1270 sauctus‘l
764 1213 820 1270 uisi
834 1215 902 1287 quia
916 1216 951 1270 de
1007 1215 1077 1268 lium
1102 1214 1253 1269 cantitetur
1274 1215 1374 1269 doctor
1395 1213 1448 1268 iste
1462 1213 1617 1269 catholicus
1635 1214 1728 1285 Spiritu

105 1302 175 1358 Filio
190 1303 319 1374 procedit
333 1302 457 1373 Spiritus
469 1307 621 1370 sanctus,u
636 1318 694 1374 quo
710 1318 859 1375 nunquam
874 1319 952 1376 sepa·
1005 1307 1083 1356 ctnm
1099 1317 1155 1357 non
1180 1302 1260 1374 loqui
1283 1302 1344 1357 siue
1367 1303 1458 1357 Patris
1485 1302 1607 1373 Filiique
1630 1318 1728 1357 commi

105 1398 193 1458 ratur,
210 1396 240 1446 ει
264 1391 437 1446 ineffabilem
454 1390 580 1445 ostendit
600 1391 688 1446 totius
711 1391 857 1447 Trinitatis
881 1408 949 1446 con·
1006 1391 1138 1446 videlicet
1153 1392 1288 1463 loquente
1312 1391 1433 1461 Spiritu,
1455 1391 1585 1463 loquitur
1608 1393 1699 1458 Fater,
1722 1391 1728 1446 Ι

104 1479 387 1545 substantialitatem,
412 1496 478 1535 cum
503 1480 606 1535 Filium
637 1484 757 1534 testatur
783 1496 897 1552 semper
920 1482 952 1536 in
1005 1486 1034 1534 ει
1049 1480 1145 1544 Filius,
1170 1485 1292 1535 testatur
1313 1480 1447 1535 etrmdem
1472 1497 1532 1534 esse
1558 1480 1647 1534 Patris
1661 1487 1690 1535 et
1704 1480 1728 1536 rt

104 1571 186 1625 Patre
210 1585 283 1636 esse,
309 1572 338 1625 et
371 1568 508 1641 Spiritum
533 1574 663 1623 sanctum
690 1585 805 1640 semper
832 1587 892 1625 esse
922 1573 952 1625 in
1005 1568 1234 1639 substantialem,
1249 1574 1277 1623 et
1296 1568 1424 1640 ejusdem
1442 1569 1625 1639 operationis,
1645 1568 1728 1624 necd

105 1656 187 1727 Filio,
202 1661 234 1713 ut
249 1657 299 1712 ribi
316 1659 399 1712 Peter
412 1657 458 1723 sit,
474 1656 511 1712 sit
530 1661 560 1712 et
573 1656 676 1724 Filius;
694 1662 722 1712 et
737 1657 786 1713 ubi
801 1657 898 1727 Filius,
914 1658 952 1714 sit
1005 1674 1059 1713 nec
1072 1664 1246 1729 separatum.
1261 1658 1294 1713 nt
1306 1658 1382 1729 quod
1395 1657 1523 1713 addidit:
1540 1658 1607 1723 Quor
1622 1657 1702 1712 audit
1713 1657 1728 1712 li

104 1762 221 1818 qnoque
244 1745 365 1817 Spiritus
388 1751 512 1809 sanctus,
535 1761 593 1799 non
620 1747 695 1813 locu,
725 1763 782 1801 nnn
809 1752 951 1818 tempore,
1006 1747 1218 1819 processionem
1242 1749 1304 1816 ujus
1329 1747 1474 1801 insinuat:
1496 1763 1555 1801 uon
1578 1747 1655 1801 enim
1681 1745 1728 1817 qni

106 1850 162 1888 uon
185 1835 342 1899 voluntate,
377 1849 436 1888 non
468 1832 588 1899 actione,
619 1850 678 1889 non
708 1834 829 1890 essentia
857 1835 951 1890 divisi.
1007 1835 1163 1906 interjectis
1187 1835 1296 1906 spatiis,
1322 1837 1366 1890 vet
1390 1836 1535 1907 aliquibus
1558 1835 1728 1891 iaruminibu

104 1924 175 1978 ltem
202 1922 347 1994 posterius
378 1923 450 1993 (cap.
478 1921 542 1991 ¹²l²
573 1943 588 1974 a
622 1923 699 1978 Sicut
724 1925 809 1980 Fater
835 1924 953 1979 tradidit
1007 1919 1097 1976 Patris
1112 1919 1234 1991 Titiique
1247 1920 1421 1973 locutionem
1437 1920 1570 1990 Spiritus,
1587 1935 1651 1974 curm
1668 1918 1728 1974 sits

106 2011 220 2078 Filium,
236 2016 265 2067 et
289 2010 376 2067 Filius
399 2011 460 2082 ipse
484 2028 515 2066 se
535 2011 662 2078 tradidit,
682 2013 779 2083 accipe
803 2013 870 2084 quia
889 2013 951 2085 Spi-
1006 2006 1182 2062 substantiae·
1207 2007 1239 2061 Ει
1260 2007 1332 2062 sicul
1355 2008 1423 2062 dieii
1440 2008 1545 2062 Filius:
1563 2010 1658 2064 Omnia
1673 2022 1728 2078 qua

105 2099 177 2153 ritus
200 2105 314 2154 sauctus
352 2115 419 2155 eum
452 2099 588 2155 tradidit:
619 2100 757 2171 scriptum
782 2108 826 2156 est
852 2101 950 2156 enim:
1006 2111 1024 2150 a
1051 2097 1132 2151 Patre
1155 2102 1298 2164 mambote
1321 2099 1375 2163 feci
1396 2097 1470 2152 vobis
1497 2097 1590 2167 (deors.
1620 2111 1666 2159 xv,
1697 2098 1728 2152 ¹5

108 2191 181 2242 timo
193 2187 275 2243 Jcsus
295 2188 391 2253 ductus
406 2192 445 2243 est
467 2192 498 2242 in
512 2188 648 2244 decatum
666 2204 684 2243 a
706 2190 825 2259 Spiritu,
839 2195 870 2245 ut
892 2195 950 2246 ten·
1005 2185 1096 2241 cende
1111 2184 1241 2240 uidelicet
1254 2185 1288 2240 de
1303 2186 1397 2251 Patre,
1414 2186 1487 2240 etin
1508 2185 1597 2240 Patris
1612 2185 1728 2240 substan

105 2281 210 2333 teretur
223 2293 241 2330 a
265 2276 371 2332 diabolo
387 2276 499 2348 (Mettis.
526 2279 577 2347 ru).
598 2277 671 2348 Ergo
692 2284 721 2332 et
740 2278 862 2350 Spiritus
883 2279 952 2333 diti·
1007 2274 1159 2342 manendo,
1188 2289 1246 2328 uon
1269 2273 1413 2345 aliquibus
1435 2273 1592 2329 interuallis
1619 2273 1708 2328 Patris

8 2384 10 2388 ’
105 2378 176 2433 gens
195 2363 313 2421 tradidit
333 2364 515 2420 Filiumzest
533 2364 611 2419 enim
635 2380 692 2420 unu
715 2365 838 2422 charitas
860 2368 952 2422 Patris
1006 2362 1292 2435 uempercipieud0:
1316 2362 1356 2417 sic
1380 2366 1407 2416 et
1432 2362 1553 2433 Spiritus
1570 2378 1633 2434 quae
1655 2361 1728 2417 audit

105 2451 222 2512 etFilii.
241 2474 251 2502 s
280 2454 353 2508 lium
376 2452 445 2508 dicit
457 2453 624 2509 charitatem
639 2470 727 2509 uuam
742 2470 803 2511 esse
818 2455 910 2512 Patris
924 2461 953 2510 et
1006 2458 1062 2519 tur,
1077 2451 1256 2523 procedendo
1273 2450 1381 2506 scilicet
1394 2452 1429 2506 dc
1448 2452 1531 2506 Patre
1548 2452 1685 2524 Filioque,
1701 2466 1728 2523 qr

106 2539 181 2608 Filii,
196 2540 368 2597 testificatur
384 2557 476 2597 unum
497 2558 559 2597 esse
573 2541 713 2613 Spiritum
730 2544 893 2617 utriusque;
910 2550 953 2600 est
1007 2540 1180 2595 stantiatiter
1201 2555 1322 2595 manens
1348 2540 1379 2594 in
1411 2545 1548 2611 utroque,
1575 2545 1604 2594 et
1630 2541 1728 2611 proced

105 2627 183 2682 euim
211 2629 333 2701 Spiritus
369 2629 501 2686 charitas.
537 2631 611 2687 Dicit
637 2633 810 2704 Apostolus:
838 2635 952 2688 Fructus
1006 2633 1140 2701 utroque,
1151 2629 1231 2685 audit
1245 2646 1310 2702 quie
1322 2629 1450 2700 loquitur
1464 2645 1516 2700 per
1532 2629 1669 2685 unitatem
1684 2630 1728 2685 sui

104 2718 174 2772 enim
188 2717 322 2788 Spiritus,
338 2720 460 2774 ebaritas
473 2719 545 2789 (dut.
566 2735 595 2789 v,
613 2720 670 2792 22).
693 2722 864 2777 Monstratur
883 2738 952 2793 erge
1007 2722 1035 2773 ει
1048 2718 1254 2789 proprietatem
1271 2718 1407 2773 scientias.

103 2804 225 2876 Spiritus
240 2822 257 2862 a
272 2808 354 2863 Patre
369 2813 398 2863 et
414 2807 483 2863 Filio
501 2809 666 2879 procedere,
681 2825 806 2880 quornm
824 2815 867 2865 est
884 2810 950 2866 cha·
1042 2809 1074 2862 tit
1092 2807 1184 2861 iutra:
1214 2830 1225 2855 ι
1252 2806 1353 2861 Omnia
1368 2805 1461 2861 Patris
1480 2806 1567 2861 babet
1591 2806 1689 2873 Filius,
1713 2822 1728 2879 q

104 2892 192 2949 ritus:
210 2910 269 2949 uon
293 2895 370 2950 enim
390 2900 486 2967 potest
505 2896 628 2951 ebaritas
647 2897 738 2952 Patris
761 2914 823 2953 esse
837 2898 894 2953 nisi
916 2899 951 2953 de
1006 2895 1104 2951 Omnia
1129 2910 1191 2964 que
1214 2896 1304 2950 Patris
1326 2899 1400 2964 sunt,
1422 2911 1482 2950 meo
1510 2900 1573 2950 sunt
1599 2896 1690 2964 (Joan.
1714 2911 1728 2951 ι

104 2983 188 3038 Patre
202 2984 353 3054 procedet3
376 2983 524 3056 quianon
549 2985 665 3041 aliunde
687 2986 856 3043 charitatem
875 2989 951 3043 acci·
970 2988 1034 3068 Cet
1047 3000 1111 3056 quae
1135 2983 1245 3054 accepit
1266 2983 1328 3056 ipse
1352 2999 1404 3054 per
1426 2984 1568 3038 unitatem
1592 2991 1714 3054 natura,

104 3071 164 3142 pit:
181 3087 274 3144 neque
288 3073 351 3128 Filii
365 3072 488 3129 charitas
509 3078 602 3145 potest
623 3092 694 3140 esse,
710 3076 766 3130 nisi
787 3077 952 3148 procedata
1004 3088 1057 3144 per
1087 3071 1219 3127 eamdem
1253 3072 1393 3126 unitatem
1432 3072 1541 3143 accepit
1581 3072 1728 3143 Spiritus:

104 3159 195 3216 Filio:
212 3162 356 3233 quomodo
378 3178 436 3234 qua
457 3162 552 3234 diligit
566 3164 699 3234 charitas,
716 3181 748 3220 ει
771 3165 833 3236 ipso
849 3182 952 3238 prece·
1005 3159 1064 3232 ipse
1096 3158 1234 3215 Dominus
1260 3159 1342 3213 iesus
1371 3158 1498 3213 declarat
1521 3159 1556 3214 de
1594 3159 1701 3230 Spiritu

103 3245 168 3300 dit:
185 3251 213 3301 et
234 3247 379 3318 quomodo
396 3264 455 3302 una
478 3248 602 3303 charitas
621 3255 664 3304 est
685 3250 776 3305 Patris
797 3255 883 3322 atque
907 3251 950 3306 Fi·
1005 3263 1089 3302 ccns:
1124 3252 1276 3317 propterea
1315 3245 1393 3301 dixi:
1430 3249 1467 3302 De
1499 3263 1555 3302 meo
1587 3248 1719 3316 accipiet,

103 3334 145 3402 iii,
161 3350 237 3389 unus
260 3335 383 3407 Spiritus
408 3341 450 3391 est
474 3337 624 3408 utriusque
645 3339 803 3408 procedens
818 3339 854 3394 ab
868 3344 947 3395 utro·
1004 3334 1142 3390 nuntiabit
1188 3334 1264 3389 uobis
1311 3333 1408 3403 (loidi,
1456 3336 1509 3402 tt).
1556 3356 1569 3383 s
1611 3335 1714 3390 Dicens

104 3438 170 3492 que.
1005 3423 1095 3478 Patris
1121 3438 1186 3494 quae
1213 3426 1280 3477 suut
1307 3423 1413 3478 habere
1441 3423 1554 3490 Filium,
1581 3440 1679 3478 rursus
1703 3429 1728 3479 et

139 3507 172 3561 ln
195 3508 320 3562 secunde
343 3507 417 3563 libro
440 3513 511 3579 (cap.
531 3511 572 3580 ¹²)
594 3510 634 3564 sic
657 3510 746 3567 dicit:
778 3513 856 3568 sile
881 3513 950 3568 Filio
1005 3526 1070 3582 qnae
1097 3509 1207 3580 accepit
1236 3510 1298 3581 ipse
1336 3527 1353 3564 a
1386 3512 1479 3574 Patre,
1508 3528 1560 3583 per
1594 3513 1728 3568 unitateu

103 3593 226 3665 Spiritus
249 3600 364 3650 sanctus
388 3595 506 3668 accepit.
529 3598 645 3668 Accepit
670 3603 766 3654 autem
782 3615 834 3672 per
857 3602 951 3656 truita·
1004 3615 1045 3653 rie
1073 3599 1215 3670 Spiritum
1241 3599 1382 3671 accepisse
1410 3616 1445 3655 ex
1481 3600 1553 3672 ipso,
1578 3600 1608 3656 id
1637 3606 1681 3656 est
1705 3618 1728 3657 ει

103 3687 163 3737 ιειιι
178 3681 356 3750 substantiae,
378 3684 452 3740 sicut
473 3685 614 3757 accepite
633 3688 715 3743 Patre
738 3688 868 3744 Filius.»
893 3690 952 3746 Huc
1007 3702 1100 3740 noune
1117 3687 1265 3742 maniteste
1281 3687 1406 3742 declarat
1424 3688 1528 3744 Filium
1546 3705 1579 3743 ex
1596 3690 1677 3743 Patre
1696 3705 1728 3744 na

105 3770 211 3840 diceus,
228 3787 326 3829 noune
339 3773 497 3830 clarissime
511 3775 595 3831 ducet
613 3776 691 3848 quod
706 3777 818 3850 accepit
830 3778 953 3851 Spiritus
1006 3781 1049 3830 est
1063 3791 1097 3830 ex
1111 3781 1230 3849 paterna
1249 3776 1418 3843 substantia,
1436 3777 1573 3848 Spiritum
1593 3793 1707 3850 quoque
1722 3794 1728 3832 s

101 3866 218 3925 ,sanctus
241 3879 257 3917 a
281 3863 301 3917 F
303 3862 372 3918 iliu?
386 3869 416 3918 ει
433 3864 511 3936 quod
532 3866 651 3937 accepit,
668 3867 849 3939 procedendo
870 3884 952 3923 ecce·
1005 3880 1039 3918 ex
1056 3863 1126 3919 Filio
1151 3865 1316 3937 procedere,
1339 3865 1367 3919 id
1392 3870 1435 3918 est
1457 3865 1520 3919 Filii
1535 3865 1709 3933 substantia:

104 3949 162 4021 pit:
174 3950 421 4022 quemadmodum
443 3952 532 4008 Filius
548 3952 750 4025 quodaccepit
763 3972 780 4010 a
794 3956 885 4020 Patra,
901 3973 951 4011 ua·
1006 3953 1094 4008 Filius
1108 3953 1251 4010 nascendo
1271 3953 1370 4008 omnia
1385 3970 1449 4024 quae
1470 3954 1562 4008 Patris
1581 3960 1658 4022 sunt,
1675 3970 1728 4009 acc<

104 4039 208 4094 scendo
230 4041 348 4110 accepit.
368 4041 442 4095 llum
466 4041 544 4096 aliud
565 4042 661 4113 potuit
680 4043 808 4114 accipere
830 4043 952 4115 Spiritus
1005 4050 1032 4097 et
1047 4041 1169 4113 Spiritus
1184 4047 1297 4097 sanctus
1319 4042 1498 4112 procedendo
1522 4042 1555 4097 de
1572 4043 1652 4110 Titio,
1673 4059 1728 4114 qua

104 4132 254 4181 senetusa
278 4127 349 4182 Filio
372 4128 448 4198 quod
473 4135 558 4184 autea
584 4146 643 4184 nou
669 4130 800 4198 babebat,
824 4149 889 4188 cum
916 4133 953 4187 sit
1006 4134 1073 4184 sunt
1098 4129 1161 4185 Filii
1182 4129 1327 4200 suscepit?
1342 4131 1376 4184 Et
1390 4130 1481 4184 inira:
1507 4131 1617 4194 «Orrod
1641 4132 1728 4202 crgo]

104 4213 190 4266 unius
203 4213 369 4268 substantiae
385 4230 449 4269 crim
467 4216 547 4284 Filio,
564 4217 650 4271 unius
663 4220 818 4290 potentiae:
834 4226 862 4274 et
876 4237 954 4292 quoe·
1005 4219 1137 4290 Spiritus,
1162 4219 1226 4274 Filii
1249 4226 1304 4286 est;
1328 4221 1406 4290 quod
1431 4220 1509 4275 dedit
1533 4222 1631 4291 Filius,
1651 4222 1727 4277 Patri

104 4316 218 4372 cunque
231 4302 320 4356 Filius
340 4302 436 4370 babet,
459 4303 561 4360 babeat
581 4304 668 4360 etlam
688 4312 717 4362 et
738 4307 861 4379 Spiritus
884 4325 952 4363 san·
972 4309 1099 4380 Digitus
1114 4309 1137 4362 si
1157 4308 1233 4380 quod
1257 4309 1387 4379 loquitur
1401 4309 1523 4380 Spiritus
1548 4310 1611 4364 Filii
1635 4316 1685 4375 est,
1702 4327 1728 4366 m

104 4389 186 4445 ctus?
200 4388 354 4461 Subiungit
373 4397 488 4446 sanetus
508 4394 676 4449 Ambrosius
699 4395 896 4452 testiinonium
918 4414 953 4452 ex
1006 4398 1106 4453 doctor
1121 4396 1174 4452 iste
1196 4401 1317 4451 testatur
1337 4397 1599 4468 quinquatrusque
1617 4399 1727 4468 Spiritu

106 4477 274 4548 Evangelio:
299 4480 357 4546 tlte,
374 4480 477 4552 iuquit,
493 4498 534 4536 me
559 4484 731 4553 etorimbit.
752 4488 818 4556 quio
841 4486 874 4542 de
897 4503 953 4543 meo
1007 4486 1108 4541 aFilie
1127 4485 1260 4556 suscepit,
1283 4485 1350 4556 quia
1371 4486 1498 4557 procedit
1521 4502 1554 4540 ex
1577 4486 1653 4557 ipso;
1679 4491 1709 4541 et

98 4568 228 4636 accipiet,
245 4571 270 4622 et
289 4570 465 4624 arruuruiabit
485 4572 570 4627 sotis.
596 4574 694 4627 Orurria
717 4589 881 4646 quacunque
903 4577 953 4631 tro·
1006 4574 1084 4630 dedit
1112 4574 1211 4642 Filius,
1233 4573 1325 4629 Patris
1350 4579 1402 4643 est,
1427 4574 1474 4629 cui
1497 4590 1563 4629 vero
1587 4574 1684 4629 dedit?
1711 4577 1728 4632 u

106 4654 148 4709 bet
162 4655 254 4722 Fater,
271 4671 331 4711 meo
349 4662 429 4726 suut,
451 4666 595 4730 propterea
613 4662 685 4728 dini,
701 4662 734 4717 de
756 4679 812 4719 meo
826 4667 951 4734 accipiet,
1006 4663 1126 4734 Spiritui
1141 4668 1239 4717 sancte
1259 4662 1308 4734 qni
1328 4662 1364 4716 de
1378 4663 1427 4718 itte
1441 4662 1588 4734 procedit:
1604 4669 1633 4718 et
1646 4664 1670 4717 si
1685 4680 1728 4735 qu<

105 4747 132 4795 et
158 4744 335 4800 annuntiabit
360 4746 436 4802 uobis
461 4746 552 4817 (Joarr.
578 4764 635 4815 xrs,
661 4751 713 4816 ti).
743 4751 950 4823 Subsequitur:
1004 4751 1097 4807 Petris
1119 4756 1171 4819 est,
1189 4751 1297 4822 accepit
1315 4751 1351 4806 de
1373 4753 1457 4807 Patre
1483 4751 1625 4807 nascendo
1651 4753 1728 4807 Filius

107 4851 122 4881 a
147 4829 221 4896 Quid
244 4830 336 4903 igitur
359 4833 413 4889 bec
436 4836 595 4892 evidentius
621 4839 747 4894 unitate?
770 4839 839 4905 Quae
867 4840 954 4895 habet
1005 4841 1068 4912 ipse
1084 4840 1218 4911 procedat
1233 4839 1357 4911 Spiritus
1367 4845 1491 4896 sanctus.
1509 4841 1681 4913 Subjunrit:
1696 4862 1711 4890 «

106 4918 200 4986 Fater,
215 4920 278 4975 Filii
303 4925 387 4977 sunt:
411 4939 477 4995 qum
492 4925 580 4980 babet
595 4927 689 4993 Titius,
705 4928 815 4999 accepit
838 4934 866 4982 ει
888 4929 951 4999 Spi·
1005 4943 1065 4983 ase
1080 4933 1130 4983 aut
1145 4927 1233 4982 Filius
1250 4927 1376 4998 loquitur
1390 4934 1440 4983 aut
1455 4928 1587 5000 Spiritus,
1605 4929 1674 5000 quia
1689 4928 1728 4984 uil

106 5007 186 5064 ritus.
210 5027 225 5060 u
249 5009 316 5064 Herc
338 5011 428 5066 sancti
452 5014 596 5069 Ambrosii
617 5017 703 5071 rerba
724 5017 891 5087 planissime
912 5023 953 5073 te·
1006 5032 1036 5071 se
1059 5015 1181 5072 Trinitas
1204 5016 1339 5088 loquitur.
1356 5037 1370 5066 s
1387 5017 1458 5071 Tota
1476 5016 1598 5071 Trinitas
1614 5017 1645 5072 iu
1658 5018 1728 5073 Patr

105 5102 215 5152 stantun
249 5097 388 5169 Spiritum
423 5109 552 5157 sanctum
589 5119 605 5158 a
632 5105 701 5159 Filio
729 5105 953 5161 substantialiter
1006 5103 1324 5176 Spirituqueconsistit.
1341 5103 1728 5175 Nibiiautemloquituri'ili

106 5185 294 5254 processisse;
322 5188 362 5242 eit
390 5204 534 5260 namque:
562 5191 631 5255 Ques
663 5191 750 5250 babet
778 5195 861 5248 Peter
889 5193 953 5249 Filii
1006 5192 1074 5264 quia
1096 5208 1157 5247 uon
1179 5197 1221 5247 est
1241 5209 1256 5247 a
1274 5208 1315 5259 se,
1338 5192 1388 5247 sed
1410 5193 1534 5247 aPatre.
1559 5192 1697 5247 Similiter
1720 5209 1729 5246 ι

106 5279 183 5341 ειιιιι,
196 5273 224 5328 ιιι
241 5281 293 5341 εει,
309 5274 535 5332 substantialiter
549 5285 632 5334 natus
645 5280 680 5334 de
701 5280 794 5347 Patre,
810 5297 873 5353 quae
887 5288 953 5338 sunt
1006 5280 1104 5352 quitur
1118 5280 1240 5352 Spiritus
1254 5297 1271 5334 u
1294 5297 1334 5346 se,
1349 5281 1491 5352 quianon
1514 5285 1586 5335 este
1607 5297 1647 5348 se,
1663 5281 1713 5335 sed

107 5357 198 5412 Patris
221 5367 287 5415 sunt
312 5368 342 5417 et
369 5363 451 5418 Filii:
482 5365 615 5421 similiter
637 5371 666 5420 ει
691 5367 814 5438 Spiritus
839 5376 953 5424 sanctus
1006 5369 1193 5424 solusautem
1207 5369 1727 5440 Paterexuullu.Ergocumloquitu

107 5444 333 5505 substantialiter
355 5453 513 5522 procedens
536 5453 572 5508 de
597 5454 678 5522 Filio,
702 5455 844 5528 accepite
869 5457 952 5524 Filio,
1006 5461 1066 5512 tuta
1088 5458 1210 5513 Trinitas
1236 5456 1380 5527 loquitur;
1411 5462 1440 5512 et
1468 5473 1532 5512 cum
1564 5458 1691 5529 loquitur
1717 5459 1728 5514 i

107 5536 140 5586 ut
153 5546 332 5607 quacunque
357 5538 445 5594 Filius
468 5539 564 5608 babet,
589 5540 694 5597 babeat
711 5547 741 5597 et
766 5542 899 5616 Spiritus,
920 5543 951 5609 id
1007 5550 1065 5602 tota
1083 5544 1206 5603 Trinitas
1228 5545 1373 5618 loquitur;
1389 5550 1417 5620 et
1436 5562 1501 5621 cum
1527 5546 1654 5618 loquitur
1676 5547 1728 5601 Fut
