3930 6098
112 226 163 278 aas
666 229 712 285 hu
732 228 895 287 CORPORE
916 230 960 287 ET
980 232 1151 288 sarathan
1173 230 1304 289 hortat.
1813 245 1862 296 len

109 357 426 425 reniautur3nbirero
449 360 484 415 ad
514 360 585 416 illud
600 370 772 434 perventum
802 363 886 419 luerit
907 364 998 419 hoch
1019 364 1215 432 nemfactum,
1245 380 1342 436 sepro
1369 365 1452 420 nobis
1471 365 1609 423 obtulisse
1637 370 1864 439 sacrificium,et

111 447 319 504 removebitur.
1018 452 1141 507 bostiam
1157 454 1214 507 Deo
1226 452 1256 507 in
1270 453 1388 507 odorem
1404 455 1568 523 suavitatis;
1593 456 1638 511 cui
1658 474 1722 512 cum
1738 462 1820 514 Patre
1834 467 1864 516 et

148 538 278 593 th'lllllli.
310 539 438 609 Apparet
464 538 561 610 itaque
584 538 662 610 quod
692 540 783 595 multa
830 540 906 595 intra
933 557 962 596 se
1017 540 1127 611 Spiritu
1143 546 1258 595 sanctae
1272 541 1452 612 patriarchis,
1467 548 1495 596 et
1509 545 1667 614 prophetis,
1684 554 1713 602 et
1732 550 1863 605 sacerdo·

110 626 305 681 dillerentiam
321 632 500 698 separantur,
517 632 657 699 quantum
674 631 800 684 eslinter
813 631 918 702 pignus
935 635 963 684 el
1018 630 1103 696 tibus,
1120 634 1249 700 tempore
1280 629 1387 684 Veteris
1410 629 1584 686 Testamenti
1608 634 1744 689 animalia
1759 638 1863 693 sacriti-

110 729 247 768 eamrem
263 730 316 784 pro
333 730 390 785 qua
410 715 516 785 pignus
535 716 668 784 traditur,
684 726 696 750 ⁸
715 723 743 772 et
759 725 899 789 quantum
915 718 961 772 iu·
1017 718 1154 772 cabantur
1171 734 1177 772 :
1195 725 1222 773 et
1238 718 1283 772 cui
1304 733 1390 782 nirnc,
1413 717 1442 771 id
1474 724 1513 772 esl
1531 724 1658 791 tempore
1677 724 1744 776 Novi
1765 725 1862 780 Testa·

110 804 155 855 ter
168 800 327 872 imaginem
352 808 381 858 et
402 819 463 857 rem
487 803 568 873 cujus
581 810 624 858 est
640 805 752 875 imago;
778 812 805 861 et
821 812 962 878 quantum
1016 807 1115 874 menti,
1132 823 1197 861 cum
1214 809 1297 861 Patre
1317 813 1345 860 et
1360 805 1469 876 Spiritu
1484 814 1589 872 sancto,
1612 826 1677 864 cum
1693 810 1797 881 quihus
1820 806 1870 866 illi'

109 888 188 943 inter
212 890 336 961 speciem
363 891 562 946 alteritatem.
593 893 727 948 Videmus
743 895 840 966 itaque
868 896 959 950 mulla
1016 910 1073 948 una
1090 900 1133 948 est
1145 894 1476 964 divinitas,sacrilicium
1493 895 1574 965 panis
1589 901 1616 950 el
1627 896 1695 964 vini,
1717 899 1747 952 iu
1762 899 1819 954 lide
1834 906 1862 956 et

109 976 276 1034 dill'ereutia
291 980 419 1049 separari
431 980 598 1051 mysterium
615 982 765 1052 sanguinis
780 990 808 1037 et
831 983 960 1054 corporis
1015 983 1163 1051 charitate,
1196 990 1291 1038 sanctu
1323 984 1462 1038 catholice
1483 984 1605 1038 Ecclesia
1631 987 1861 1056 peruniversum

109 1065 216 1120 Christi
229 1068 307 1138 quod
321 1085 398 1123 nuuc
412 1085 429 1123 a
442 1069 575 1124 lidelibus
591 1071 716 1124 sumitur
736 1071 765 1125 iu
783 1072 915 1141 Ecclesia,
932 1078 961 1127 et
1015 1072 1113 1127 orbem
1128 1078 1211 1127 terrae
1226 1073 1328 1127 ollerre
1352 1089 1409 1126 non
1430 1077 1530 1127 cessat.
1547 1073 1578 1126 ln
1597 1073 1652 1126 illis
1666 1073 1743 1128 enim
1762 1091 1861 1130 carna·

109 1154 184 1209 illud
195 1155 274 1226 quod
289 1162 389 1211 uatum
402 1164 444 1212 est
461 1158 723 1230 dehlariarirgine,
740 1160 815 1232 quod
832 1177 959 1232 pessum,
1014 1160 1090 1216 libus
1113 1161 1235 1216 victimis
1261 1160 1431 1231 significatio
1460 1161 1515 1215 hiis
1527 1161 1620 1215 caruis
1644 1161 1760 1229 Christi,
1775 1180 1862 1235 quam

110 1245 188 1314 quod
203 1245 359 1316 sepultum,
385 1246 462 1317 quod
479 1248 644 1314 resurrexit,
670 1249 746 1319 quod
762 1250 847 1304 coelos
861 1266 958 1304 escen·
1014 1251 1205 1321 propeccatis
1221 1252 1326 1304 nostris
1343 1250 1403 1321 ipse
1420 1249 1481 1305 sine
1510 1254 1627 1320 peccato
1643 1251 1736 1305 luerat
1750 1252 1863 1307 oblatu-

110 1331 164 1400 dit,
183 1333 260 1405 quod
289 1334 324 1389 ad
348 1334 493 1389 dexteram
515 1336 606 1390 Patris
629 1337 719 1391 sedet.
745 1339 803 1392 lloc
833 1354 959 1409 namque
1015 1354 1074 1402 rus,
1091 1344 1119 1393 et
1134 1339 1281 1410 sanguinis
1292 1355 1378 1410 quem
1391 1344 1452 1393 erat
1465 1339 1609 1394 effusurus
1623 1339 1651 1393 in
1663 1340 1863 1396 remissionem

109 1421 190 1492 quod
216 1422 313 1492 egitur
335 1423 364 1477 in
390 1423 434 1478 ria
464 1424 653 1496 spiritualiter
680 1429 722 1480 est
748 1427 957 1497 accipiendum,
1013 1431 1384 1497 peccatorunrnostrorum.
1401 1429 1432 1482 ln
1459 1428 1864 1502 isloautrmsacriliciogra·

108 1509 179 1580 quia
207 1511 279 1565 lides
308 1512 384 1582 quod
412 1528 470 1566 nou
496 1513 584 1581 videt,
611 1514 712 1583 credit,
737 1520 767 1569 et
788 1515 959 1586 spirituliter
1015 1515 1120 1569 liarum
1136 1515 1211 1570 actio
1231 1519 1318 1587 atque
1333 1515 1569 1570 commemoratio
1583 1523 1626 1570 est
1639 1518 1733 1571 carnis
1757 1518 1862 1573 Christi

106 1598 200 1668 pascit
228 1599 367 1666 animam,
389 1605 417 1653 et
452 1599 579 1655 laetiiicat
604 1618 665 1670 cor,
690 1607 718 1657 at
745 1604 832 1658 vitam
848 1605 958 1674 prabet
1014 1620 1100 1674 quam
1116 1620 1168 1674 pro
1185 1603 1267 1658 nohis
1286 1603 1402 1673 obtulit,
1422 1610 1449 1658 et
1464 1605 1612 1676 sanguinis
1633 1621 1719 1676 quem
1742 1623 1795 1677 pro
1809 1624 1860 1662 no·

105 1691 248 1741 aeternam
275 1693 304 1742 et
333 1689 588 1760 incorruptionem,
618 1691 686 1745 dum
717 1708 774 1746 uon
799 1665 993 1747 attenditurB
1014 1692 1183 1747 biselludit.
1203 1693 1241 1746 De
1268 1691 1439 1763 qnobeatus
1463 1693 1568 1746 Paulus
1586 1694 1733 1763 apostolus
1752 1694 1819 1749 dicit
1832 1697 1862 1750 in

105 1776 185 1845 quod
198 1793 302 1848 corpus
317 1778 417 1848 pascit,
442 1779 520 1849 quod
535 1780 621 1834 dente
644 1781 795 1851 premitur,
814 1783 889 1852 quod
908 1798 959 1853 per
1012 1781 1128 1836 Actibus
1143 1781 1338 1851 apostolorum
1354 1780 1508 1835 2'Attendite
1523 1780 1597 1834 uobis
1615 1786 1639 1834 et
1650 1784 1775 1836 uaieemo
1784 1782 1862 1852 prepi

104 1872 204 1934 partes
218 1867 436 1934 comminuitur,
458 1867 506 1921 sed
522 1867 599 1939 quod
630 1868 661 1922 iu
689 1869 745 1923 tide
772 1871 959 1940 spiritualiter
1012 1873 1042 1924 in
1058 1885 1111 1937 quo
1124 1884 1170 1924 vos
1186 1868 1309 1938 Spiritus
1325 1875 1434 1924 sanctus
1448 1870 1541 1938 posuit
1551 1870 1687 1938 episcopos
1701 1871 1860 1938 raperem:-

104 1953 257 2024 accipitnr.
276 1960 387 2010 dtvero
403 1971 507 2027 corpus
520 1957 590 2011 illud
611 1957 640 2011 in
662 1958 738 2027 quod
753 1975 852 2028 pessus
872 1965 915 2013 est
930 1964 960 2014 et
1012 1959 1122 2012 alesiam
1147 1959 1204 2022 Dei,
1223 1973 1305 2026 quam
1330 1958 1477 2025 acquisivit
1496 1958 1629 2021 sanquine
1649 1971 1697 2010 suo
1716 1958 1791 2026 (Act.
1813 1974 1858 2026 xx,

103 2042 265 2098 resurrexit
291 2044 429 2110 Christus,
459 2046 610 2117 proprium
641 2046 703 2115 ejus
725 2063 828 2117 corpus
850 2048 956 2116 existit,
1012 2046 1069 2115 28).
1089 2047 1121 2100 ln
1138 2045 1195 2100 illis
1209 2062 1278 2116 ergo
1299 2045 1445 2099 sacriticiis
1461 2045 1530 2116 quid
1548 2045 1630 2099 nobis
1653 2050 1727 2099 esset
1754 2047 1861 2101 donau·

105 2130 141 2185 de
164 2131 398 2203 Virginislblarice
420 2150 540 2204 corpore
567 2141 725 2206 sumptum,
742 2135 887 2206 palpabile
908 2152 959 2190 seu
1013 2133 1092 2193 ditm.
1118 2133 1239 2204 figurate
1255 2132 1484 2203 signiticahalur3
1501 2131 1530 2185 iu
1542 2132 1596 2186 hoc
1612 2137 1707 2186 autem
1724 2134 1860 2189 sacrilieio

106 2221 231 2288 risibile,
242 2221 330 2275 etiam
344 2228 408 2292 post
434 2223 684 2290 resurrectionem,
701 2223 775 2278 sicul
799 2224 860 2294 ipse
874 2223 959 2278 disci·
1013 2226 1081 2298 quid
1094 2227 1154 2297 jam
1169 2227 1251 2281 nohis
1269 2227 1408 2282 donatum
1423 2226 1471 2294 sil,
1499 2225 1646 2280 evidenter
1661 2227 1859 2283 ostenditur.»

107 2309 238 2378 pulisait
257 2326 265 2364 :
286 2310 439 2380 Palpateet
464 2310 552 2366 ridete
578 2314 645 2379 quia
673 2314 787 2380 spiritus
811 2316 960 2367 cornemet
1047 2315 1112 2369 llCl.
1143 2314 1243 2369 Dicens
1271 2314 1347 2386 quod
1377 2313 1407 2367 in
1437 2313 1494 2367 illis
1515 2313 1660 2367 sacrificiis
1690 2313 1861 2385 quidnobis

107 2411 167 2451 ossa
181 2413 234 2452 nort
250 2398 330 2453 hahet
348 2401 417 2453 sicut
429 2415 470 2454 me
488 2400 586 2454 uidetis
598 2399 696 2454 habere
713 2401 789 2468 (Luc.
807 2415 881 2465 xxiv,
903 2401 956 2470 39).
1014 2409 1088 2458 esset
1102 2403 1270 2458 donandum
1294 2402 1527 2473 significabatur;
1556 2401 1585 2455 iu
1602 2403 1655 2456 islo
1672 2418 1738 2457 vero
1754 2403 1860 2457 sacriti-

143 2486 194 2540 llC.
214 2487 370 2541 Audiamus
386 2488 472 2542 etiam
493 2487 567 2556 quod
584 2487 684 2542 heatus
698 2487 864 2558 Fulgentius
880 2488 909 2541 iu
921 2488 958 2540 li·
1013 2493 1057 2546 cio
1088 2490 1157 2563 quid
1177 2491 1214 2545 sil
1239 2491 1378 2546 donatum
1403 2495 1653 2558 commemoretur,
1670 2493 1803 2562 patenter
1817 2491 1860 2545 in-

108 2572 959 2645 hellodeFidedicatr'cup.l9):«Firmissinreteue,etuul·
1013 2577 1077 2632 uuit
1096 2576 1288 2648 quodbsicut
1317 2577 1503 2648 illaliguram
1528 2577 1654 2631 habuere
1686 2577 1858 2647 futurorum,

108 2661 454 2735 lateuusduhites,ipsum
464 2665 647 2736 unigenitum
660 2666 748 2719 Deum
761 2664 883 2719 Verbum
894 2681 959 2719 ear·
977 2674 982 2683 ’
1013 2667 1054 2721 sic
1068 2673 1096 2721 et
1114 2666 1169 2721 hoc
1183 2666 1354 2720 sacrificium
1367 2667 1461 2738 figura
1475 2666 1511 2720 sit
1528 2667 1751 2737 praeteritorum.

141 2820 355 2888 ¹13rquantum
369 2822 868 2890 interspecirmetoerttetem.Prreter
882 2822 960 2877 hisne
1013 2824 1137 2893 pellatur
1157 2822 1324 2894 mysterium
1352 2827 1381 2877 et
1405 2828 1627 2889 sacramentum,
1656 2827 1684 2877 et
1699 2826 1741 2877 est
1756 2839 1859 2894 corpus

110 2890 202 2945 locum
219 2908 278 2944 non
294 2893 351 2945 alio
365 2897 490 2960 opusesl
504 2892 539 2946 ad
555 2892 810 2946 demonstrandum
824 2895 958 2948 omnibus
1013 2895 1119 2948 Christi
1143 2895 1380 2964 nuncupativum,
1397 2900 1429 2947 ut
1444 2894 1540 2964 iuquit
1556 2894 1674 2964 bigerus
1692 2894 1748 2964 ilih.
1777 2911 1796 2959 1,
1814 2911 1858 2949 ca-

110 2961 276 3016 hominihus
292 2964 342 3032 qui
372 2963 407 3016 de
425 2968 565 3032 potestate
581 2963 685 3016 mentis
701 2979 758 3016 non
774 2966 955 3032 excesserint,
972 2958 993 3013 C
1013 2967 1073 3034 pite
1092 2968 1135 3032 ll,
1150 2965 1294 3019 diversunt
1310 2981 1325 3018 a
1340 2980 1461 3035 corpore
1477 2963 1580 3018 Christi
1601 2963 1637 3018 de
1649 2964 1764 3035 Virgine
1782 2970 1857 3020 nato.

110 3031 297 3087 llalramuum
318 3048 370 3103 per
389 3034 513 3102 speeiem
536 3034 566 3088 in
580 3034 634 3087 hoc
646 3038 767 3087 tractatu
783 3033 818 3088 de
832 3035 956 3106 Corpore
1011 3035 1174 3090 Secundum
1190 3051 1257 3089 vero
1269 3035 1304 3088 ab
1324 3050 1358 3087 eo
1373 3050 1430 3088 non
1446 3034 1557 3088 differet
1573 3050 1624 3089 nec
1640 3035 1784 3089 diversum
1801 3043 1856 3091 est:

111 3111 135 3156 et
163 3104 312 3173 Sanguine
343 3104 456 3158 homini
483 3103 554 3158 nihil
583 3104 659 3157 aliud
684 3104 854 3158 intellexisse
869 3122 956 3177 qnam
1012 3121 1110 3159 revera
1134 3105 1368 3159 estex-adverso
1396 3106 1489 3175 ipsum
1518 3120 1617 3173 reapse
1633 3121 1732 3159 rerum
1757 3121 1859 3176 corpus

110 3172 265 3244 imaginem
281 3189 441 3243 expressam
463 3191 512 3228 sen
526 3174 696 3229 exteriorem
717 3180 828 3243 partem
848 3176 955 3230 Eucha·
1012 3175 1125 3242 Christi,
1152 3176 1202 3229 sed
1236 3175 1389 3241 occultum,
1420 3189 1472 3227 nec
1494 3174 1629 3241 velatum,
1653 3189 1705 3228 uec
1726 3175 1858 3229 dentibus

111 3245 251 3309 ristiae3et
264 3248 466 3313 parueritatem
481 3247 597 3299 modum
612 3246 771 3299 naturalem
787 3251 815 3299 et
825 3247 956 3300 sensibus
1011 3246 1123 3300 friabile
1147 3252 1197 3299 aut
1220 3245 1393 3314 discerptum
1408 3243 1546 3315 parliiim,
1564 3250 1593 3297 et
1609 3260 1665 3299 uno
1678 3245 1764 3298 verbo
1779 3245 1809 3297 in
1823 3261 1857 3298 eo

112 3315 269 3383 subiectum
285 3317 413 3386 corporis
425 3317 491 3370 lesu
520 3315 624 3370 Christi
638 3331 702 3369 cum
719 3317 777 3370 suis
794 3318 956 3388 proprieta—
1010 3322 1083 3370 statu
1104 3322 1146 3371 est
1160 3332 1217 3387 quo
1241 3316 1466 3386 proprietalibus
1481 3314 1606 3395 physicis
1625 3319 1654 3368 et
1676 3315 1858 3385 geometricis

111 3386 183 3440 libus
198 3391 227 3440 et
246 3386 425 3440 dimensione
439 3387 611 3457 geometrica
626 3392 654 3440 et
664 3386 799 3440 naturali.
816 3388 955 3442 Cuienim
1010 3387 1238 3442 dimensionibus
1253 3389 1358 3453 careat,
1375 3401 1505 3456 quamvis
1523 3401 1552 3439 m
1568 3386 1685 3456 propria
1700 3384 1737 3439 sit
1755 3387 1859 3439 natura

111 3456 342 3527 aliquodubium
366 3456 498 3511 subolere
525 3456 616 3525 possit
645 3456 810 3511 auditishis
843 3459 956 3514 verbis?
1010 3464 1039 3512 et
1052 3458 1209 3512 substantia
1227 3458 1254 3510 in
1270 3472 1327 3528 qna
1341 3457 1423 3526 panis
1437 3461 1466 3511 et
1478 3454 1659 3511 vinumsuut
1672 3459 1856 3510 commutata.

113 3527 241 3582 Videmus
255 3531 350 3596 itaque
370 3528 456 3582 multa
482 3528 639 3596 differentia
657 3531 785 3596 separari
798 3533 956 3597 mysterium
1011 3530 1072 3584 lloc
1100 3529 1231 3600 estquod
1248 3528 1422 3583 Retramuus
1438 3527 1564 3597 appellat
1579 3527 1729 3598 proprium
1755 3542 1859 3598 corpus

111 3600 252 3666 sanguinis
267 3601 421 3667 etcorporis
437 3600 539 3655 Christi
559 3599 747 3668 quadrionae
765 3598 889 3667 fidelihus
909 3615 955 3654 su·
1010 3599 1126 3654 Christi.

111 3671 237 3723 ruitaria
250 3670 381 3730 Ecclesia,
412 3673 437 3724 et
459 3669 614 3739 illudquod
630 3675 725 3722 natum
752 3674 792 3723 est
806 3669 838 3722 de
864 3672 956 3725 Maria
1045 3671 1153 3725 bSicut
1167 3671 1348 3737 illapsurum
1378 3668 1494 3722 tabuere
1518 3669 1686 3734 futurorum,
1707 3668 1746 3722 sic
1761 3672 1786 3721 ct
1810 3668 1858 3723 hoc

111 3742 225 3806 rufine,
241 3740 314 3808 quod
326 3754 448 3808 passum,
464 3739 537 3810 quod
549 3738 685 3810 sepullum
701 3739 791 3810 (utrm.
809 3741 864 3802 89).
1009 3742 1174 3808 sacrificium
1187 3742 1277 3808 paura
1291 3742 1327 3793 sit
1341 3741 1550 3807 preteritorum.
1561 3739 1632 3793 Cum
1644 3754 1710 3791 vero
1730 3738 1858 3793 Christus

142 3811 207 3864 liaee
222 3810 302 3864 enim
316 3810 645 3865 confirmantevidenler
658 3826 722 3880 quae
736 3815 820 3864 autea
831 3810 955 3865 diximus
1011 3811 1150 3864 [lominus
1184 3809 1367 3863 Eucharistiae
1384 3809 1555 3862 sacrificium
1581 3808 1739 3862 instituerit
1754 3810 1783 3862 in
1800 3825 1858 3862 me·

112 3880 299 3946 abundanter,
324 3897 389 3935 crim
408 3882 584 3936 consectaria
609 3882 954 3951 exhiserumpenscon·
1010 3882 1131 3935 moriam
1158 3895 1215 3932 suae
1236 3879 1336 3932 mortis
1367 3885 1397 3933 et
1416 3878 1567 3948 passionis,
1581 3878 1712 3932 doctrina
1728 3879 1858 3934 Ecclesiae

112 3952 196 4005 clusio
212 3952 251 4005 sit
265 3967 368 4021 corpus
392 3952 493 4006 Christi
510 3952 585 4022 qood
606 3967 638 4004 ex
657 3953 811 4005 llatramno
828 3957 869 4006 est
891 3958 955 4006 tan·
1009 3951 1157 4006 catholicae
1172 3965 1285 4018 semper
1309 3948 1364 4002 luit
1392 3947 1561 4017 mysterium
1590 3946 1773 4001 Eucharistiae
1796 3964 1857 4003 esse

111 4024 168 4077 tum
184 4023 292 4092 ligura,
303 4023 409 4088 velum,
435 4023 531 4093 imago
555 4038 697 4092 expressa,
714 4022 820 4092 pignus
846 4029 875 4076 et
890 4039 956 4093 spe·
1009 4022 1130 4092 figuram
1147 4020 1388 4075 saeriliciierucis.
1404 4019 1458 4073 Sed
1475 4033 1532 4071 non
1548 4016 1588 4071 ait
1601 4017 1772 4071 llatramuus
1788 4018 1857 4072 sim·

112 4092 173 4159 cies,
190 4093 309 4147 dillerre
326 4108 471 4164 acorpore
486 4092 590 4148 Christi
601 4099 711 4146 ualoex
727 4093 842 4162 Virgine
858 4094 953 4161 llario,
1010 4094 1115 4163 plicem
1131 4090 1332 4146 tautummodo
1347 4105 1408 4143 esse
1428 4090 1561 4159 liguram,
1580 4087 1655 4158 quod
1679 4087 1733 4142 sibi
1763 4088 1856 4143 viudi-

112 4169 223 4219 mortuo
239 4169 266 4217 et
282 4165 408 4244 sepulto;
435 4165 542 4235 quippe
558 4178 624 4217 cum
648 4163 676 4216 in
698 4179 731 4217 eo
751 4169 826 4216 statu
851 4163 956 4218 habeat
1010 4171 1077 4218 cant
1088 4167 1280 4233 protestantes
1305 4159 1443 4215 haeretici.
1461 4158 1564 4214 Probat
1577 4159 1759 4212 solummodo
1777 4158 1809 4213 iu
1823 4175 1857 4214 eo

112 4250 209 4289 omues
223 4240 416 4304 proprietates
440 4235 585 4288 naturales
599 4233 730 4288 sensibus
755 4239 783 4287 et
801 4232 873 4287 visui
890 4234 954 4288 sub·
1010 4234 1136 4304 aliquam
1152 4249 1212 4287 esse
1227 4232 1361 4303 liguram,
1375 4231 1483 4284 scilicet
1498 4229 1575 4300 quod
1591 4229 1716 4283 exterius
1726 4237 1854 4300 apparet.

110 4304 194 4373 jactas
213 4305 467 4370 etdimensiones3
487 4320 552 4359 cum
573 4321 607 4358 ex
630 4305 748 4359 adverso
772 4303 801 4357 iu
817 4293 989 4374 mysterial)
1009 4304 1062 4360 Sed
1087 4304 1191 4358 latetur
1215 4302 1336 4356 rotunde
1366 4301 1445 4355 aliud
1469 4301 1591 4354 interius
1618 4299 1772 4354 consistere
1801 4300 1856 4355 lide
1884 4310 1895 4319 '

112 4375 286 4446 percipiatur
300 4391 349 4430 ore
372 4375 513 4443 lidelium,
539 4375 646 4445 absque
661 4374 705 4428 his
728 4375 953 4444 proprietatibus
1007 4374 1240 4444 intelligendum.
1267 4374 1352 4427 Num.
1379 4374 1411 4425 92
1429 4386 1435 4424 :
1453 4372 1507 4425 lloc
1521 4386 1583 4424 aero
1608 4373 1762 4439 mysticum,
1778 4370 1857 4425 aliud
1951 4422 1953 4426 ,

112 4452 135 4500 et
147 4446 387 4513 dimensionibus,
410 4446 492 4500 niodo
508 4445 662 4516 spirituali,
683 4445 845 4516 perfidem,
866 4462 953 4516 quam
1007 4448 1128 4499 euterius
1143 4460 1191 4513 per
1200 4444 1323 4512 liparam
1338 4447 1486 4505 ostentans,
1512 4440 1590 4495 uliud
1614 4443 1728 4495 interius
1750 4457 1800 4510 per
1813 4446 1855 4495 in-

112 4517 254 4571 credimus
284 4515 336 4571 suh
366 4517 409 4570 his
436 4516 504 4570 reiis
530 4515 660 4570 sensibus
692 4515 825 4585 subjectis
853 4532 953 4570 verum
1007 4514 1432 4584 tellectumttdeirepresentans.
1463 4512 1574 4582 Dequo
1599 4510 1640 4566 ait
1662 4513 1853 4567 numerate:

112 4586 213 4641 Christi
227 4602 332 4656 corpus
351 4587 463 4642 anobis
477 4586 585 4658 percipi
600 4587 780 4641 reconditum
797 4587 849 4639 snb
865 4587 909 4640 his
926 4591 955 4640 et
1012 4588 1076 4642 Vere
1095 4600 1191 4654 corpus
1209 4589 1234 4639 et
1252 4586 1365 4652 sanquis
1401 4583 1504 4639 Christi
1529 4584 1660 4636 eristum.
1690 4583 1758 4637 Ecce
1797 4581 1855 4636 duo

111 4661 242 4722 celatum,
259 4657 401 4711 cuiunita
422 4675 470 4711 seu
490 4657 623 4727 colligata
650 4662 693 4711 est
715 4659 844 4780 potentie
860 4657 952 4724 Verbi,
1007 4656 1167 4710 clarissima
1191 4655 1304 4709 suutiu
1323 4653 1502 4733 Eucharistia
1523 4668 1614 4707 uuum
1641 4654 1774 4719 exterius,
1799 4653 1856 4706 sci·

112 4743 171 4798 quae
187 4728 342 4781 animabus
356 4730 459 4781 nostris
474 4729 537 4781 vitae
552 4735 665 4782 aeternae
682 4744 713 4781 su
736 4728 869 4781 stantiam
884 4728 954 4780 suh·
1007 4726 1074 4781 licet
1098 4727 1201 4797 ligura,
1230 4726 1351 4780 alterum
1381 4724 1514 4786 intertus,
1541 4721 1616 4794 quod
1646 4727 1689 4776 est
1711 4723 1855 4792 objectum

112 4799 262 4862 ministrat,
279 4814 384 4868 easque
400 4799 501 4861 nutrit,
518 4804 545 4852 et
562 4805 745 4868 peccatorum
761 4798 837 4851 labes
852 4814 954 4867 expur·
1008 4797 1094 4863 lidei·,
1120 4803 1147 4850 et
1161 4801 1204 4850 est
1226 4812 1293 4850 vere
1312 4811 1416 4865 corpus
1431 4798 1460 4848 et
1472 4794 1589 4863 sangnis
1602 4794 1667 4847 iesu
1681 4792 1794 4847 Christi.
1820 4796 1857 4846 At

111 4869 366 4939 galetexpungit3
397 4870 525 4940 adeoque
546 4871 703 4923 secuudum
724 4867 884 4923 doctrinam
898 4869 954 4922 lle·
1008 4883 1074 4921 vero
1088 4883 1154 4921 cum
1170 4866 1314 4989 obilectum
1331 4866 1396 4920 lidei
1416 4865 1447 4919 iu
1463 4863 1638 4919 Eucharislia
1655 4879 1713 4917 uon
1737 4863 1768 4917 lit
1782 4863 1853 4916 sinr-

111 4940 224 5005 tramui,
242 4944 273 4993 ut
281 4939 341 5005 jam
358 4939 571 4993 tortasseuimio
583 4955 668 5020 opere
684 4939 955 5005 adnotarinms‚duo
1007 4939 1122 5007 pliciter
1146 4939 1176 4991 iu
1227 4952 1308 5006 gura,
1333 4951 1537 5007 recognoscere
1562 4949 1677 4988 necesse
1692 4938 1734 4987 est
1751 4949 1854 5003 corpus

111 5024 228 5080 corpora
261 5009 365 5064 Christi
391 5011 423 5063 iu
451 5010 628 5064 Euctraristxa
668 5009 844 5064 observanda
876 5013 953 5075 sunt,
1008 5007 1113 5063 Christi
1130 5007 1248 5078 quodiu
1260 5006 1394 5076 mysterio
1407 5004 1643 5076 credimus,quod
1659 5004 1855 5073 estobjeelum

112 5095 198 5134 unum
211 5081 242 5134 in
260 5081 363 5150 ligura,
376 5081 469 5148 specie
494 5085 543 5134 aot
558 5079 694 5149 imagine,
716 5080 836 5134 alterum
853 5095 954 5132 recon·
1010 5079 1087 5144 lldei,
1103 5094 1161 5139 non
1176 5077 1217 5131 ibi
1241 5075 1410 5144 simpliciter
1424 5076 1495 5130 etin
1510 5076 1602 5200 lipara
1617 5074 1780 5136 consistere,
1799 5090 1854 5127 no·

112 5150 200 5205 ditum
216 5151 271 5205 sub
289 5151 359 5205 velis
378 5157 407 5205 et
422 5150 588 5221 speciebus3
603 5167 667 5221 quae
682 5152 738 5206 duo
752 5167 801 5204 ora
826 5149 954 5204 lidelium
1010 5154 1159 5218 atrumque
1192 5148 1382 5201 Retramnum
1406 5145 1490 5215 louge
1517 5145 1724 5201 aienissimum
1743 5160 1857 5214 semper

111 5221 307 5292 percipiuntur
321 5221 408 5275 modo
423 5221 565 5291 spirituali
575 5241 583 5288 3
593 5221 731 5292 qnoniam
746 5221 772 5274 vi
784 5221 850 5275 lidei
866 5236 955 5275 unum
1008 5218 1095 5273 luisse
1105 5218 1141 5272 ab
1156 5218 1208 5272 hac
1218 5215 1359 5271 sententia
1370 5216 1494 5285 partium
1510 5218 1736 5296 Prostetantum
1760 5214 1855 5296 Εηίιιι-ι

112 5293 265 5346 subaltero
284 5293 427 5346 oecultum
448 5293 585 5358 creditur,
606 5292 881 5346 adeoututrumris
911 5292 954 5343 vi·
1009 5288 1340 5358 veronocparticipium
1366 5293 1563 5356 representans
1593 5287 1857 5356 nonsigurlicatihr

113 5361 186 5427 deas,
198 5378 315 5431 semper
330 5369 485 5433 utrumque
505 5362 637 5432 recipias,
662 5366 800 5433 quoniam
816 5362 872 5416 lide
892 5377 955 5415 cre·
1010 5359 1085 5431 quod
1099 5360 1217 5413 verbum
1234 5358 1368 5413 estlibere
1385 5364 1413 5411 et
1428 5356 1526 5410 sistere
1539 5363 1707 5425 presentem
1727 5374 1777 5411 seu
1797 5373 1856 5410 rem

114 5432 186 5486 ditur
213 5449 307 5487 unnim
330 5433 420 5486 altero
439 5433 629 5496 reconditum,
657 5440 685 5486 et
706 5448 763 5486 uua
790 5432 956 5503 recipiendo
1009 5436 1180 5502 presentem
1202 5430 1354 5484 efficaciter
1368 5431 1502 5498 praestare
1529 5432 1556 5480 et
1572 5427 1692 5482 reddere
1709 5443 1716 5482 ε
1733 5427 1858 5507 exempli

115 5509 266 5584 utrumque
290 5502 381 5557 rictus
402 5503 523 5575 Spiritus
550 5504 641 5558 sancti
665 5518 776 5558 annexa
797 5502 958 5558 commuui-
1010 5500 1113 5628 Eratis,
1129 5501 1197 5556 dum
1213 5499 1243 5554 iu
1260 5499 1385 5554 secunda
1399 5496 1558 5580 Philippica
1572 5496 1731 5581 aitllarcus
1749 5498 1859 5553 Tullius

115 5578 155 5627 cat
174 5573 328 5628 animabus
352 5575 457 5629 uostris
476 5574 552 5629 riam
576 5578 724 5629 aternam.
752 5573 879 5629 Primum
905 5589 957 5644 ap·
1033 5573 1109 5627 icero
1127 5571 1220 5638 :Quin
1232 5571 1314 5626 etiam
1323 5583 1420 5639 corpur
1430 5565 1543 5623 uterer
1556 5567 1708 5634 obtulerim,
1721 5568 1747 5623 si
1759 5582 1859 5637 repre-
