3930 6098
76 252 132 308 ιιι
588 249 724 309 course
742 249 939 311 enecentur
958 249 1137 311 orrosrra.
1154 254 1265 311 -nn
1284 240 1331 311 ιιι.
1779 252 1831 318 ιιι

77 388 170 443 sancti
193 389 373 460 processione
392 389 503 444 locutus
522 394 574 458 est,
597 390 760 461 approbans
783 389 929 444 verissime
949 389 1089 476 Adeitate
1117 392 1208 446 Patris
1231 398 1259 447 et
1282 392 1368 449 Filii:
1389 396 1466 467 quod
1484 396 1591 466 dicens,
1615 397 1724 471 liquido
1752 417 1830 457 mon·

77 477 147 531 dicti
165 483 223 532 tam
247 495 263 532 a
284 479 367 533 Patre
384 495 471 550 qnam
492 496 508 532 a
525 479 596 533 Filio
618 480 772 549 procedere
790 479 928 550 Spiritum
984 484 1054 533 strat
1069 481 1144 551 quod
1162 482 1297 552 procedat
1311 482 1346 536 ab
1361 488 1484 555 utroque
1497 503 1503 539 :
1517 503 1581 541 cum
1598 488 1675 543 enirn
1690 489 1727 544 sit
1742 491 1832 545 deitas

78 571 222 633 sanctum,
240 567 377 636 quoniam
400 567 437 620 sit
452 566 600 639 utriusque
622 566 755 638 Spiritus,
776 568 928 622 essentiam
984 569 1074 623 Patris
1097 574 1126 624 et
1145 569 1207 624 Filii
1227 571 1267 624 sic
1288 571 1376 638 nnita,
1399 577 1430 625 ut
1448 575 1556 629 nullam
1575 576 1765 633 differentiam
1784 594 1831 634 re·

78 654 222 726 accipiens
246 655 283 709 ab
304 660 443 725 utroque3
466 655 543 726 quod
564 655 614 726 qui
638 662 733 726 negat,
755 660 931 709 nienstratur
984 658 1079 727 cipere
1096 659 1195 728 possit,
1212 675 1268 713 non
1282 664 1375 730 potest
1387 662 1538 731 procedere
1548 664 1715 733 Spiritusde
1726 667 1831 723 deitate

78 743 193 798 Arianae
210 743 339 814 pertidia,
355 743 495 798 obnoxius
512 759 582 798 csse.
984 746 1086 812 Patris,
1103 746 1157 800 nisi
1173 748 1308 819 procedat
1327 753 1354 802 et
1373 749 1408 803 de
1425 749 1499 804 Filii.
1518 752 1765 815 Quemadmodum
1780 772 1833 811 nec

415 868 529 923 CAPUT
549 869 592 922 vl.
985 835 1020 888 de
1040 835 1103 889 Filii
1124 835 1239 904 deitate,
1255 835 1311 890 nisi
1325 836 1462 908 procedat
1480 838 1566 893 etiam
1582 839 1617 894 de
1630 842 1736 910 Putris;
1758 844 1832 898 alio·

398 978 441 1030 En
454 974 619 1030 Athanasio.

985 923 1055 994 quin
1071 923 1151 977 nnita
1164 923 1255 977 deitas
1271 923 1361 977 Patris
1378 930 1407 979 et
1422 924 1487 978 Filii
1500 941 1558 979 non
1574 926 1629 982 erit
1645 928 1705 997 jem
1722 930 1832 987 indille-

985 1027 1062 1077 rens,
1083 1011 1107 1064 si
1127 1015 1262 1081 procedat
1281 1011 1404 1081 Spiritus
1424 1013 1460 1067 de
1480 1012 1587 1068 deitate
1608 1016 1710 1084 Patris,
1729 1024 1757 1073 et
1774 1036 1832 1075 non

117 1100 172 1154 Sed
200 1098 236 1152 ad
265 1097 465 1165 Athanasium,
496 1096 721 1152 Alexandrinum
752 1096 929 1168 episcopum,
986 1100 1093 1171 pariter
1117 1100 1254 1170 procedat
1276 1101 1310 1155 de
1333 1100 1440 1156 deitate
1462 1103 1551 1157 Filii:
1572 1120 1605 1158 ac
1624 1121 1675 1175 per
1697 1106 1751 1161 hoc
1772 1108 1833 1178 jam

82 1194 272 1253 revertamur,
296 1203 381 1258 quem
402 1186 431 1240 in
454 1186 569 1240 exordio
591 1185 793 1240 catlrolicorum
815 1187 930 1241 testium
986 1205 1045 1242 nun
1058 1189 1112 1242 erit
1126 1188 1226 1243 unite:
1244 1189 1321 1260 quod
1340 1194 1382 1243 est
1396 1189 1518 1262 impium
1539 1197 1568 1246 et
1585 1193 1733 1249 Ariannm.
1757 1196 1834 1250 Dica-
1903 1261 1907 1265 ,

81 1278 211 1346 primum
230 1276 388 1346 posuimus,
414 1281 445 1329 ut
467 1275 489 1328 is
511 1276 549 1328 sit
572 1275 699 1328 clausula
722 1275 931 1329 testificationis
986 1282 1031 1330 tur
1048 1293 1127 1347 ergo,
1148 1278 1307 1332 secundum
1327 1278 1413 1333 lidem
1435 1279 1615 1349 catholicam,
1637 1284 1714 1353 quod
1735 1283 1834 1339 beatus

82 1367 118 1420 de
134 1364 320 1436 processione
342 1363 431 1418 sancti
452 1363 576 1434 Spiritus
595 1381 612 1418 a
634 1363 714 1428 Filio,
737 1362 787 1435 qui
802 1364 854 1418 l'uit
873 1364 932 1418 iui—
985 1364 1156 1419 Athanasius
1177 1364 1340 1432 confitetur,
1365 1366 1504 1437 Spiritum
1534 1374 1662 1423 sanctum
1692 1371 1727 1424 de
1755 1372 1836 1426 unite

82 1456 168 1508 tium.
188 1455 218 1507 lu
241 1452 315 1507 libro
331 1469 456 1524 namque
482 1453 608 1507 secundo
634 1453 668 1508 de
692 1452 815 1524 propriis
832 1454 931 1507 Perso-
985 1452 1089 1507 deitate
1104 1454 1194 1507 Patris
1209 1459 1237 1507 et
1250 1454 1313 1508 Filii
1328 1471 1398 1508 esse.
1421 1456 1490 1509 ltem
1506 1461 1627 1511 testetur
1648 1457 1725 1528 quud
1744 1475 1837 1514 unum

82 1543 137 1609 nis,
156 1547 184 1595 et
203 1541 239 1596 de
259 1542 340 1595 unito
361 1540 650 1595 nomiuedivinitatis
667 1541 932 1595 adversusArianus
986 1541 1124 1612 Spiritum
1147 1543 1351 1613 putarerimus.
1376 1543 1458 1608 Quod
1485 1545 1593 1610 dicens,
1608 1547 1748 1615 approbat
1777 1564 1834 1602 non

81 1631 122 1685 sic
143 1631 182 1684 ait
206 1631 293 1684 :nln
314 1629 367 1684 hoc
388 1645 456 1683 sane
477 1629 547 1683 alias
568 1634 611 1682 est
637 1631 718 1683 Pater
743 1628 771 1682 iu
797 1645 932 1699 persona,
986 1631 1075 1684 alium
1091 1645 1150 1683 esse
1174 1632 1265 1684 Patris
1288 1631 1437 1700 Spiritum,
1463 1633 1600 1702 etlalium
1624 1634 1697 1700 Filii,
1721 1636 1769 1690 sed
1785 1636 1835 1707 qui

83 1720 152 1790 quia
166 1734 232 1773 rere
246 1719 361 1788 genuit;
377 1722 404 1772 et
427 1718 457 1771 in
479 1718 534 1771 hoc
553 1724 594 1771 est
615 1717 691 1771 alind
712 1718 831 1771 Filiusa
851 1719 932 1771 Patre
952 1703 1023 1773 Bsit
1039 1718 1111 1779 Filii,
1129 1717 1164 1771 sit
1184 1718 1269 1772 etiarn
1289 1719 1389 1785 Patris,
1412 1720 1533 1790 ipseque
1557 1725 1599 1775 est
1621 1721 1657 1775 de
1674 1725 1752 1777 unita
1768 1740 1835 1777 vera

81 1808 113 1860 in
139 1822 273 1878 persona,
302 1805 370 1877 quia
393 1822 458 1859 sere
487 1806 521 1860 ab
545 1823 578 1859 eo
610 1807 724 1874 genitus
746 1811 799 1860 est.
824 1805 879 1860 Sed
902 1804 931 1858 in
985 1806 1096 1862 deitatis
1122 1811 1233 1868 natura.
1260 1807 1288 1860 id
1315 1814 1366 1871 est,
1396 1807 1487 1862 Patris
1514 1808 1635 1879 Filiiqne
1663 1810 1833 1878 substantia,

82 1897 136 1950 lroc
163 1895 238 1949 alius
267 1896 361 1949 estin
389 1911 511 1966 persona
540 1893 662 1965 Spiritus
691 1894 737 1948 hic
765 1893 933 1964 principalis
987 1911 1049 1966 quae
1072 1899 1150 1949 tanta
1179 1894 1288 1949 unitate
1314 1896 1453 1960 consistit,
1483 1901 1515 1950 ut
1548 1898 1628 1952 nulla
1652 1899 1835 1968 separatione

81 1983 239 2053 paraclitus
263 1999 279 2036 a
304 1984 388 2036 Patre
419 1987 447 2035 et
469 1980 550 2048 Filio,
581 1981 679 2051 quiin
708 1983 873 2035 Pentecoste
901 1980 931 2032 in
985 1983 1144 2050 dividatur;
1170 1983 1250 2052 cujus
1275 1984 1441 2038 substantiae
1468 1985 1536 2039 dum
1570 1984 1695 2056 Spiritus
1722 1995 1836 2042 sanctus

81 2071 228 2141 apostolos
247 2069 354 2123 ellnsus
372 2073 423 2136 est,
448 2069 515 2139 qnia
538 2085 602 2122 rere
623 2069 657 2122 de
679 2068 760 2123 unita
783 2067 931 2123 divinitate

82 2159 176 2214 Patris
204 2164 235 2212 et
256 2158 319 2212 Filii
348 2157 487 2229 procedit.
515 2177 528 2208 n
552 2156 603 2212 llic
624 2162 724 2211 auctor
751 2157 930 2229 singularum

81 2247 291 2319 proprietatem
320 2262 509 2318 personarum
538 2247 729 2317 distinguens,
763 2251 792 2300 et
820 2246 929 2299 unitate

81 2336 242 2391 divinitatis
274 2335 461 2405 conjungens,
493 2334 618 2388 ostendit
648 2335 716 2405 quid
747 2334 867 2405 singulis
896 2335 932 2388 sit

82 2424 246 2496 proprium,
277 2425 347 2496 qnid
375 2440 538 2478 commune.
570 2425 721 2495 Proprium
753 2424 843 2479 Patris
871 2440 931 2477 esse

82 2514 192 2580 dicens,
218 2513 297 2585 quod
316 2513 432 2584 genuit;
449 2512 479 2566 in
498 2529 555 2584 qno
576 2528 628 2566 nec
654 2511 724 2566 Filio
743 2528 796 2567 nec
812 2511 931 2583 Spiritui

81 2608 181 2657 sancto
202 2601 400 2673 participatur,
420 2601 550 2671 alioquin
567 2601 672 2656 nonai
692 2606 766 2656 esset
782 2601 930 2672 proprium

82 2693 175 2747 Patris
202 2691 397 2745 vocabulum:
422 2696 449 2745 et
475 2690 563 2744 Filius
586 2688 616 2744 in
641 2691 695 2744 hue
718 2690 891 2744 discernitur
915 2708 931 2745 a

80 2782 164 2835 Patre
179 2779 256 2850 qnod
268 2778 383 2849 genitus
397 2778 443 2845 sit,
458 2778 507 2832 ille
525 2777 675 2848 genuerit:
697 2779 745 2833 sed
768 2795 820 2833 nec
834 2779 864 2833 in
881 2797 929 2851 ge·

82 2867 242 2923 nerationis
256 2867 433 2939 proprietate
449 2867 573 2937 Spiritus
588 2868 677 2921 sancti
696 2867 930 2922 communionem

986 2072 1022 2126 sit
1043 2088 1157 2143 quoque
1171 2088 1254 2138 nnus,
1277 2073 1454 2142 approbatur
1476 2073 1621 2128 evidenter
1643 2091 1659 2128 a
1682 2075 1764 2129 Patre
1790 2077 1832 2130 Fi·

986 2161 1082 2230 lioqne
1109 2161 1274 2230 procedere,
1299 2160 1403 2230 qrribns
1433 2161 1461 2214 in
1484 2161 1565 2215 unita
1592 2167 1696 2216 natura
1719 2163 1832 2219 deitatis

985 2247 1180 2318 corrjungitur.

1021 2335 1093 2388 ltem
1108 2334 1182 2388 inira
1198 2351 1205 2389 ι
1221 2354 1235 2386 u
1250 2344 1263 2368 ⁸
1278 2336 1447 2407 ilypocritre,
1459 2338 1702 2408 quemadmodum
1712 2340 1831 2410 suscipi-

985 2422 1021 2476 tis
1036 2439 1042 2476 :
1059 2425 1119 2477 Haec
1144 2427 1235 2478 omnin
1254 2431 1384 2493 operetur
1397 2432 1479 2493 utque
1494 2427 1565 2481 idem
1596 2429 1727 2496 Spiritus,
1754 2429 1830 2483 dici·

985 2511 1209 2580 dernunicuipnc
1225 2514 1295 2567 sicut
1317 2514 1376 2566 cult
1389 2513 1416 2583 (1
1428 2515 1487 2569 Cor.
1510 2531 1559 2581 au,
1586 2519 1641 2583 lt),
1663 2516 1686 2568 si
1706 2532 1772 2570 eum
1796 2516 1832 2570 de

986 2598 1066 2653 unita
1094 2599 1206 2654 deitatis
1233 2601 1401 2669 operatione
1428 2602 1593 2656 secernitis?
1627 2603 1710 2658 linita
1739 2604 1831 2659 deitas

985 2687 1072 2743 totius
1086 2693 1127 2742 est
1144 2694 1248 2742 sanctae
1268 2688 1424 2756 Trinitatis,
1443 2690 1472 2744 in
1497 2707 1553 2762 qua
1574 2691 1681 2762 pariter
1705 2692 1833 2749 consistit

986 2782 1013 2831 et
1035 2792 1158 2848 persona
1185 2776 1306 2846 Spiritus
1335 2778 1436 2844 sancti,
1465 2779 1525 2833 sine
1549 2796 1605 2850 qua
1633 2796 1686 2835 nec
1710 2781 1832 2836 Trinitas

986 2865 1048 2919 erit.
1065 2886 1079 2915 a
1100 2866 1172 2936 Ergo
1188 2865 1286 2920 dicens
1304 2865 1440 2920 deitatem
1465 2868 1547 2921 unita
1577 2869 1741 2940 operatione
1764 2885 1830 2924 con·

82 2957 186 3028 recipit
208 2957 308 3016 ullam.
338 2955 476 3027 qnoniam
505 2972 570 3010 enm
595 2956 642 3010 bic
666 2956 701 3010 sit
730 2957 853 3027 genitus,
880 2956 929 3011 illo
962 3006 969 3023 ,
982 2953 1077 3024 jungi,
1107 2958 1228 3008 testatur
1257 2954 1376 3025 Spiritui
1403 2960 1500 3009 sancto
1528 2957 1641 3010 Patrem
1670 2957 1831 3029 Filiumque

82 3063 140 3101 nou
165 3060 227 3100 esse
252 3045 367 3116 genitus
387 3044 575 3115 approbetur.
600 3044 725 3115 Spiritus
747 3051 843 3100 autem
866 3063 928 3099 sun·

81 3142 144 3189 ctus
167 3134 222 3188 hoc
244 3149 343 3187 rursus
363 3132 450 3188 hahet
468 3133 629 3204 proprium,
652 3138 685 3187 ut
708 3149 760 3187 nec
787 3134 930 3204 genuerit,

82 3240 134 3279 nec
149 3223 266 3296 genitus
279 3221 325 3289 sit,
346 3222 393 3276 sed
411 3221 445 3275 de
460 3220 543 3275 unita
555 3221 646 3275 Patris
660 3229 687 3277 et
706 3221 769 3275 Filii
785 3221 931 3277 divinitate

82 3311 235 3382 procedat;
260 3309 292 3365 in
311 3326 369 3382 quo
390 3326 442 3364 nec
466 3309 543 3364 Patri
569 3326 621 3364 nec
638 3309 709 3364 Filio
729 3311 930 3365 communicat.

84 3402 168 3453 Pater
181 3398 260 3454 enim
283 3399 318 3453 de
342 3399 432 3464 nullo,
455 3398 543 3453 Filius
564 3398 599 3452 de
620 3398 681 3452 solo
701 3400 793 3465 Patre,
811 3399 931 3469 Spiritus

83 3495 180 3542 antem
202 3492 316 3542 sanctus
342 3487 377 3542 de
396 3488 478 3542 Patre
497 3486 637 3557 Filioque.
656 3486 736 3551 Quod
758 3487 809 3558 qni
827 3503 931 3557 negare

83 3575 240 3643 contendit,
256 3576 388 3630 ostendet
400 3576 475 3630 unde
491 3575 614 3646 Spiritus
628 3575 717 3629 sancti
733 3591 855 3646 persona
875 3575 931 3629 dis·

83 3664 236 3736 tinguatur
259 3664 388 3718 aPatris
410 3663 531 3734 Filiiqne
546 3664 731 3735 proprietate.
757 3666 791 3719 Et
812 3664 857 3719 hae
875 3669 933 3718 tres

83 3769 217 3824 personae
239 3757 341 3807 sanctae
373 3751 519 3807 Trinitatis
542 3753 600 3807 suis
623 3752 846 3825 proprietatibus
868 3769 932 3807 curn

83 3843 339 3914 distinguantura
362 3841 495 3912 singulis,
516 3842 672 3897 divinitatis
694 3841 801 3896 unitate
823 3841 932 3895 socian-

83 3936 143 3994 tur,
158 3936 190 3984 ut
204 3930 314 3984 nnllam
329 3929 495 3985 contineant
508 3930 539 3984 in
556 3929 713 3985 divinitatis
730 3931 934 3984 commuuione

84 4017 290 4080 differentiam,
312 4018 360 4073 sed
376 4017 412 4072 sit
427 4019 456 4072 in
481 4018 613 4089 personis
629 4017 800 4089 proprietas,
817 4018 846 4072 in
862 4016 932 4072 divi·

84 4107 175 4160 nitate
189 4104 357 4160 indifferens
368 4106 471 4161 unitas.

120 4195 196 4249 item
216 4193 248 4248 in
270 4194 345 4248 libro
357 4194 479 4266 septimo
495 4210 503 4248 :
521 4216 534 4242 a
550 4195 606 4249 Cur
626 4197 675 4264 qui
694 4209 735 4248 me
753 4193 837 4258 uidet,
861 4193 936 4248 uidet

985 3042 1145 3112 cooperari;
1175 3058 1228 3096 nec
1260 3058 1344 3111 posse
1376 3048 1479 3096 natura
1507 3045 1617 3097 secerni
1637 3061 1708 3114 qrros
1730 3046 1831 3099 eadem

985 3130 1114 3199 operatio
1129 3129 1286 3199 conjungit.
1304 3129 1519 3200 Consequenter
1534 3146 1603 3201 ergo
1617 3131 1652 3185 de
1666 3132 1748 3185 unita
1763 3148 1829 3185 con-

986 3223 1041 3272 stat
1056 3222 1158 3271 natura
1182 3218 1273 3271 Patris
1290 3219 1409 3288 Filiiqne
1430 3219 1564 3288 Spiritus,
1582 3218 1687 3289 quihus
1713 3224 1740 3274 et
1763 3220 1831 3274 snb·

986 3306 1090 3360 stantia
1113 3305 1245 3377 jungitur
1269 3312 1298 3360 et
1321 3306 1497 3377 operatione.
1525 3308 1595 3361 ltem
1609 3324 1641 3360 :r
1661 3308 1830 3379 lippocritae,

987 3395 1131 3466 quomodo
1164 3394 1291 3465 accipitis
1312 3395 1419 3449 dictum
1449 3396 1559 3450 luisse:
1592 3395 1666 3450 idem
1698 3397 1832 3466 Spiritus,

986 3485 1058 3538 idcm
1091 3488 1116 3537 et
1137 3486 1274 3547 Dominus,
1301 3483 1372 3537 idem
1398 3487 1515 3539 ellicus
1541 3485 1635 3553 (leid,
1669 3486 1697 3552 4,
1727 3487 1776 3553 6)·,
1810 3485 1833 3539 si

987 3588 1053 3627 eum
1078 3588 1125 3624 vos
1148 3588 1247 3625 rerum
1264 3572 1353 3626 Deum
1371 3572 1406 3626 de
1432 3589 1497 3626 vera
1519 3578 1631 3639 natura,
1646 3573 1676 3628 in
1701 3573 1835 3628 omnibus

988 3658 1130 3714 mirabilia
1156 3664 1323 3729 operantem
1350 3675 1406 3712 non
1426 3659 1617 3730 suscipitis‘l»
1643 3661 1781 3732 Spiritum
1807 3667 1835 3716 et

988 3747 1141 3802 [lominum
1165 3747 1233 3801 dicit
1259 3751 1287 3800 ct
1303 3749 1391 3801 [lenm
1409 3765 1416 3802 :
1433 3754 1461 3801 et
1486 3765 1584 3803 verum
1605 3750 1721 3820 quidem
1745 3752 1835 3805 lleuni

988 3837 1023 3891 de
1038 3852 1103 3889 vera
1115 3840 1228 3889 nutrire.
1248 3836 1319 3911 llum
1333 3835 1401 3889 dicit
1415 3836 1450 3889 de
1465 3853 1530 3890 vera
1554 3842 1666 3903 natura,
1682 3839 1837 3892 cantitetur

991 3942 1048 3980 nou
1064 3943 1079 3978 a
1095 3941 1124 3978 se
1146 3924 1207 3978 lore
1221 3923 1361 3994 Spiritum
1375 3928 1515 3987 sanctum,
1534 3925 1633 3980 sedda
1651 3941 1718 3979 uera
1734 3931 1836 3980 natura

990 4013 1079 4070 Patris
1095 4012 1223 4083 Filiique.
1242 4011 1320 4066 Sicut
1335 4013 1413 4066 enirn
1434 4018 1545 4068 naturae
1568 4013 1687 4068 veritate
1703 4015 1787 4068 Pater
1808 4017 1837 4068 et

989 4102 1077 4157 Filius
1110 4119 1167 4155 non
1205 4106 1385 4172 separantur,
1429 4103 1468 4156 sic
1500 4102 1622 4174 Spiritus
1654 4107 1769 4157 sanctus
1801 4099 1837 4155 de

989 4190 1139 4263 utriusque
1152 4189 1280 4244 subsistit
1294 4206 1360 4244 rere
1376 4195 1478 4244 natura
1495 4207 1502 4257 ;
1520 4191 1656 4262 quoniam
1671 4207 1730 4244 nun
1745 4194 1839 4260 potest

85 4285 233 4338 rtPotrem
247 4298 334 4338 mcum
350 4282 440 4351 (luen.
461 4299 515 4345 ιιι,
538 4284 575 4354 9),
589 4283 705 4349 indicat,
728 4283 750 4337 si
771 4299 827 4340 uon
846 4287 889 4337 cst
905 4282 934 4335 in
956 4281 1145 4354 „procedere
1168 4280 1202 4334 dc
1227 4284 1329 4333 natura
1353 4279 1454 4344 Patris,
1470 4279 1494 4333 si
1520 4295 1576 4332 non
1598 4278 1684 4333 etiam
1703 4278 1839 4351 procedet

86 4372 133 4426 his
149 4388 205 4426 una
221 4370 370 4426 invisibilis
388 4373 484 4442 imago
504 4376 615 4427 natrrroe
635 4371 853 4427 veritatisiCur
867 4370 936 4441 legi·
991 4369 1025 4422 de
1053 4373 1154 4421 natura
1178 4366 1264 4421 Filii:
1288 4366 1427 4436 qnoniam
1453 4382 1517 4437 quae
1544 4370 1647 4420 natura
1671 4367 1761 4422 Patris
1786 4371 1839 4434 est,

85 4461 133 4528 tis,
151 4463 256 4515 seromi
269 4462 409 4516 unitatem
429 4461 553 4530 Spiritus
570 4463 599 4514 tn
614 4462 719 4515 utriculo
736 4463 812 4530 pacis
826 4459 935 4529 (Epires.
991 4456 1093 4509 eadem
1119 4461 1162 4507 est
1190 4459 1218 4507 et
1246 4453 1319 4507 Filii.
1347 4455 1378 4507 Et
1401 4454 1522 4509 dicendo
1543 4454 1644 4509 heatus
1667 4455 1839 4510 Athanasius

87 4566 125 4614 ιι,
140 4549 178 4615 3),
194 4548 218 4603 si
233 4565 299 4603 curn
316 4549 352 4603 de
366 4549 429 4620 ipsa
449 4548 530 4604 unita
544 4549 693 4604 divinitate
714 4548 815 4614 Patris,
832 4552 859 4601 et
876 4546 937 4600 Filii

87 4654 222 4692 essenon
236 4637 381 4708 accipitis?
401 4637 457 4692 Cur
474 4637 567 4708 legitis
586 4654 633 4690 vas
649 4636 795 4691 electionis
811 4635 914 4690 dixisse
930 4651 936 4689 ε

86 4728 184 4784 Omnes
205 4741 288 4779 unum
306 4727 441 4795 Spiritum
463 4728 619 4795 potavimus
638 4727 664 4793 (l
683 4727 745 4782 Gor.
765 4741 814 4788 ru,
841 4724 894 4793 le),
915 4723 937 4776 si

87 4830 156 4869 enm
170 4830 221 4869 sos
234 4813 269 4869 de
287 4815 368 4868 unita
388 4830 455 4868 vera
472 4813 587 4868 deitatis
608 4819 710 4867 natura
726 4812 908 4868 discernitis?
925 4838 937 4859 ι

87 4905 222 4960 Testatur
255 4902 358 4957 Filium
392 4902 524 4973 ejusdem
555 4906 665 4956 naturae
699 4917 759 4955 esse
790 4901 870 4972 cujus
904 4901 941 4954 sit

88 4994 184 5056 Pater,
201 4990 279 5062 quod
300 4990 445 5060 negabant
465 4990 573 5056 Ariani,
596 4989 733 5060 quoniam
756 4989 792 5043 sit
812 4987 843 5043 in
858 4990 940 5043 Patre

89 5081 221 5151 Filioque
252 5094 311 5132 una
341 5077 493 5133 invisibilis
528 5079 625 5148 imago
662 5084 773 5132 naturae
806 5077 939 5132 veritatis.

88 5170 226 5224 Testatur
249 5171 278 5221 et
299 5165 440 5238 Spiritum
469 5172 600 5221 sanctum
622 5165 754 5236 ejusdem
777 5164 942 5220 substantie

88 5254 152 5308 lore
175 5251 257 5321 cnjus
283 5250 320 5304 sit
344 5254 373 5304 et
396 5249 493 5316 Filius,
520 5249 658 5320 quoniam
681 5249 783 5303 existat
805 5248 839 5303 de
861 5249 942 5303 unita

124 5403 138 5431 ι
156 5375 320 5444 hypocritas,
340 5378 394 5428 etc.
420 5375 485 5429 llaec
501 5380 530 5428 et
544 5389 610 5446 quae
629 5379 790 5444 sequuntur
809 5372 838 5426 in
859 5373 943 5427 Atha·

90 5448 166 5502 nasii
192 5446 275 5500 libris
292 5443 329 5498 ds
348 5445 474 5514 propriis
496 5444 627 5498 Personis
647 5460 704 5498 non
725 5448 853 5508 exstent:
872 5444 941 5524 quin

90 5516 248 5574 tamenab
269 5513 425 5569 Athanasio
450 5515 555 5586 scripta
583 5517 651 5584 sint,
678 5515 811 5570 dubitare
841 5514 943 5586 religio

90 5595 151 5658 cat:
176 5601 244 5644 cnm
273 5584 351 5639 enim
370 5585 489 5641 aliunde
512 5586 676 5642 noverimus
700 5586 763 5655 ejus
792 5583 879 5638 libros
908 5585 943 5640 ab

272 5683 413 5752 Parnon.
438 5682 545 5750 cxxi.

992 4543 1130 4613 Spiritum
1147 4547 1276 4595 sanctum
1292 4557 1391 4595 verum
1411 4542 1499 4596 llenm
1516 4542 1550 4596 de
1566 4559 1631 4596 vera
1652 4549 1763 4609 natura,
1788 4560 1840 4599 uec

993 4631 1125 4685 addendo
1152 4628 1244 4682 Patris
1265 4628 1308 4682 rel
1332 4629 1407 4695 Filii,
1435 4629 1562 4701 prolecto
1584 4631 1633 4685 dat
1656 4632 1780 4703 intelligi
1806 4634 1841 4688 de

993 4719 1143 4788 utriusque
1167 4733 1233 4771 vera
1256 4722 1359 4771 natura
1384 4733 1481 4771 rerum
1507 4720 1598 4773 Deum
1622 4719 1759 4790 Spiritum
1779 4737 1838 4775 san·

994 4813 1070 4861 ctum
1087 4823 1158 4871 esse,
1174 4805 1203 4859 in
1221 4805 1506 4861 omnihusmirabilia
1521 4814 1699 4878 operantem.

1031 4897 1101 4949 ltem
1128 4911 1133 4947 :
1162 4912 1176 4944 ιι
1204 4894 1373 4963 llypocritae,
1413 4911 1465 4965 per
1496 4912 1583 4967 quem
1612 4896 1844 4951 subministratur

995 5000 1090 5038 sermo
1106 4982 1264 5053 sapientie,
1292 4985 1350 5038 sive
1375 4984 1493 5040 verbum
1518 4986 1654 5052 scientiae,
1682 4985 1741 5038 sire
1760 4983 1842 5049 tides,

996 5073 1055 5126 sire
1084 5071 1177 5141 gratia
1202 5071 1342 5137 sanitatis,
1365 5072 1424 5127 sire
1450 5074 1579 5144 operatio
1605 5074 1755 5136 virtutum,
1785 5071 1844 5125 sire

996 5159 1159 5232 prephetia,
1185 5160 1241 5214 sire
1263 5162 1403 5232 separatio
1429 5162 1600 5233 Spiritunm,
1626 5161 1682 5215 nisi
1706 5159 1844 5231 qnoniam

997 5249 1032 5303 de
1045 5248 1126 5302 unita
1139 5247 1317 5319 plenitudine
1337 5249 1402 5305 est‘l
1419 5270 1432 5302 ι
1454 5251 1518 5305 llaec
1535 5249 1632 5304 omnia
1643 5264 1706 5319 quae
1717 5263 1844 5305 comme·

997 5373 1222 5427 amanuensibus
1245 5373 1319 5428 loede
1345 5390 1405 5428 esse
1424 5378 1568 5437 tractatos,
1594 5371 1675 5425 lacile
1704 5371 1847 5427 credimus

998 5461 1031 5498 ea
1048 5459 1111 5514 quae
1125 5443 1231 5498 trustra
1246 5444 1366 5514 quoesita
1377 5450 1444 5497 sunt
1465 5443 1502 5496 iis
1518 5443 1587 5496 locis
1601 5458 1665 5512 quae
1681 5450 1792 5498 veteres
1806 5444 1848 5498 ln·

998 5514 1140 5580 dicarunt,
1164 5514 1216 5568 suh
1240 5515 1303 5568 aliis
1325 5514 1417 5568 titulis
1440 5513 1557 5568 latentia
1576 5529 1659 5585 posse
1676 5514 1806 5585 reperiri,
1823 5514 1848 5569 si

999 5585 1065 5656 quis
1077 5584 1105 5638 id
1127 5584 1231 5639 laboris
1246 5584 1300 5639 sihi
1315 5588 1449 5638 assumat.
1819 5609 1824 5617 ·

1651 5688 1690 5748 10
