3930 6098
160 287 211 340 ste
725 278 917 335 cunrflanll
935 275 1162 334 cotoniensts
1180 274 1339 332 tautecurt

1857 278 1911 331 380

160 414 406 483 cterumlprecum
428 409 530 464 solatia
551 408 693 464 instanter
711 408 893 479 impendatis,
918 412 947 462 et
970 422 1006 462 ne
1024 412 1047 464 Α
1063 406 1178 472 remini,
1206 407 1282 479 quod
1304 406 1450 478 longiores
1478 407 1592 480 agimus
1618 422 1723 463 mures.
1754 407 1911 463 Dominum

159 500 316 558 turbemini
330 515 425 571 neque
439 498 605 554 terreamini
620 514 672 570 pro
693 497 748 565 his,
764 514 829 569 quoe
844 498 921 552 fama
934 497 1006 553 forte

160 590 196 646 de
217 589 297 644 nobis
311 605 343 643 ac
360 588 440 643 vobis
463 587 607 641 sinistrius
627 586 752 641 nuntiat.
774 585 952 651 confidimus
970 585 1005 640 de

160 677 274 734 Domini
293 676 384 732 nostri
409 675 632 731 clementissima
654 675 793 741 bonitate,
818 675 886 746 quia
911 689 1005 745 neque

159 765 191 820 in
205 781 304 837 regem
319 769 449 821 nostrum
464 780 558 835 neque
574 763 605 817 in
621 780 684 830 nos,
700 763 860 834 opitulante
877 764 934 817 Deo
950 762 1004 816 ini-

159 856 300 910 micorum
315 854 513 925 praevalebunt
530 852 652 919 insidia,
672 866 766 923 neque
790 852 957 923 gaudebunt
971 852 1006 906 de

160 943 243 999 nubis
261 943 415 997 adversarii
433 941 534 996 nostri.
556 943 625 996 Nam
641 941 770 1012 quamvis
784 941 908 996 domnus
922 941 1005 995 Nico·

159 1033 221 1087 laus
235 1033 286 1104 qui
300 1031 403 1086 dieitur
418 1047 500 1102 papa,
517 1035 546 1085 ct
556 1030 607 1102 qui
629 1046 659 1085 se
675 1030 835 1102 apostolum
849 1030 925 1086 inter
939 1046 1007 1101 apo-

160 1123 247 1177 stotos
262 1125 443 1186 annumerat,
464 1120 610 1191 totiusque
627 1119 728 1173 mundi
751 1119 957 1190 imperatorem
976 1136 1006 1174 se

160 1210 236 1277 facit,
259 1208 293 1262 ad
315 1207 431 1263 illorum
450 1207 616 1262 instinctum
636 1211 663 1260 et
683 1212 791 1272 votum,
813 1207 916 1279 quibus
935 1222 1006 1261 con-

160 1299 282 1369 spiratus
304 1297 397 1351 favere
422 1296 609 1368 dignoscitur,
636 1312 686 1351 nos
706 1296 843 1350 damnare
861 1296 1003 1361 voluisset,

161 1392 258 1442 tamen
279 1387 371 1441 modis
391 1386 526 1441 omnibus
544 1385 655 1440 Christo
670 1385 795 1456 propitio
815 1401 873 1439 sure
888 1385 1006 1440 insanias

1060 510 1157 566 regem
1173 500 1304 550 nostrum
1318 499 1378 550 tam
1393 512 1445 568 per
1458 512 1507 550 sos
1530 496 1608 566 ipsos
1629 512 1716 568 quam
1731 496 1788 568 'per
1802 500 1912 551 vestros

1060 585 1162 639 missos
1176 589 1204 640 et
1218 585 1327 640 litteras
1341 584 1445 657 saepius
1460 585 1572 640 visitate
1589 589 1617 641 et
1637 584 1805 654 confortate,
1825 585 1911 656 eique

1061 690 1248 745 quoscunque
1279 675 1399 745 potestis
1428 675 1534 729 amicos
1567 677 1595 729 et
1623 674 1723 729 fideles
1751 674 1911 741 conciliate,

1061 763 1185 817 maxime
1200 762 1375 818 Ludoricum
1391 779 1488 834 regern
1505 763 1687 818 admonendo
1705 779 1819 834 semper
1837 762 1912 818 invi·

1060 855 1128 917 tate,
1140 857 1168 906 et
1182 868 1247 906 cum
1266 851 1316 907 illo
1331 853 1365 907 de
1380 851 1529 907 communi
1543 851 1667 906 utilitate
1684 851 1837 920 diligenter
1861 851 1909 905 in·

1061 941 1177 1012 quirite,
1195 941 1332 1013 quoniam
1346 942 1378 995 in
1391 958 1460 1013 pace
1478 957 1580 997 aarum
1594 956 1696 1012 regum
1712 941 1759 1012 [ut.
1778 938 1909 1012 regnum]

1061 1030 1116 1084 erit
1138 1046 1195 1101 pax
1218 1035 1326 1086 nostra.
1350 1033 1441 1103 AEquo
1463 1032 1559 1086 animo
1587 1036 1675 1085 estote
1698 1035 1727 1085 et
1753 1029 1911 1102 tranquillo

1061 1119 1154 1186 corde,
1173 1119 1281 1174 domini
1298 1120 1411 1187 fratres,
1432 1120 1500 1191 quia
1527 1121 1585 1174 Deo
1606 1120 1716 1174 volente
1738 1120 1808 1174 talia
1828 1119 1911 1174 vobis

1061 1207 1194 1262 nuntiare
1215 1223 1374 1277 speramus,
1396 1209 1426 1262 in
1448 1209 1553 1280 quibus
1576 1209 1684 1280 absque
1704 1224 1802 1263 errore
1823 1213 1909 1280 pote-

1060 1296 1124 1351 ritis
1147 1296 1293 1352 advertere
1320 1296 1453 1368 spiritum
1478 1297 1593 1352 Domini
1615 1298 1764 1353 docentem
1790 1296 1862 1368 quid
1883 1299 1913 1349 et

1061 1386 1203 1456 quomodo
1224 1402 1309 1457 agere
1328 1385 1463 1440 debeatis.
1486 1386 1609 1440 Tantum
1633 1384 1809 1440 omnimodis
1833 1401 1912 1456 pres-

161 1476 316 1531 renitentes
338 1475 456 1541 invenit,
475 1480 501 1529 el
525 1474 665 1545 quidquid
686 1474 754 1528 inde
769 1474 845 1540 fecit,
867 1490 926 1528 nou
945 1491 1005 1529 mc·
1060 1474 1152 1529 fatum
1167 1490 1263 1546 regern
1277 1490 1461 1529 commonere
1478 1483 1585 1540 curate,
1603 1480 1633 1529 ut
1647 1474 1722 1528 inter
1738 1474 1832 1528 varias
1847 1490 1912 1545 sug·

161 1565 297 1620 diocriter
311 1564 393 1619 illum
408 1563 594 1634 postmodum
610 1563 754 1634 paenituit.
780 1563 907 1617 Misimus
925 1564 1007 1619 vobis
1061 1563 1205 1635 gestiones
1228 1564 1269 1619 ita
1293 1569 1409 1618 maneat
1423 1564 1599 1634 immobilis,
1622 1563 1712 1618 donec
1736 1568 1765 1618 et
1788 1563 1850 1634 ipse
1872 1578 1913 1617 re·

160 1655 221 1709 haec
234 1653 392 1724 subscripta
406 1653 542 1723 capitula,
557 1652 668 1723 ‘quibus
688 1652 864 1724 cognoscatis
878 1658 1005 1709 nostram
1062 1668 1127 1707 rum
1159 1669 1258 1708 causas
1283 1659 1445 1724 eognoscat.
1471 1652 1622 1720 Caeterum,
1651 1651 1910 1707 desiderantissimi

159 1745 295 1798 adsersus
323 1743 474 1814 praefatum
503 1743 669 1814 pontificem
698 1742 922 1815 querimoniam.
950 1743 1007 1799 Nus
1025 1721 1173 1808 Biratres,
1189 1743 1380 1797 necessarium
1403 1741 1484 1797 robis
1506 1747 1549 1797 est
1573 1746 1600 1796 et
1623 1741 1707 1796 laude
1728 1740 1862 1812 dignum,
1881 1745 1912 1795 ut

161 1837 258 1887 autem
273 1832 379 1903 egressi
393 1847 410 1885 a
424 1831 515 1886 Roma
530 1832 703 1902 longiusque
716 1832 891 1898 recedentes,
903 1832 1007 1887 iterum
1055 1831 1228 1902 promissam
1250 1832 1312 1902 regi
1328 1836 1427 1886 nostro
1442 1831 1529 1887 iidem
1552 1846 1647 1885 coram
1663 1831 1721 1884 Deo
1737 1834 1766 1884 et
1780 1829 1909 1884 homini·

161 1921 197 1976 ad
222 1921 344 1976 Romam
371 1921 496 1975 revocati
521 1937 629 1975 sumus.
660 1921 721 1985 ero
750 1938 802 1975 nos
833 1920 1007 1991 incipientes
1056 1920 1110 1976 bus
1140 1919 1343 1976 inviolabiliter
1372 1936 1582 1976 conservemus.
1618 1920 1693 1974 Deus
1721 1918 1907 1990 omnipotens

160 2009 276 2078 reverti,
297 2009 349 2063 has
366 2009 447 2063 vobis
471 2010 612 2064 litterulas
633 2010 810 2081 scripsimus,
827 2015 859 2064 ut
881 2025 940 2064 non
954 2008 1008 2063 mi·
1055 2025 1106 2064 vos
1122 2010 1151 2063 in
1166 2026 1217 2064 suo
1228 2015 1325 2064 sancto
1336 2010 1451 2065 servitio
1468 2025 1636 2064 conservare
1651 2008 1797 2078 dignetur.

769 2279 1016 2354 INCIPIUNT
1043 2279 1291 2355 CAPITULA.

195 2552 347 2608 Csr.1.-
369 2551 454 2619 Audi,
478 2550 584 2606 domne
607 2566 683 2621 papa
706 2549 834 2617 Nicolae;
859 2553 955 2620 patres
978 2555 1008 2605 et
1060 2550 1167 2622 pimus,
1182 2549 1242 2605 imo
1261 2565 1326 2604 cum
1351 2548 1430 2604 omni
1451 2552 1525 2604 coetu
1545 2549 1673 2604 fraterno
1690 2548 1772 2620 quasi
1796 2547 1914 2604 maledi-

158 2640 261 2695 fratres
275 2639 435 2711 coepiscopi
449 2638 540 2694 nostri
555 2639 588 2694 ad
604 2644 632 2694 te
648 2655 700 2693 nos
720 2639 896 2706 direxerunt,
912 2643 940 2693 el
954 2655 1007 2692 nos
1060 2643 1139 2694 ctum
1148 2639 1255 2693 frustra
1269 2638 1414 2709 prolatum
1424 2637 1634 2692 contemnimus
1646 2642 1731 2708 atque
1748 2637 1912 2708 abjicimus.

121 2789 128 2798 ,
160 2733 263 2802 sponte
279 2730 425 2794 venimus,
444 2730 593 2785 consulere
613 2728 744 2783 videlicet
764 2732 846 2783 tuum
876 2729 1007 2799 magiste·
1059 2728 1194 2798 'l'eipsum
1219 2743 1346 2799 quoque,
1373 2726 1515 2782 damnatis
1540 2732 1567 2781 et
1595 2720 1848 2782 anathematizatis
1872 2743 1915 2781 sa·

160 2820 236 2875 rium
250 2835 337 2890 super
352 2819 396 2874 bis
411 2835 475 2890 quae
490 2817 608 2888 pariter,
627 2822 715 2888 prout
734 2817 816 2872 nobis
835 2817 927 2871 visum
941 2817 1005 2884 fuit,
1059 2831 1195 2887 eramque
1214 2816 1387 2887 religionem
1401 2815 1602 2885 abjicientibus
1616 2832 1648 2870 ac
1660 2815 1914 2871 contemnentibus

161 2913 189 2963 et
202 2907 404 2979 adjicientibus
416 2913 445 2962 et
464 2906 689 2978 approbantibus
704 2910 806 2961 notum
825 2922 885 2961 esse
901 2907 1004 2978 potuit,
1060 2904 1203 2960 faventem
1232 2911 1260 2960 et
1280 2906 1552 2972 communicantem,
1579 2905 1750 2959 innostram
1779 2920 1912 2959 commu·

157 2996 359 3067 judicavimus,
389 2995 573 3051 auctoritates
598 2995 782 3066 rationesque
815 3011 885 3065 quas
918 2995 1008 3049 secuti
1027 2994 1178 3089 Cniuneur
1206 2999 1396 3065 nostrumque
1422 2994 1596 3049 consortium
1618 2994 1745 3065 recipere
1766 2995 1912 3062 nolumus,

159 3086 267 3141 fuimus
291 3085 404 3156 scriptis
429 3085 623 3152 ostendentes,
654 3089 687 3139 ut
711 3090 762 3138 tua
784 3083 924 3155 sapientia
945 3100 1009 3154 per·
1063 3083 1190 3139 contenti
1208 3083 1295 3139 totius
1311 3083 1441 3138 Ecclesiae
1455 3083 1656 3138 communione
1672 3087 1700 3137 et
1723 3083 1852 3137 fraterna
1870 3099 1914 3137 so·

160 3175 290 3230 scrutatis
314 3174 458 3235 omnibus.
481 3173 532 3245 qui
555 3173 623 3228 inde
648 3173 766 3227 sentiret
787 3177 815 3226 et
839 3172 908 3243 quid
924 3173 1009 3228 vellet
1063 3173 1175 3242 rietate,
1197 3188 1284 3244 quam
1311 3178 1341 3227 tu
1360 3176 1530 3242 arroganter
1541 3175 1569 3226 te
1585 3170 1802 3242 superexaltans
1817 3169 1913 3240 despi-

160 3265 241 3320 nobis
256 3266 476 3319 demonstraret.
496 3264 530 3317 Et
549 3263 572 3316 si
590 3262 661 3317 illud
685 3262 787 3316 mallus
801 3266 851 3315 tua
874 3262 1009 3315 sanctitas
1063 3263 1113 3329 cis,
1130 3268 1217 3334 teque
1234 3262 1268 3316 ab
1287 3277 1321 3316 ea
1343 3261 1475 3315 elationis
1495 3265 1609 3316 tumore
1628 3259 1783 3330 indignum
1805 3259 1913 3314 faciens

160 3353 315 3421 inveniret,
335 3357 367 3407 ut
387 3368 440 3406 nos
461 3352 617 3406 instrueres
641 3353 668 3403 et
694 3350 813 3404 doceres
832 3349 896 3415 hoc,
916 3349 1009 3403 humi·
1064 3356 1235 3422 sequestras.

160 3441 228 3495 liter
246 3440 437 3511 postulamus,
462 3437 553 3510 parati
569 3435 712 3509 quidquid
733 3424 836 3490 rectius
859 3440 888 3490 et
906 3437 1008 3508 proba·
1099 3439 1162 3493 Car.
1179 3440 1211 3493 V.
1228 3469 1263 3479 —
1277 3438 1369 3510 Igitur
1389 3454 1424 3493 ex
1447 3444 1504 3493 tuae
1525 3436 1647 3492 levitatis
1666 3435 1831 3491 temeritate
1851 3451 1913 3507 pro

160 3528 257 3584 biliter
270 3529 440 3595 insinuares,
463 3543 521 3581 una
534 3541 600 3580 cum
624 3524 816 3578 confratribus
834 3525 940 3578 nostris
959 3542 1005 3580 ss·
1061 3526 1127 3598 pria
1139 3525 1255 3582 tibimet
1269 3524 1414 3582 sententia
1433 3526 1623 3581 anathematis
1643 3528 1751 3596 pestem
1767 3522 1911 3590 inflixisti,

161 3618 207 3672 nis
218 3618 399 3689 acquiescere
409 3613 600 3670 documentis.
1063 3617 1248 3671 exclamans:
1282 3617 1335 3682 Qui
1368 3617 1516 3685 apostolica
1548 3619 1684 3684 precepta
1722 3629 1776 3668 aon
1812 3618 1913 3682 snum,

195 3705 259 3763 Car.
291 3709 325 3762 ll.
340 3736 375 3746 -
396 3705 451 3760 Sed
470 3719 522 3758 nos
546 3719 598 3773 per
621 3706 679 3756 tres
704 3702 899 3757 hebdomadas
926 3707 1009 3757 tuum
1063 3706 1208 3760 anathema
1223 3709 1268 3770 stt,
1287 3721 1351 3776 quse
1364 3710 1394 3758 tu
1409 3703 1608 3775 multipliciter
1627 3701 1734 3757 uiolare
1748 3706 1778 3756 et
1792 3701 1912 3755 violasse

160 3800 355 3867 exspectantes
378 3808 561 3866 responsum,
583 3791 656 3846 nihil
679 3791 860 3847 certitudinis
879 3791 1009 3864 nihilque
1063 3794 1249 3865 dignosceris,
1274 3795 1383 3849 divinas
1408 3793 1493 3847 simul
1516 3794 1593 3864 leges
1620 3796 1649 3846 et
1673 3806 1766 3845 sacros
1789 3805 1913 3845 canones

159 3886 296 3941 doctrinae
315 3884 397 3939 nobis
415 3881 589 3954 expressisti,
608 3879 658 3934 sed
678 3885 791 3935 tantum
815 3879 941 3951 quodam
962 3881 1009 3936 die
1063 3889 1205 3956 quantum
1232 3883 1262 3938 in
1285 3887 1313 3937 te
1337 3887 1380 3937 est
1405 3898 1554 3945 evacuans,
1580 3880 1822 3952 predecessorum
1848 3883 1913 3933 tuo·

160 3974 190 4029 in
210 3974 325 4045 publico
348 3972 456 4038 dixisti,
483 3987 537 4025 nos
562 3968 736 4024 excusabiles
761 3984 899 4040 apparere
921 3973 949 4024 et
967 3970 1009 4024 in·
1062 3989 1138 4035 ram,
1167 3972 1336 4042 pontificum
1366 3972 1571 4038 Romanorum,
1600 3969 1719 4040 vestigia
1746 3968 1832 4039 sequi
1865 3983 1913 4022 no·

160 4067 296 4117 nocentes
308 4062 388 4132 juxta
403 4060 494 4115 nostri
508 4058 695 4112 assertionem
709 4057 809 4112 libelli.
1062 4061 1136 4116 lana,

196 4150 322 4205 Caralll.
341 4177 378 4189 —
398 4147 442 4204 Ad
475 4146 610 4201 ultimum
638 4161 689 4199 nos
712 4145 829 4212 evocati,
864 4145 899 4200 ad
928 4138 1009 4201 tuem
1099 4148 1455 4218 Car.VI.-Nuncergo
1478 4147 1548 4218 quia
1568 4144 1794 4201 fraudulentiam
1817 4144 1913 4198 etcal·

159 4237 343 4310 praesentiam
369 4235 483 4290 deducti
503 4251 602 4289 sumus
621 4234 693 4289 nibil
718 4234 898 4290 adversitatis
913 4236 1008 4306 suspi-
1063 4237 1203 4293 liditatem
1216 4241 1296 4292 tuam
1315 4237 1425 4308 experti
1446 4252 1556 4303 sumus,
1578 4250 1638 4289 non
1653 4233 1734 4305 quasi
1749 4233 1787 4287 ad
1803 4233 1913 4287 illatam

161 4331 266 4392 cantes,
296 4324 395 4395 ibique
425 4323 562 4378 obseratis
588 4323 670 4378 ostiis
697 4324 908 4395 conspiratione
927 4318 1049 4380 mora'D
1063 4326 1146 4382 nobis
1178 4326 1381 4380 contumeliam
1414 4324 1559 4395 provocati
1592 4338 1700 4387 sumus,
1733 4321 1784 4376 sed
1813 4325 1913 4375 conus

161 4413 320 4471 latrocinali
334 4413 419 4482 facta,
446 4416 475 4468 et
489 4428 522 4468 ex
537 4413 645 4467 clericis
669 4418 697 4467 et
715 4412 791 4468 laicis
816 4413 900 4468 turba
927 4414 1010 4468 colle
1063 4421 1142 4471 tuam
1167 4415 1348 4487 iniquitatem
1365 4415 1426 4468 zelo
1452 4412 1573 4480 accensi,
1598 4427 1650 4466 nec
1669 4416 1777 4465 nostras
1796 4409 1913 4464 vilitatis

160 4510 206 4560 cte
220 4508 248 4560 et
263 4502 410 4574 permista,
427 4518 480 4557 nos
503 4502 667 4574 opprimere
684 4503 759 4557 inter
783 4506 879 4557 tantos
902 4501 1008 4556 violen·
1062 4519 1216 4577 personam
1243 4502 1431 4568 attendentes,
1459 4502 1508 4556 sed
1542 4516 1658 4555 omnem
1682 4498 1774 4553 nostri
1803 4498 1913 4553 ordinis

161 4598 205 4650 ter
219 4592 363 4662 studuisti,
378 4597 465 4664 atque
479 4591 541 4646 sina
557 4591 665 4662 synodo
682 4595 711 4646 et
727 4591 862 4645 canonico
878 4592 1009 4646 examine
1062 4592 1282 4648 universitatem
1310 4591 1356 4646 oui
1384 4590 1442 4645 rim
1460 4590 1567 4646 inferre
1591 4587 1705 4643 conaris
1737 4603 1799 4659 prae
1824 4587 1913 4643 oculis

161 4681 240 4735 nullo
265 4681 425 4746 accusante,
450 4678 531 4733 nullo
552 4679 732 4744 testificante,
754 4679 889 4750 nullaque
910 4677 1009 4749 dispu-
1062 4683 1210 4738 hahentes.

161 4769 278 4826 tationis
293 4768 471 4824 districtione
492 4767 644 4822 dirimente
662 4767 705 4822 vel
727 4767 924 4822 auctoritatem
947 4782 1010 4838 pro·
1094 4772 1158 4827 cap,
1175 4770 1234 4825 vll.
1250 4800 1286 4810 -
1311 4768 1383 4833 Quid
1414 4772 1518 4822 nostrae
1546 4766 1677 4838 specialis
1703 4763 1913 4835 propositionis

159 4859 275 4915 batione
289 4858 484 4925 convincente,
504 4857 612 4928 absque
636 4856 725 4910 nostri
742 4855 799 4911 cris
819 4855 1008 4924 confessione,
1063 4876 1177 4916 summa
1195 4858 1291 4924 fuerit,
1318 4858 1349 4912 in
1368 4857 1465 4927 paucis
1490 4855 1673 4926 replicamus.
1695 4855 1751 4908 Lex
1767 4852 1867 4907 divina
1888 4856 1916 4906 et

161 4946 325 5002 absentibus
344 4945 407 5000 aliis
433 4944 661 5016 metropolitanis
680 4949 709 4999 et
723 4943 889 5000 dioecesanis
912 4943 1008 5015 coepi·
1063 4948 1201 5004 canonica
1215 4946 1363 5018 aptissime
1386 4946 1500 5016 probat,
1521 4944 1606 4998 etiam
1626 4942 1798 4997 venerandas
1819 4939 1915 4996 saeculi

161 5033 253 5106 scopis
267 5039 295 5089 et
314 5032 505 5089 confratribus
520 5032 632 5098 nostris,
649 5035 729 5086 extra
745 5031 876 5086 omnium
891 5032 1008 5086 omnino
1063 5038 1141 5109 legas
1160 5036 1362 5108 astipulantur,
1383 5035 1460 5105 quod
1478 5033 1551 5089 nulli
1570 5033 1635 5087 licet
1655 5031 1815 5101 ingenuam
1830 5029 1915 5100 virgi·

161 5138 334 5180 consensum
357 5127 407 5178 tuo
427 5121 517 5177 solius
541 5121 659 5176 arbitrio
682 5125 712 5175 et
738 5119 886 5191 tyrannico
913 5119 1009 5174 furore
1051 5137 1130 5182 aem
1152 5125 1238 5180 alicui
1257 5125 1317 5179 aira
1341 5124 1454 5179 tradere
1481 5122 1512 5176 in
1532 5121 1765 5183 concubinatum,
1789 5118 1914 5174 maxims

162 5209 566 5267 damnarenosmetvoluisli·
1062 5215 1086 5269 si
1119 5214 1168 5268 illa
1200 5214 1296 5285 puella
1327 5227 1477 5284 nunquam
1510 5210 1615 5265 illicita
1654 5207 1792 5264 assentire
1825 5207 1917 5263 voluit

198 5301 263 5356 Car.
278 5302 321 5356 IV.
335 5332 371 5342 -
394 5300 449 5357 Sed
473 5304 552 5354 tuam
581 5297 762 5354 maledictam
786 5296 968 5364 sententiam,
993 5311 1010 5352 a
1063 5302 1188 5374 copulae,
1206 5307 1235 5357 et
1249 5302 1319 5374 quia
1339 5317 1391 5355 suo
1408 5299 1471 5354 viro
1496 5303 1649 5370 parentum
1671 5311 1826 5364 consensu,
1848 5296 1915 5363 ilde,

163 5392 283 5457 paterna
307 5389 483 5461 benignitate
512 5388 648 5455 alienam,
673 5404 689 5442 a
715 5386 842 5442 fraterna
871 5386 1009 5441 charitate
1064 5388 1166 5444 affectu
1190 5388 1250 5461 [at.,
1273 5387 1386 5462 effectu]
1412 5403 1444 5442 ac
1466 5386 1619 5442 dilectione
1638 5383 1787 5455 conjugali
1809 5383 1917 5440 sociata

163 5482 341 5546 extraneam,
357 5479 509 5533 adversum
533 5493 584 5532 nos
604 5476 711 5546 iniuste
730 5482 758 5531 et
771 5474 1009 5531 irrationabiliter
1064 5483 1117 5540 est,
1133 5493 1204 5534 uxor
1218 5476 1357 5548 prolecto,
1370 5492 1431 5532 nun
1445 5475 1615 5543 concubina,
1632 5472 1764 5529 habenda
1777 5471 1826 5528 sit.

163 5570 264 5621 contra
287 5566 365 5639 leges
385 5565 536 5622 canonicas
556 5565 709 5637 prolatam,
728 5580 909 5636 nequaquam
933 5563 1008 5618 raci-
