3930 6098
59 198 102 250 ιιι
617 199 663 253 DE
683 196 847 255 CORPORE
864 198 909 254 ET
928 199 1101 255 SINGUINE
1123 200 1253 256 DOIIIIII.
1751 200 1806 263 tte

56 326 122 381 rimi
135 332 333 399 proponentes
346 327 514 399 loquuntur,
531 337 615 383 ⁸uon
631 327 662 382 in
678 327 779 399 llgura,
796 328 845 383 sed
872 328 902 382 in
917 328 940 383 A
960 344 1037 394 uem,
1053 345 1118 383 curn
1131 329 1180 384 ille
1191 334 1258 384 ante
1272 333 1329 384 tam
1345 331 1450 386 multos
1462 349 1552 388 annos
1566 349 1665 405 passus
1691 335 1739 403 sit,
1751 353 1803 393 nec

57 415 174 470 raritate
191 416 244 469 ista
258 414 331 470 liert.
347 415 427 481 Qriod
443 416 580 482 dicentes,
603 420 768 471 sanctorum
791 417 905 489 scriptis
958 418 1075 471 omnino
1092 418 1146 472 nisi
1163 420 1250 472 semel
1273 418 1322 472 illa
1347 421 1440 489 passio
1459 421 1531 477 facta
1546 423 1594 477 sit·
1613 424 1721 495 Nempe
1741 425 1802 498 ipso

56 504 174 558 Parrum
189 504 334 558 contraire
348 504 584 574 comprobantur.

88 591 206 647 xxxiii.
221 591 342 646 Sanctus
357 593 544 661 Augustinus,
565 593 665 647 doctor
685 593 814 648 Ecclesiae
829 610 904 664 pree-

58 680 173 751 cipnns,
190 681 222 734 in
237 680 312 734 ltbro
330 679 365 734 de
386 680 521 734 Doctrina
546 679 706 735 Christiana
732 682 816 735 tertio
832 681 902 751 (cap.

57 769 112 836 lu),
137 769 238 822 taliter
265 768 364 823 scribit
397 785 404 823 ι
431 789 445 817 a
465 770 526 824 Nisi
541 769 782 837 manducaveritis,
810 769 905 839 inquit

55 856 196 925 Salvator,
209 873 317 911 carnem
327 858 382 926 titii
396 858 523 925 hominis,
552 861 577 911 et
593 857 717 912 biberitis
744 860 904 927 sanguinem

55 960 123 1016 erus,
140 961 197 1001 non
213 947 348 1001 habebitis
362 947 448 1001 uitem
474 948 504 1000 in
519 946 593 1000 uotis
605 945 693 1014 (loen.
711 962 749 1010 ιι,
766 946 822 1016 54).
851 947 902 1000 Fa·

56 1036 136 1090 ciuus
152 1037 199 1091 vel
216 1035 359 1107 flagitium
374 1036 487 1090 ridetur
511 1035 627 1091 habere.
658 1036 763 1106 Figura
778 1051 846 1106 crgo
862 1040 904 1089 est

55 1124 231 1196 praecipiens
245 1123 372 1195 passioni
380 1123 494 1178 Domini
504 1140 564 1178 esse
577 1123 859 1191 communicandum,
876 1129 905 1177 et

57 1215 181 1269 fideliter
189 1213 405 1268 recondendum
415 1213 507 1285 [Apud
520 1218 643 1268 serratum
653 1214 848 1280 augustinum,
862 1217 903 1265 at-

56 1319 111 1374 que
122 1302 253 1358 suaviter
266 1308 351 1373 atqrre
366 1303 476 1357 utiliter
485 1301 708 1371 recondendum]
720 1302 749 1355 ln
764 1301 905 1355 memoria

57 1392 133 1464 qnod
151 1408 205 1462 pro
220 1390 302 1446 nobis
314 1392 377 1461 ejus
388 1406 453 1445 caro
470 1390 604 1445 crucifixa
619 1396 648 1444 ct
663 1391 810 1444 vulnerata
824 1389 869 1442 sit.
890 1408 903 1440 o

87 1475 201 1530 XXXIV.
226 1475 377 1530 Cernimus
391 1475 467 1547 quod
499 1475 597 1529 doctor
612 1474 665 1528 iste
681 1472 816 1544 mysteria
846 1488 904 1527 cor-

56 1565 133 1635 peris
148 1569 177 1618 et
192 1564 353 1634 sanguiuis,
370 1564 424 1618 sub
438 1564 531 1633 ligura
559 1563 626 1617 dicit
652 1580 668 1616 a
683 1561 816 1617 fidelibus
830 1562 904 1616 celc-

957 506 1002 560 die
1021 506 1168 561 DomiuIco
1183 506 1305 561 dicImus
1322 523 1329 560 :
1345 508 1435 562 Hodie
1450 510 1586 565 Dominus
1606 515 1801 583 resurrexerit,
1854 515 1856 519 ’

957 610 1021 648 cum
1035 610 1068 648 ex
1084 611 1141 665 quo
1158 595 1313 649 resurrexit
1326 600 1368 650 tot
1381 597 1447 650 anni
1457 598 1632 653 transierint.
1645 600 1701 655 Cur
1717 619 1801 658 nemo

958 688 1016 738 tam
1032 683 1146 754 ineptus
1161 690 1213 752 est,
1245 691 1277 739 ut
1297 701 1349 739 nos
1371 685 1410 739 ita
1432 686 1584 756 luqirentes
1613 696 1714 759 arguat
1741 708 1802 746 esse

957 770 1102 839 mentitos,
1119 772 1174 825 nisi
1190 772 1258 843 qnia
1273 772 1342 827 istus
1356 772 1418 827 dies
1429 774 1586 829 secundum
1611 776 1726 832 illorum
1739 780 1802 850 qui-

958 858 1011 912 bus
1026 859 1087 912 haec
1102 864 1182 928 gesta
1204 864 1270 914 sunt
1286 860 1506 915 similitudinem
1532 877 1742 933 nuncupamus,
1770 872 1804 921 ιιι

957 944 1068 1000 dicatur
1083 945 1143 1017 ipse
1158 946 1228 1013 dies,
1245 947 1295 1018 qui
1315 963 1373 1002 nun
1402 953 1446 1003 est
1473 948 1545 1020 lpse,
1563 951 1612 1006 sed
1627 953 1804 1009 revolutione

957 1035 1096 1105 temporis
1111 1034 1211 1088 similis
1227 1036 1300 1105 eJ'us,
1314 1041 1343 1090 et
1357 1036 1468 1091 dicatur
1488 1037 1537 1091 illo
1547 1038 1593 1092 die
1608 1039 1670 1095 ficri
1685 1047 1804 1112 propter

957 1123 1128 1176 sacramenti
1148 1122 1382 1184 celebrationem.
1409 1124 1487 1196 quod
1508 1142 1567 1181 non
1583 1127 1639 1195 die,
1670 1128 1719 1182 sed
1744 1130 1805 1199 jam

957 1210 1189 1280 oliuitactunrsit.
1203 1212 1262 1266 Nou
1274 1213 1535 1269 semelimmulatus
1546 1220 1620 1270 esset
1634 1215 1763 1271 Christus
1775 1217 1805 1271 iu

958 1298 1078 1369 selpso?
1093 1305 1122 1353 et
1134 1304 1230 1354 tamen
1245 1300 1274 1355 in
1290 1307 1466 1356 sacramento
1489 1318 1546 1357 nun
1561 1304 1651 1358 solnm
1668 1320 1719 1374 per
1746 1320 1805 1359 om-

959 1389 1139 1442 nesPasclun
1166 1390 1362 1445 solemnitates
1390 1391 1595 1448 seduniuidie
1624 1394 1740 1465 pupulis
1759 1396 1803 1455 in-

960 1474 1084 1530 molatur
1102 1492 1108 1530 z
1124 1492 1176 1530 nec
1191 1478 1290 1547 utique
1309 1478 1448 1533 mentitur
1463 1481 1512 1552 qui
1529 1481 1723 1553 interrogatus
1739 1498 1804 1536 cum

958 1566 1146 1633 responderet
1166 1565 1319 1620 immolari.
1344 1568 1373 1623 Si
1390 1569 1467 1623 enini
1496 1575 1674 1625 sacramenta
1705 1588 1807 1643 quam·

55 1653 131 1707 brari
153 1655 401 1707 :bnamcarnem
420 1653 498 1708 illins
522 1652 751 1724 sanguiuemque
774 1650 836 1721 ejus
856 1667 903 1708 su·
921 1643 941 1697 Β
961 1651 1026 1706 dam
1055 1653 1273 1708 similitudinem
1302 1671 1399 1710 rerum
1435 1673 1534 1711 aarum
1565 1674 1688 1729 quarum
1714 1676 1806 1714 sacra·

56 1759 132 1796 mere
148 1743 305 1797 carnaliter
320 1759 378 1798 nou
394 1742 543 1814 religionis
557 1742 625 1797 dIcit
640 1757 713 1810 esse,
729 1740 777 1794 sed
796 1739 903 1794 faciae·

55 1831 100 1886 ris.
131 1831 174 1886 De
196 1831 304 1902 quibus
331 1831 445 1886 fueraut
473 1831 516 1885 illi
540 1830 635 1901 quiin
663 1828 906 1900 Evangeliodicta

55 1919 171 1974 Domini
187 1936 246 1974 nou
259 1919 459 1991 spiritualiter,
475 1920 523 1974 sed
531 1919 685 1973 carnaliter
700 1917 905 1987 iutelligentes,

56 2013 237 2064 recesserunt
250 2009 286 2063 ab
312 2025 358 2078 eo,
385 2013 413 2063 ct
428 2010 489 2079 jam
505 2025 570 2063 cnm
583 2008 632 2063 illo
647 2025 706 2062 non
721 2006 801 2062 ibent
814 2008 904 2078 (ioan.

56 2115 89 2165 n,
105 2101 162 2166 67).

86 2187 189 2243 xxxa
208 2186 288 2242 Idem
303 2185 332 2241 in
349 2185 468 2257 epistola
482 2184 517 2239 ad
535 2184 714 2239 bonifacium
739 2183 905 2255 episcopum

58 2275 183 2330 scribens
215 2277 302 2346 (epist.
332 2277 376 2339 23,
407 2277 464 2329 siue
482 2276 521 2344 8),
547 2274 622 2329 inter
649 2273 747 2344 aliqua
772 2272 811 2326 sic
842 2273 905 2328 ait:

59 2386 71 2411 a
84 2365 196 2434 Nempe
210 2379 288 2433 saepc
301 2362 340 2417 ita
354 2362 513 2435 loquImur,
523 2367 553 2417 ιιι
564 2362 669 2417 Puscha
682 2361 904 2434 propinquante,

59 2455 187 2508 dIcamus
202 2451 357 2506 crastIuam
373 2452 417 2506 rel
446 2452 634 2522 perendInam
662 2451 777 2505 Domini
802 2450 907 2523 passio·

89 2623 101 2648 ⁸
119 2613 181 2667 Nou
195 2613 227 2665 iu
242 2613 334 2679 ligure
351 2610 442 2665 sedin
460 2611 575 2664 ueritate
597 2610 651 2662 iste
665 2609 734 2676 neri.
770 2607 906 2678 Proposi-

56 2690 112 2741 tam
121 2683 222 2754 palma
234 2684 328 2736 fronte
343 2681 428 2751 hrrjus
443 2679 574 2751 opusculi
600 2679 787 2750 questionem
805 2694 837 2731 eu
854 2677 907 2731 loci

59 2756 160 2810 iterum
176 2754 286 2808 format
306 2751 393 2807 rebus
418 2750 548 2805 Ecclesiae
567 2750 713 2804 catholicae
729 2755 814 2820 atque
842 2764 906 2802 sen-

60 2826 152 2881 tentiae
167 2840 273 2895 parum
293 2822 522 2887 conducibilem,
552 2823 658 2891 quippe
672 2836 737 2874 cum
754 2821 815 2890 Ipsa
831 2835 906 2873 scm·

59 2913 103 2966 per
131 2896 267 2950 docuerit
282 2897 311 2948 ct
322 2892 714 2962 exisIImaveritaliquautum
731 2891 853 2960 figuram
874 2890 903 2944 in

10 2990 12 2995 ·
61 2967 242 3022 Eucharistiae
254 2964 391 3035 mysterio
402 2962 533 3034 reperiri,
559 2969 745 3033 etnunquam
766 2961 900 3015 defuisse.

59 3039 92 3092 Er
103 3038 324 3109 quibusitcrum
339 3036 489 3089 observare
512 3034 593 3104 jurat
612 3035 721 3087 linricce
746 3032 851 3086 librum
868 3032 903 3086 de

59 3109 180 3179 euporo
211 3113 241 3162 et
262 3106 408 3178 Sanguine
432 3104 547 3160 Domini
572 3104 706 3158 adversus
720 3103 903 3157 Paschasium

60 3179 393 3235 eonfuisseexaratnm.
422 3177 476 3242 Qui
490 3177 565 3230 libro
594 3191 645 3229 suo
670 3174 705 3228 de
722 3174 847 3244 Corpore
877 3178 905 3227 et

59 3249 201 3332 Sanguine
217 3248 344 3315 DomiuI,
359 3247 481 3301 libenter
508 3245 612 3300 annuit
632 3245 781 3299 sententiae
804 3243 904 3298 admit-

60 3327 125 3376 tenti
139 3320 270 3392 Iiguram
281 3319 408 3399 ailquam
432 3318 462 3371 iu
477 3317 530 3371 hoc
552 3316 729 3370 sanctissimo
757 3314 903 3385 mysterio,

58 3393 204 3464 speciatm
217 3396 248 3444 et
259 3388 368 3444 affatim
385 3389 478 3458 capite
491 3389 518 3454 ι,
535 3387 577 3442 lit.
594 3388 617 3440 ιι
632 3403 639 3441 :
657 3386 732 3441 Unde
759 3389 825 3455 quie
844 3399 904 3452 my-

10 3504 12 3519 .
59 3466 168 3519 sumana
194 3467 247 3521 est.
270 3465 469 3515 accrementum
500 3474 548 3513 acc
575 3462 693 3527 figurem
711 3456 782 3511 iilud
806 3470 905 3524 negare

58 3547 214 3603 pessumum
239 3536 268 3585 et
296 3531 370 3584 infra
394 3530 446 3584 Ιιιι.
463 3530 482 3583 C
501 3546 507 3584 :
535 3530 586 3584 Sed
602 3529 626 3582 si
640 3529 782 3582 veraciter
795 3528 905 3595 inspici·

58 3620 122 3669 uus,
135 3606 203 3674 jure
221 3602 305 3657 simul
315 3603 417 3656 ueritas
438 3605 463 3655 et
475 3599 567 3671 figure
582 3599 683 3654 dicitur
701 3614 707 3651 :
724 3600 829 3652 Veritas
844 3611 905 3651 uero

10 3678 13 3725 Ι
59 3674 194 3745 mmpuid
208 3673 244 3727 dc
256 3675 303 3727 hec
313 3675 442 3742 mysterio
459 3674 575 3726 interius
588 3676 659 3725 recte
678 3669 843 3737 intelligitur
858 3671 906 3721 aut

61 3748 187 3801 emitur.
208 3743 320 3808 Quibus
343 3743 436 3797 verbis
460 3758 509 3796 eos
523 3740 706 3796 solummodo
732 3741 860 3793 confutat
878 3744 907 3792 et

62 3816 171 3883 refellit,
187 3816 343 3886 quiitotum
354 3829 416 3867 esse
431 3813 587 3884 figuratum
608 3813 637 3865 in
656 3809 831 3867 Eucharistia
845 3807 905 3861 cla-

18 3930 22 3938 .
63 3891 240 3956 mabau13nt
264 3886 430 3955 suprejam
458 3883 680 3937 observavimus.
712 3881 784 3936 IIinc
820 3881 906 3933 etiam

63 3958 224 4013 meminisse
235 3956 318 4026 Juvat
340 3957 519 4079 perngerum
539 3955 725 4009 Itatramnum
746 3957 773 4005 et
789 3950 907 4004 Pascha·

64 4029 131 4083 siam
145 4041 264 4097 semper
280 4026 338 4079 inte
352 4028 453 4080 texisse
467 4030 590 4095 tegetem
604 4031 633 4078 et
643 4025 737 4077 retrrm
752 4021 830 4093 quod
841 4036 905 4091 spe-

10 4094 12 4123 r
64 4099 153 4154 ciebas
163 4098 249 4168 panis
263 4103 292 4151 et
305 4096 366 4150 alni
386 4097 537 4150 convenire
550 4110 636 4148 nemo
665 4109 741 4148 nuris
756 4094 842 4147 haimo
856 4107 905 4144 ne·

10 4174 13 4182 '
66 4175 116 4239 gel.
131 4171 256 4239 Insuper
286 4167 373 4221 etiam
389 4165 517 4221 oblivisci
538 4166 654 4220 vetitum
683 4169 726 4218 est
741 4163 907 4243 peruerite·

959 1745 1056 1795 menta
1074 1747 1142 1795 suut
1157 1758 1214 1795 neu
1235 1742 1384 1811 haberent,
1402 1745 1520 1799 omnine
1545 1753 1724 1802 sacramenta
1747 1765 1805 1803 non

959 1833 1063 1883 essent.
1079 1831 1116 1884 Ex
1130 1830 1183 1884 hac
1203 1830 1266 1902 ipsa
1286 1836 1384 1887 autem
1414 1833 1603 1888 simIIItudine
1631 1836 1805 1906 plerumque

957 1918 1017 1988 jam
1037 1918 1162 1988 ipsarum
1178 1936 1275 1974 rerum
1304 1921 1423 1975 numius
1450 1922 1602 1994 accipiunt.
1629 1923 1707 1978 Sicut
1734 1939 1803 1996 ergo
1865 1965 1868 1969 -

960 2007 1118 2062 secundum
1137 2010 1292 2079 quemdam
1309 2010 1425 2064 modum
1450 2017 1660 2066 sacramentum
1676 2014 1805 2084 corporis

960 2095 1064 2151 Christi
1081 2112 1183 2166 corpus
1204 2097 1310 2152 Christi
1331 2103 1382 2163 est,
1423 2104 1634 2153 sacramentum
1658 2101 1806 2172 sanguinis

959 2182 1063 2239 Christi
1078 2185 1194 2255 sanguis
1226 2186 1331 2241 Christi
1360 2191 1410 2251 est,
1433 2185 1473 2241 ita
1495 2192 1708 2243 sacramentum
1737 2187 1805 2243 fidei

960 2272 1130 2327 lidesest.»

995 2361 1104 2416 xxxvt
1121 2369 1131 2395 ι
1146 2360 1296 2416 Cernimus
1320 2362 1396 2432 quud
1411 2367 1525 2418 sauctus
1540 2365 1718 2435 Augustinus
1740 2366 1807 2422 dicit

959 2449 1038 2504 aliud
1061 2455 1249 2518 sacramenta,
1281 2454 1308 2504 et
1334 2450 1411 2507 aliud
1425 2469 1471 2506 res
1495 2469 1618 2524 quarum
1633 2459 1700 2510 sunt
1720 2472 1806 2512 sacra·

960 2606 1167 2677 bussnbjcclo‚
1184 2622 1271 2679 quem
1290 2608 1546 2679 Capharnaiternm
1578 2611 1722 2681 appellare
1750 2629 1808 2668 nun

960 2678 1180 2750 pertimescam
1207 2679 1339 2749 quamvis
1364 2681 1449 2750 hujus
1473 2681 1625 2736 sententiae
1649 2688 1805 2739 sectatores

961 2764 1019 2803 non
1033 2749 1198 2803 dubitarent
1214 2765 1317 2818 corpus
1330 2750 1433 2805 Christi
1446 2751 1592 2822 integrum
1608 2754 1637 2808 in
1653 2756 1724 2809 coele
1736 2771 1806 2828 pcr-

961 2835 1088 2886 manerc,
1119 2820 1232 2873 etiamsi
1262 2820 1291 2873 ιιι
1329 2821 1467 2875 altaribus
1496 2825 1600 2878 nostris
1629 2824 1750 2880 fractum
1775 2842 1807 2880 uc

961 2890 1124 2960 disruptum
1135 2891 1280 2945 videretur
1296 2906 1302 2944 τ
1321 2893 1363 2944 nti
1379 2892 1562 2961 probavimus
1577 2899 1659 2949 antea
1675 2897 1704 2949 iu
1720 2897 1806 2952 adno-

918 2943 1116 3015 ctalionibus
1129 2961 1164 3014 ad
1188 2977 1267 3015 num.
1297 2964 1352 3016 lt:
1382 2964 1500 3032 insuper
1519 2970 1629 3018 cunstat
1656 2967 1808 3038 optimeet

958 3048 1077 3086 nervose
1089 3048 1118 3085 se
1134 3031 1307 3097 defendisse,
1324 3038 1352 3086 et
1364 3033 1526 3089 fatuitatem
1553 3035 1705 3092 obscenam
1733 3038 1807 3094 Ster-

958 3102 1167 3156 coranistarum
1179 3103 1317 3170 ejurasse.

994 3175 1005 3216 t
1025 3174 1096 3228 Nam
1119 3188 1227 3226 carnem
1242 3171 1301 3227 iltis
1324 3174 1536 3241 sanguinemque
1559 3175 1618 3242 ey'us
1632 3191 1736 3232 sumere
1749 3194 1807 3233 cer-

958 3244 1068 3310 neiiter,
1084 3258 1137 3296 riou
1148 3244 1287 3309 religionis
1316 3242 1384 3296 dicit
1399 3258 1463 3310 esse,
1485 3244 1534 3299 sed
1559 3248 1702 3311 facinoris.
1731 3248 1808 3304 Alibi

959 3314 1100 3385 glossema
1112 3306 1215 3382 legitur
1231 3312 1307 3384 quod
1321 3313 1366 3366 hic
1381 3313 1538 3384 adjungere
1558 3316 1630 3370 nihil
1651 3318 1782 3388 prohibet
1798 3335 1805 3372 ι

959 3386 1117 3441 carnaliter.
1139 3383 1170 3437 id
1196 3389 1234 3438 cst
1259 3384 1418 3438 conterendo
1447 3384 1585 3452 dentibus,
1601 3393 1649 3441 aut
1664 3391 1807 3454 frustatim

959 3455 1135 3524 discerpendo
1148 3471 1155 3508 ι
1166 3455 1273 3526 qqupe
1288 3472 1353 3509 cnm
1369 3455 1415 3510 hic
1431 3471 1513 3510 verus
1527 3458 1563 3512 sit
1582 3457 1685 3511 horum
1706 3459 1808 3513 verbo·

959 3525 1177 3596 rumprulapsae
1195 3526 1467 3580 LatInitatissensus
1494 3529 1688 3583 carnaliteret
1715 3545 1743 3583 cu
1780 3545 1808 3584 ο-

959 3599 1066 3661 ratiter,
1077 3597 1153 3650 uultu
1176 3596 1226 3650 sui
1240 3600 1340 3665 fiarrre,
1360 3598 1436 3651 rrutta
1451 3599 1500 3652 sut
1515 3599 1689 3666 electatione,
1716 3615 1744 3655 se
1780 3603 1810 3654 in

959 3669 1047 3737 ipsius
1062 3667 1186 3720 ucmtetis
1209 3666 1285 3720 nude
1298 3669 1533 3734 manifestatione3
1555 3670 1596 3723 uti
1624 3670 1809 3740 probavimus

961 3737 1152 3792 anterioribus
1172 3736 1275 3790 nostris
1304 3737 1547 3791 adnotationibus.
1572 3740 1692 3810 Insuper
1722 3742 1809 3796 etiam

960 3807 1125 3879 plenissIme
1141 3810 1251 3861 cunstat
1266 3806 1338 3860 nihil
1354 3807 1429 3861 aliud
1447 3809 1633 3863 Itatramnum
1649 3827 1683 3865 eo
1696 3810 1750 3865 loci
1764 3812 1809 3866 in-

960 3877 1243 3950 digiterevoluisse:
1275 3877 1382 3947 quippe
1407 3893 1471 3932 cum
1498 3878 1560 3949 lpse
1589 3888 1714 3934 mentem
1743 3898 1810 3952 pro·

961 3951 1053 4022 priam
1069 3949 1211 4019 applicata
1227 3949 1374 4002 volrrntate
1396 3948 1539 4019 explicans
1566 3950 1621 4005 hoc
1640 3952 1809 4005 vocabulum

961 4022 1120 4082 carnaliter,
1149 4020 1283 4074 observat
1309 4018 1338 4072 id
1367 4034 1427 4073 csse
1452 4036 1551 4091 reapse
1567 4021 1656 4091 quod,
1673 4037 1707 4075 ex
1734 4024 1808 4075 rela-

961 4092 1039 4145 tione
1053 4091 1208 4160 Evangelii,
1226 4090 1325 4144 animo
1346 4088 1493 4161 fingebant
1515 4091 1566 4161 qui
1589 4108 1705 4146 sensum
1721 4093 1809 4164 sphi-

962 4163 1069 4215 tualem
1082 4161 1148 4215 lesu
1172 4160 1277 4215 Christi
1297 4175 1354 4215 non
1369 4165 1504 4231 poterunt
1533 4162 1656 4234 assequi,
1686 4162 1811 4235 ideoque

10 4257 14 4265 ·
66 4237 537 4319 mnuumqnecuncinnatorem
563 4234 942 4313 praedictuminteIIIgereD
962 4231 1025 4301 ejus
1054 4231 1219 4286 societatem
1244 4232 1429 4303 reIIquerant.
1447 4235 1481 4285 Αι
1504 4234 1604 4303 negari
1634 4250 1691 4288 nou
1720 4241 1812 4306 polest

67 4325 134 4382 seps
157 4324 267 4380 saepius
283 4323 329 4362 res
342 4308 373 4362 iu
399 4307 576 4362 Eucharistia
590 4306 681 4360 etheri
698 4321 732 4359 ca
747 4304 851 4373 agendi
866 4319 909 4356 ra-

68 4384 136 4436 lione
146 4387 178 4435 et
193 4379 282 4434 modo
319 4394 356 4432 uo
371 4378 398 4432 ri
413 4378 568 4434 verborum
585 4383 652 4431 sunt
671 4390 820 4445 expressae,
835 4373 910 4427 scili-

10 4514 13 4525 ,
67 4460 105 4507 act
114 4451 252 4507 sensibus
265 4394 394 4520 suhjecto
410 4454 439 4502 et
466 4448 654 4516 corporaliter,
685 4446 728 4500 uti
757 4445 912 4525 defendere

67 4524 156 4578 animo
166 4520 356 4576 intenderunt
370 4519 457 4574 abbas
470 4519 637 4585 abbaudus,
653 4521 682 4571 et
698 4531 819 4585 mugnus
834 4528 914 4585 prior

67 4592 235 4657 emisenus,
277 4589 399 4643 abbatiae
456 4589 547 4643 sancti
588 4587 707 4642 Victoris
747 4585 914 4641 Parisiensis

38 4668 43 4677 “
68 4668 143 4718 aare
159 4660 328 4731 Berengsrii
344 4675 351 4714 ε
367 4674 438 4729 qrros
459 4665 544 4714 testes
568 4658 748 4730 prodidimus
776 4662 869 4723 antea,
885 4656 915 4709 in

10 4750 13 4759 ·
68 4732 253 4789 mactatione
268 4735 366 4786 nostra
383 4730 420 4784 ad
440 4745 552 4784 numer.
569 4731 611 4783 ll.

97 4804 187 4860 Porro
202 4801 277 4858 nulli
298 4800 503 4855 concertationi
526 4804 576 4853 aut
602 4796 803 4869 disceptationi
826 4796 914 4851 obno-

69 4874 140 4929 xium
152 4879 201 4928 est
215 4877 420 4942 argumentum
434 4884 469 4924 cx
485 4887 541 4942 quo
558 4870 732 4942 intelligitur
743 4871 916 4923 Retramnus

69 4947 150 5000 rerba
160 4945 291 4998 veritatis
314 4941 476 5011 significare
492 4941 635 5011 applicata
650 4941 795 4993 voluntate
819 4938 914 4991 inten-

70 5015 138 5072 disse
156 5015 279 5069 modum
295 5011 426 5066 sensibus
441 5011 601 5081 subjectum
618 5009 786 5065 comedendi
815 5024 915 5078 corpo-

71 5087 105 5140 ris
116 5092 146 5141 et
159 5083 344 5155 deglutiendi
358 5081 507 5152 sanguinis
517 5081 634 5136 Christi.
648 5080 799 5136 Enimvero
812 5079 840 5134 id
855 5079 916 5151 pla·

72 5157 184 5211 nissime
201 5159 282 5226 petet
297 5151 471 5207 testImuniis
485 5157 514 5206 et
534 5151 712 5223 argumentis
730 5166 795 5220 quei
808 5149 918 5222 profert

74 5227 205 5282 aduersus
215 5241 268 5279 cos
280 5223 332 5295 qui
347 5223 488 5277 tuendum
503 5224 672 5293 receperant
703 5236 805 5292 corpus
835 5220 917 5277 Chri·

74 5298 105 5351 sti
119 5312 219 5352 revera
233 5299 264 5349 et
276 5294 524 5366 postpositaomni
534 5294 628 5364 itgura
639 5299 798 5347 comestum
814 5291 917 5345 luisse:

76 5383 139 5438 quos
152 5366 290 5423 Patribus
305 5362 432 5435 untIquis
460 5364 594 5418 adversos
618 5362 775 5416 clarissime
800 5360 919 5416 demon-

77 5442 150 5494 strat.
163 5437 281 5494 Etenim
295 5449 477 5506 quaecunque
498 5433 663 5488 testimonie
690 5448 724 5487 ex
738 5433 774 5487 iis
788 5433 918 5496 assumit,

77 5509 165 5579 palem
179 5507 348 5579 designant,
365 5519 481 5559 earnem
497 5504 601 5559 Christi
616 5503 660 5558 ori
673 5502 802 5558 fidelium
820 5501 920 5557 admo-

82 5585 143 5648 tam,
158 5579 219 5636 sire
232 5582 410 5651 porrectam,
426 5574 596 5646 nentIquem
621 5572 709 5630 fuisse
724 5575 808 5629 modo
830 5573 920 5627 seusi-

964 4301 1105 4373 ejusmodi
1122 4303 1254 4356 hemines
1269 4318 1304 4356 ex
1331 4318 1464 4356 sernione
1478 4302 1582 4358 Christi
1607 4304 1780 4361 intellexisse
1795 4325 1812 4360 a

968 4390 997 4428 se
1026 4373 1125 4427 datum
1153 4372 1188 4426 iri
1204 4372 1261 4426 illis
1285 4388 1401 4427 carnem
1421 4377 1448 4426 et
1465 4374 1638 4444 sanguinem
1653 4377 1740 4432 veluti
1760 4376 1812 4430 ali-

967 4445 1239 4499 mentacommnnia
1255 4442 1390 4498 dentibus
1410 4445 1585 4501 conterenda
1613 4451 1642 4502 ct
1667 4448 1812 4502 frustatim

968 4514 1167 4584 discerpenda.

1002 4586 1167 4641 ‘Certumne
1194 4583 1266 4654 quod
1284 4588 1393 4638 sanctes
1420 4584 1592 4652 Augustiana
1615 4586 1705 4641 dicit:
1729 4589 1815 4644 Aliud

967 4659 1147 4722 sacramente,
1176 4661 1202 4710 et
1225 4654 1303 4709 eliud
1335 4669 1377 4708 res
1401 4669 1518 4723 querum
1542 4662 1606 4711 suut
1627 4665 1809 4713 sacramenta.

968 4726 1036 4780 Hanc
1047 4727 1145 4780 omnia
1155 4726 1303 4780 uerissima
1324 4728 1391 4778 sunt
1405 4727 1495 4781 sancti
1515 4730 1667 4798 Augustini
1679 4735 1816 4798 concepta

968 4796 1064 4851 verba.
1099 4796 1292 4862 Quamobrem
1319 4810 1385 4849 carm
1415 4795 1477 4865 ipsa
1514 4798 1690 4852 Eucharistia
1723 4816 1815 4853 sacra·

970 4873 1100 4921 necatum
1124 4866 1253 4937 corporis
1268 4865 1385 4933 ChrisII,
1401 4868 1478 4936 qnod
1493 4866 1547 4922 fuit
1561 4869 1678 4922 alhaum
1695 4870 1772 4923 cruci
1787 4875 1816 4923 et

970 4943 1125 4992 mactatum
1145 4937 1287 5007 prullriuio
1313 4936 1470 5016 sanguinis,
1494 4944 1605 4993 certum
1624 4943 1666 4993 est
1689 4940 1814 5010 aliquam

970 5009 1005 5062 als
1021 5024 1055 5062 ee
1084 5009 1223 5061 sustinere
1239 5007 1429 5062 dillereunam
1456 5014 1485 5061 et
1513 5009 1610 5081 aliqua
1632 5009 1742 5063 ratione
1757 5026 1817 5063 esse

972 5078 1147 5132 dreiversnm
1162 5095 1168 5132 :
1183 5078 1291 5131 scilicet
1315 5078 1502 5148 inquantum
1532 5086 1687 5135 mactatum
1709 5079 1773 5146 fnit,
1791 5086 1817 5134 et

971 5149 1048 5203 cruci
1065 5149 1192 5215 affixum,
1205 5152 1232 5201 et
1247 5148 1364 5217 sanguis
1379 5164 1431 5218 pro
1448 5149 1530 5205 nobis
1545 5151 1685 5206 mundum
1696 5167 1747 5222 per
1759 5167 1818 5204 om·

971 5235 1038 5274 nem
1049 5219 1169 5273 effluxit.
1189 5219 1363 5273 EucharistIa
1379 5226 1562 5290 nuncupatur
1589 5238 1692 5293 corpus
1715 5222 1819 5278 Christi

973 5289 1087 5344 mactati
1108 5289 1228 5343 ctcruxi
1257 5289 1346 5354 altisI,
1374 5288 1523 5344 morientis
1548 5296 1577 5344 et
1602 5293 1820 5365 patientisqnia

973 5365 1149 5414 sacramenta
1165 5359 1327 5413 sortiuntur
1341 5359 1459 5413 uomina
1474 5375 1572 5415 rerum
1587 5378 1711 5433 quarum
1724 5381 1819 5419 sacra·

973 5435 1071 5485 menta
1086 5435 1161 5484 sunt.
1175 5430 1207 5485 Et
1222 5445 1320 5484 resera
1338 5431 1452 5484 tametsi
1476 5431 1507 5484 iu
1533 5430 1710 5489 Eucharistia
1724 5436 1820 5489 consi-

974 5507 1040 5568 stat,
1066 5516 1118 5555 uec
1144 5499 1329 5570 crucifigitur,
1358 5517 1410 5555 nec
1434 5506 1585 5569 mactatur,
1614 5518 1666 5557 nec
1690 5507 1821 5560 sensibus

976 5572 1089 5628 dolores
1116 5572 1219 5626 mortis
1248 5570 1392 5626 sustinens
1417 5571 1593 5642 subjicitur:
1624 5572 1702 5643 quod
1730 5576 1819 5631 semel
