3930 6098
106 237 153 291 891

672 230 846 286 saluatur
864 230 1116 288 saudattttttffls
1134 231 1282 287 ABBrtTlS

1806 235 1856 288 892

106 368 251 434 exspectas
273 381 279 418 :
300 366 405 428 averte,
429 375 604 432 quaesumus,
636 375 653 414 a
674 359 757 415 nobis
779 375 865 431 quam
889 377 948 415 me·
968 361 1100 416 aducat.
1117 362 1148 416 Et
1172 367 1202 416 ut
1223 361 1269 416 hic
1289 361 1457 417 devotorum
1477 368 1594 418 actuum
1619 378 1856 436 sumamusaug-

106 468 204 507 remur
220 452 304 519 iram,
321 456 350 504 et
373 465 458 521 quam
480 455 624 519 optamus,
651 464 737 519 super
767 465 819 502 nos
837 449 952 503 effunde

105 539 286 611 clementiam
305 555 311 593 :
330 543 369 604 ut,
386 553 465 593 sacro
489 536 632 608 purilicati
648 536 771 607 jejunio,
796 538 953 593 electorum

105 624 221 684 tuorum
237 643 401 682 mereamur
413 627 513 681 ascisci
531 625 662 697 collegio.
680 627 733 680 Per
750 625 853 682 Christ.

450 748 545 788 rauca
565 747 607 787 tv.

140 823 197 892 (Α.)
213 823 327 876 AEterna
347 823 431 876 Deris.
452 822 601 890 Tuamque
628 818 852 874 misecicordiam
883 836 952 891 sup-

105 911 217 982 pliciter
229 926 346 965 exorare
360 916 391 964 nt
403 910 584 980 jejuniorum
597 914 763 961 nostrorum
773 914 953 963 sacrosancta

105 1000 241 1071 mysteria
264 1005 321 1053 tuas
343 999 400 1054 sint
421 998 521 1068 pietati
548 1012 664 1067 semper
687 1001 826 1067 accepta:
850 1013 952 1051 conce·

104 1089 212 1159 dasque
228 1092 259 1142 ut
273 1104 337 1158 quae
350 1087 496 1158 [quornm]
518 1102 641 1157 corpora
655 1085 837 1141 abstinentiae
852 1086 951 1141 obscr-

104 1177 217 1232 vatione
243 1184 432 1242 macerantur,
464 1179 574 1229 mentes
602 1191 717 1246 quoque
740 1174 893 1229 virtutibus
925 1180 954 1231 ct

106 1265 269 1321 caelestibus
279 1263 416 1318 institutis
427 1269 611 1318 exornentur.
626 1264 679 1317 Per
689 1262 791 1318 Christ.

460 1384 554 1424 ranis
578 1384 608 1423 v.

144 1460 202 1529 (Α.)
226 1460 337 1513 AEterne
362 1459 445 1512 Deus.
471 1459 506 1511 Et
525 1463 604 1511 tuam
626 1457 797 1512 immensam
824 1458 951 1512 clemen-

107 1546 176 1601 tiam
193 1545 316 1616 supplici
331 1550 395 1600 voto
411 1546 573 1616 deposcere,
589 1551 621 1599 ut
635 1561 687 1599 nos
709 1545 832 1600 larrrulos
848 1550 910 1599 tuos
925 1551 953 1601 et

104 1634 208 1706 jejunii
231 1636 420 1689 maceratione
440 1634 602 1706 castigatos,
630 1639 658 1688 et
678 1633 788 1687 ceteris
810 1635 993 1714 bonorumB

106 1738 227 1794 operum
254 1723 476 1778 exhibitionibus
505 1723 642 1790 eruditos,
668 1724 699 1777 iu
724 1723 867 1777 mandatis
895 1724 951 1779 tuis

106 1812 192 1867 iacias
213 1828 396 1884 perseverare
410 1813 526 1881 illaesos,
551 1812 648 1884 sieque
673 1812 863 1882 presentibus
884 1813 950 1867 sub·

105 1899 186 1954 sidiis
200 1901 390 1968 consolemur,
412 1904 552 1971 quatenus
573 1901 606 1954 ad
630 1904 737 1954 aeterna
760 1900 866 1971 gandia
886 1916 951 1972 per·

104 1988 215 2060 tingere
230 2004 403 2043 mereamur.
418 1990 473 2042 Per
487 1987 592 2042 Christ.

429 2109 525 2149 saura
548 2108 580 2148 vr
601 2102 622 2144 ι.

141 2182 199 2254 (Α.)
224 2185 337 2237 AEteruc
365 2184 448 2237 Deus.
469 2184 523 2237 Per
544 2181 688 2236 Christum
715 2181 868 2236 Dominum
894 2197 949 2235 no·

104 2275 206 2326 strum.
232 2272 284 2336 Qui
307 2271 342 2327 ad
370 2271 575 2326 insinuandum
604 2270 776 2324 humilitatis
804 2269 948 2341 [hnmani-

104 2361 180 2432 tatis]
197 2377 255 2414 suae
271 2360 448 2431 mysterium,
475 2359 612 2430 fatigatus
635 2359 740 2413 resedit
763 2360 798 2413 ad
817 2365 947 2430 puteum.

105 2448 160 2512 Qut
176 2466 192 2502 a
210 2448 331 2503 muliere
355 2448 533 2503 Samaritana
551 2463 634 2518 aquae
656 2446 709 2500 sihi
734 2446 815 2517 petiit
840 2447 949 2517 porrigi

104 2542 214 2607 potum,
233 2537 323 2608 quiin
339 2553 372 2590 ee
392 2539 537 2590 creaverat
551 2535 617 2589 lidei
633 2536 740 2588 donum
754 2550 761 2587 ι
777 2540 805 2589 et
824 2535 863 2589 ila
887 2537 950 2604 ejus

105 2625 184 2679 sitire
197 2624 331 2696 diguatus
344 2630 386 2679 est
398 2625 494 2692 fidem,
510 2628 543 2678 ut
556 2624 625 2678 dum
640 2624 675 2676 ab
694 2639 728 2677 aa
742 2639 846 2695 aquam
869 2631 949 2694 pete·

104 2719 158 2779 ret,
173 2713 203 2767 in
223 2730 257 2767 ea
276 2713 375 2783 iguem
394 2712 484 2768 divini
507 2712 613 2766 amoris
639 2713 816 2767 accenderet.
842 2713 948 2782 implo-

104 2817 202 2856 ramus
218 2803 316 2874 itaque
331 2807 409 2856 tuam
428 2801 598 2856 immensam
615 2801 807 2867 clementiam,
829 2807 860 2855 ut
879 2817 949 2855 con-

104 2895 264 2945 temnentes
287 2890 468 2944 tenebrosam
489 2890 715 2960 profunditatem
741 2889 887 2957 vitiorum,
921 2894 949 2943 et

1007 454 1149 516 mentum,
1174 455 1202 503 et
1223 449 1282 503 illic
1309 455 1425 505 eterna
1445 448 1633 505 beatitudiuis
1659 451 1852 523 percipiamus

1007 537 1246 592 emolumentum.
1264 539 1318 592 Per
1332 537 1437 593 Christ.

1347 658 1441 698 vaura
1466 659 1518 698 ιιι.

1042 734 1156 787 AEterne
1176 732 1260 785 Deus.
1287 732 1340 786 Per
1362 730 1553 786 mediatorem
1576 730 1627 786 llei
1647 736 1676 786 et
1693 732 1852 800 homiuum,

1006 821 1104 875 lesum
1119 821 1264 877 Christum
1289 819 1443 875 Dominum
1459 825 1602 888 nostrum,
1626 820 1693 886 Qui,
1712 821 1853 877 mediante

1007 908 1053 962 die
1067 907 1150 974 testu,
1171 909 1298 962 ascendit
1315 909 1346 962 iu
1361 909 1500 979 templum
1521 899 1709 980 docere,'qui
1734 909 1770 963 dc
1788 912 1854 965 coeto

1007 996 1164 1063 descendit,
1180 996 1320 1051 mundum
1336 997 1372 1052 ab
1387 997 1555 1068 ignorantias
1575 997 1704 1052 tenebris
1720 998 1848 1053 liberare.

1008 1087 1094 1156 Cujus
1114 1086 1267 1140 descensus
1290 1102 1381 1158 genus
1400 1086 1559 1140 humanum
1580 1086 1716 1141 doctrina
1738 1087 1851 1141 salutari

1006 1173 1140 1240 instituit,
1159 1190 1236 1228 mors
1258 1181 1430 1245 aperpetua
1455 1179 1546 1229 morte
1569 1175 1704 1241 redemit,
1733 1177 1853 1231 ascensio

1008 1261 1041 1315 ad
1061 1260 1186 1315 coelestia
1208 1278 1297 1333 regna
1320 1263 1463 1332 perduxit.
1489 1264 1542 1317 Per
1565 1279 1653 1334 quem
1678 1271 1715 1328 te,
1744 1280 1851 1318 summe

1008 1351 1100 1411 Pater,
1117 1350 1260 1421 poscimus
1276 1356 1307 1404 ut
1326 1351 1388 1421 ejus
1403 1351 1585 1406 institutione
1598 1352 1705 1420 edocti,
1723 1353 1852 1407 salutaris

1006 1439 1191 1510 parcimoniae
1204 1439 1354 1494 devotione
1369 1440 1522 1510 purificati,
1533 1441 1571 1495 ad
1585 1445 1636 1495 tua
1652 1442 1850 1512 perveniamus

1006 1527 1147 1599 promissa
1162 1527 1263 1582 securi.
1280 1529 1334 1582 Pcr
1348 1544 1434 1599 quem
1447 1527 1638 1598 majestatem.

1353 1649 1449 1689 neura
1472 1649 1516 1689 rv.

1043 1722 1101 1793 (A.)
1120 1725 1233 1777 AEterne
1256 1724 1341 1777 Deus.
1367 1724 1421 1777 Per
1445 1723 1590 1778 Christum
1619 1722 1776 1778 Dominum
1801 1738 1848 1775 no-

1006 1816 1107 1866 strum.
1123 1811 1177 1877 Qui
1196 1811 1407 1866 illuminatione
1423 1827 1482 1866 suae
1506 1811 1575 1869 fidei
1591 1812 1727 1867 tenebras
1748 1812 1851 1882 expulit

1007 1902 1117 1969 mundi,
1135 1907 1164 1956 et
1178 1917 1270 1972 genus
1284 1902 1440 1956 humanum
1456 1901 1533 1973 quod
1553 1901 1656 1973 primae
1672 1902 1776 1956 matris
1795 1906 1850 1955 ute

1005 2006 1054 2044 rus
1078 1990 1244 2061 proluderet
1264 2006 1381 2057 caecum,
1411 1990 1615 2044 incarnationis
1636 2005 1696 2044 strae
1720 1992 1850 2061 mysterio

1005 2079 1130 2134 reddidit
1144 2079 1350 2143 illuminatum,
1366 2078 1490 2151 lecitque
1509 2079 1584 2134 filios
1599 2078 1778 2150 adoptionis,
1802 2079 1849 2149 qni

1005 2168 1177 2222 tenebantur
1203 2168 1324 2222 vinculis
1343 2169 1427 2239 justae
1454 2167 1655 2223 damnationis.
1682 2169 1739 2221 Per
1761 2166 1849 2236 ipsu·

1004 2261 1032 2310 te
1050 2257 1184 2326 petimus,
1208 2263 1241 2311 nt
1260 2258 1330 2310 tales
1352 2256 1383 2310 iu
1405 2256 1468 2327 ejus
1487 2256 1671 2311 inveniamur
1690 2255 1848 2324 justissima

1004 2344 1224 2413 examinatione,
1239 2346 1338 2416 quales
1354 2345 1419 2399 lacti
1438 2361 1537 2399 sumus
1549 2344 1580 2398 iu
1597 2344 1702 2399 lavacri
1720 2343 1847 2397 salutaris

1004 2433 1168 2488 felicissima
1183 2432 1419 2503 regeneratione:
1439 2439 1470 2488 ut
1488 2433 1549 2503 ejus
1564 2433 1773 2488 incarnationis
1789 2447 1847 2486 me·

1004 2522 1144 2577 dicanrine
1160 2522 1273 2584 imbuti,
1300 2522 1471 2577 sacrosancti
1495 2522 1599 2576 lavacri
1621 2522 1772 2576 ablutione
1786 2519 1843 2587 loti,

1004 2610 1188 2681 parcimoniae
1217 2610 1369 2664 devotione
1396 2608 1500 2675 ornati,
1536 2610 1570 2664 ad
1603 2614 1713 2664 aeterna
1744 2608 1845 2681 gaudia

1004 2699 1200 2769 perveniamus
1215 2698 1307 2753 illaesi.
1326 2699 1378 2752 Per
1394 2713 1479 2768 quem
1496 2696 1686 2767 majestatem.

1053 2892 1109 2964 (A.)
1124 2895 1238 2947 AEterne
1255 2893 1339 2946 Deus.
1357 2819 1451 2963 {iiiiii
1469 2819 1579 2946 bonitas
1592 2891 1742 2946 hominem
1755 2891 1844 2946 condi·

103 2980 299 3051 relinquentes
317 2979 469 3034 noxiarum
489 2979 621 3050 hydriam
645 2979 846 3050 cupiditatum,
871 2985 899 3033 et
921 2984 949 3034 te
970 2956 1056 3050 Cdit,
1087 2982 1199 3051 justitia
1231 2981 1387 3048 damnavit,
1420 2980 1615 3035 misericordia
1648 2981 1781 3035 redemit.
1809 2981 1841 3034 Te

104 3067 155 3138 qui
169 3067 233 3121 lous
248 3067 312 3123 vitae
327 3073 355 3123 at
369 3067 450 3140 origo
471 3085 501 3123 es
520 3068 666 3136 bonitalis,
690 3083 806 3137 semper
820 3066 950 3121 sitiamus

104 3161 132 3210 et
151 3156 328 3226 jejuniorum
349 3162 514 3212 nostrorum
541 3156 737 3212 observatione
760 3155 811 3210 tibi
836 3157 949 3227 placea-

103 3260 179 3301 mus.
195 3245 249 3301 Per
263 3262 361 3317 quem.

455 3331 604 3371 sinuare.

139 3423 200 3491 (A.)
228 3424 342 3477 AEterne
366 3423 448 3477 Deus.
479 3422 533 3487 Qui
558 3421 663 3493 jejunii
691 3420 950 3492 Quadragesimalis

104 3511 331 3565 observationem
345 3510 375 3565 in
389 3512 481 3581 Moyse
496 3513 524 3566 et
543 3512 603 3565 Elia
622 3510 767 3578 dedicasti,
785 3517 813 3564 et
832 3511 863 3564 in
888 3510 950 3564 uni·

104 3599 202 3671 genito
218 3599 286 3652 Filio
307 3605 367 3666 tuo,
392 3600 463 3671 legis
482 3606 511 3655 et
532 3600 749 3671 prophetarum,
766 3604 949 3653 nostrorum-

105 3705 162 3761 que
176 3689 307 3744 omniom
323 3690 444 3744 llomino
459 3690 612 3745 exornasti.
624 3691 713 3745 Tuam
727 3689 816 3762 igitur
826 3689 947 3745 immen-

104 3794 165 3833 sam
183 3778 342 3834 bouitatem
361 3779 504 3850 supplices
527 3780 716 3851 exposcimus,
743 3783 773 3832 ut
796 3779 876 3851 quod
900 3779 949 3834 ille

101 3867 165 3938 jugi
175 3867 354 3939 J'ejuniorurn
370 3859 525 3939 complevit
543 3869 770 3933 continuatione,
787 3885 838 3922 nos
851 3868 947 3922 adim-

103 3957 183 4027 plere
206 3957 351 4012 valeamus
369 3957 447 4013 illius
468 3958 558 4029 adjuti
574 3956 733 4028 largissima
744 3956 946 4024 miseratione3

103 4051 132 4100 et
144 4045 333 4116 adimplentes
348 4062 381 4100 ea
396 4063 460 4118 quae
475 4047 621 4118 pracepit,
637 4046 712 4101 dono
726 4045 873 4117 percipere
885 4061 948 4100 mc-

103 4149 218 4188 reamur
232 4149 296 4205 quae
310 4134 452 4205 promisit.
471 4137 523 4190 Per
538 4151 634 4206 quem.

293 4254 367 4295 holt.
386 4256 417 4295 lv
442 4255 473 4296 lu
497 4255 760 4303 QUADRAGBSIU.

139 4344 200 4411 (Α.)
218 4346 330 4398 AEterne
355 4346 438 4399 Deus.
461 4346 496 4400 Et
520 4349 546 4399 te
572 4348 735 4400 Creatorem
759 4345 888 4400 omnium
915 4345 951 4399 de

104 4433 256 4503 praeteritis
270 4432 408 4488 fructibus
428 4434 598 4505 gloriticare,
616 4440 645 4489 et
658 4434 693 4489 de
715 4434 819 4489 futuris
839 4432 951 4504 suppli-

104 4520 176 4575 citer
199 4536 327 4589 exorare,
346 4527 376 4576 ut
399 4538 465 4577 cum
484 4524 519 4578 dc
542 4524 684 4594 perceptis
705 4539 762 4577 non
787 4523 952 4577 invenimur

104 4609 222 4680 ingrati,
236 4610 271 4664 de
287 4611 479 4682 percipiendis
496 4629 552 4666 vion
572 4613 736 4682 judicemur
752 4612 878 4681 indigni;
902 4611 951 4665 sed

105 4698 232 4754 exhibito
248 4700 333 4755 toties
347 4702 469 4756 solemni
482 4702 603 4771 jejunio,
621 4718 686 4756 cum
697 4701 832 4757 subsidiis
847 4716 952 4769 corpo·

104 4789 212 4843 ratibus
227 4789 386 4858 profectum
405 4806 519 4862 quoque
541 4791 689 4861 capiamus
708 4791 881 4845 animarum.
900 4789 953 4842 Per

106 4873 208 4930 Christ.

450 4978 546 5019 saura
569 4980 605 5019 lt.

141 5051 198 5123 (Α.)
218 5052 330 5105 AElerne
349 5052 431 5106 Deus.
451 5054 484 5106 Et
500 5056 578 5105 tuam
600 5052 769 5122 suppliciter
790 5050 952 5105 misericor·

104 5139 180 5194 diam
195 5139 361 5209 implorare,
382 5144 415 5195 ut
429 5141 591 5195 exercitatio
610 5139 773 5193 veneranda
793 5138 895 5209 jejunii
912 5155 954 5192 sa·

105 5226 215 5295 luteris,
233 5243 284 5282 nos
300 5235 512 5299 apeccatorum
528 5235 691 5282 nostrorum
709 5228 828 5282 maculis
844 5243 952 5298 purga·

106 5319 150 5370 tos
162 5316 272 5380 reddat,
286 5323 315 5371 et
329 5317 365 5372 ad
378 5333 570 5387 supernorum
585 5317 689 5372 civium
705 5315 869 5370 societatem
888 5330 953 5386 per·

144 5502 157 5526 ¹
170 5495 281 5562 ambr,
296 5498 373 5551 bom.
391 5511 416 5552 u
433 5495 574 5564 Quadrup.

1004 3070 1153 3125 humiliter
1166 3086 1328 3135 exoramus,
1349 3074 1381 3124 ut
1396 3069 1469 3122 sicut
1482 3085 1533 3140 pcr
1548 3068 1665 3123 illicitos
1679 3069 1844 3140 appetitusa

1003 3159 1087 3213 beuta
1102 3159 1218 3229 regiona
1233 3158 1398 3224 decidimus,
1414 3157 1454 3212 sic
1468 3158 1504 3212 ad
1514 3163 1652 3212 aeternam
1664 3158 1787 3228 patriam
1800 3171 1843 3226 per

1002 3247 1204 3302 abstinentiam
1220 3249 1370 3302 redeamus
1388 3263 1394 3301 :
1409 3247 1506 3318 sicque
1519 3247 1686 3301 moderetur
1704 3251 1753 3301 tua
1767 3246 1843 3300 mise·

1002 3336 1113 3390 ratione
1128 3342 1228 3390 nostra
1245 3335 1397 3407 fragilitas,
1421 3343 1450 3389 ul
1472 3341 1501 3389 et
1522 3334 1698 3389 transitoriis
1719 3332 1841 3388 subsidiis

1002 3429 1101 3479 nostra
1116 3428 1292 3479 sustentetur
1314 3423 1481 3492 mortalitas,
1504 3429 1532 3478 ct
1551 3440 1602 3494 per
1621 3423 1764 3477 bonorum
1782 3439 1841 3493 ope·

1002 3530 1067 3569 rum
1083 3514 1261 3569 incrementa
1276 3513 1359 3567 beata
1377 3513 1543 3584 acquiratur
1561 3512 1776 3567 immortalitas.
1796 3511 1841 3566 Per

1003 3601 1157 3657 Christum.

1348 3703 1443 3744 asera
1466 3705 1511 3744 vr.

1037 3800 1152 3852 AEterue
1176 3797 1259 3851 Deris.
1289 3797 1342 3850 Per
1361 3796 1505 3850 Christum
1528 3795 1684 3849 [lominum
1709 3797 1836 3849 nostrum.

1002 3885 1056 3950 Qui
1069 3891 1111 3939 est
1130 3885 1204 3939 Deus
1220 3889 1355 3951 aeternus,
1376 3884 1422 3938 lux
1446 3883 1625 3951 iudeficiens,
1646 3883 1761 3937 ctaritas
1778 3895 1837 3935 seru

1002 3974 1124 4046 piterna.
1140 3973 1194 4038 Qui
1209 3972 1255 4027 hic
1270 3987 1405 4043 sequaces
1421 3988 1488 4026 suos
1508 3973 1538 4026 in
1554 3972 1617 4026 luce
1632 3971 1771 4042 precepit
1783 3983 1835 4023 am-

1001 4062 1111 4129 bulare,
1138 4065 1169 4114 ut
1184 4060 1274 4114 noctis
1289 4065 1404 4114 aeternas
1419 4061 1532 4114 valeant
1556 4059 1710 4130 caliginem
1733 4057 1835 4112 evadare

1002 4151 1080 4205 etad
1095 4149 1164 4205 lueis
1189 4148 1309 4219 patriam
1328 4147 1449 4202 feliciter
1475 4149 1635 4218 pervenire.
1657 4147 1713 4212 uui
1734 4161 1783 4217 per
1795 4144 1835 4196 hu·

968 4236 990 4291 D
1004 4240 1155 4293 militatem
1170 4242 1325 4308 assumptae
1338 4236 1527 4291 humanitatis
1541 4237 1679 4290 Lazarum
1694 4235 1780 4302 flevit,
1792 4243 1834 4302 pet

1004 4326 1162 4382 divinitatis
1188 4325 1348 4396 potentiam
1371 4325 1435 4379 vitre
1459 4324 1596 4379 reddidit.
1624 4325 1775 4395 Genusque
1791 4320 1833 4374 hu·

1005 4431 1135 4478 manum,
1163 4413 1323 4484 quadrifida
1343 4417 1524 4484 peccatorum
1549 4412 1627 4467 mole
1648 4403 1832 4477 obrutum,ad

1005 4505 1093 4559 vitam
1112 4503 1235 4558 reduxit.
1259 4504 1312 4557 Per
1338 4519 1423 4574 quem
1448 4502 1574 4575 petimus
1592 4501 1699 4573 jejunii
1719 4500 1832 4555 observa·

1004 4593 1084 4648 tioue
1099 4609 1115 4645 a
1130 4597 1312 4662 pcccatorum
1327 4596 1489 4645 nostrorum
1505 4590 1626 4645 nexibus
1639 4590 1720 4656 solvi,
1735 4595 1831 4642 aeterne

1006 4683 1071 4737 vitae
1085 4682 1213 4737 leticitati
1226 4681 1319 4747 reddi,
1331 4687 1360 4735 et
1380 4681 1411 4735 in
1427 4685 1591 4734 sanctorum
1614 4679 1734 4735 caetibus
1746 4687 1833 4732 conuu-

1007 4771 1121 4826 merari.

1353 4872 1506 4914 stenaro.

1041 4966 1103 5036 (Α.)
1121 4967 1242 5020 AEterne.
1266 4966 1350 5019 [leus.
1374 4964 1573 5020 Misericordia
1593 4963 1688 5023 dator,
1710 4966 1737 5016 et
1758 4957 1829 5014 totius

1007 5062 1105 5109 auctor
1124 5053 1270 5108 bonitatis.
1292 5053 1346 5117 Qui
1371 5052 1499 5124 jejuniis,
1522 5051 1702 5106 orationibus
1726 5055 1753 5104 et
1773 5049 1833 5102 elea·

1007 5142 1135 5213 mosynis
1168 5146 1351 5212 peccatorum
1396 5141 1524 5196 remedia
1560 5144 1588 5195 et
1621 5140 1760 5195 virtutum
1785 5147 1835 5190 ou·

1007 5231 1088 5285 nium
1105 5230 1207 5285 tribuis
1231 5231 1417 5284 incrementa.
1439 5231 1477 5284 Ta
1501 5228 1605 5283 humili
1625 5228 1774 5283 devotione
1787 5234 1837 5296 pre·

1008 5338 1118 5392 camur,
1133 5327 1166 5377 ut
1187 5322 1236 5393 qui
1253 5322 1287 5376 ad
1305 5323 1365 5376 haec
1380 5321 1490 5393 agenda
1509 5320 1731 5375 saluberrimam
1752 5308 1839 5373 dedisti
