3930 6098
607 260 709 318 tittittt
732 264 777 318 itit
798 260 922 319 vuinus
942 259 1117 318 aristonis

844 394 868 449 Α
886 414 896 441 ι
913 392 992 456 Quod
1008 391 1113 445 iactum
1130 396 1182 458 est,
1205 392 1234 444 in
1259 378 1319 461 ipso
1340 392 1395 445 rita
1414 395 1476 445 erat
1492 395 1580 461 (toan.
1611 407 1632 458 i,
1660 396 1697 462 3),
1716 387 1727 441 ἰ

311 393 424 448 CAPUT
444 393 491 447 lll.

255 534 380 575 unauna
403 533 559 575 secunus.

100 652 206 701 aterne
225 647 402 716 prescientia
421 650 446 698 ct
470 645 637 698 ordinationi
657 643 715 713 ejus
739 646 830 698 imme

294 717 384 770 bttiter
398 716 521 769 subsunt.

85 840 144 895 uda
159 840 259 910 regula
274 839 378 893 divine
393 838 580 908 prescientie
601 843 629 892 et
644 837 829 907 predestina-

85 933 128 983 εει
144 944 151 982 :
170 950 181 977 ι
200 928 273 983 Nihil
299 928 417 982 omuino
437 943 507 995 csse,
529 931 578 981 aut
598 926 695 992 inisse,
721 931 770 981 aiit
789 927 802 980 i
820 957 831 966 ·

93 1032 154 1072 esse
170 1016 296 1086 possein
313 1016 448 1085 operibus
464 1015 524 1081 Dei,
549 1031 614 1085 que
632 1015 691 1068 sive
711 1015 741 1068 in
760 1031 827 1069 con·

86 1104 164 1170 ‚siva
179 1104 207 1158 iii
227 1103 372 1173 regendis,
393 1103 450 1156 sive
474 1104 503 1156 in
526 1102 761 1157 consummandis
785 1102 829 1156 vel

85 1193 114 1247 lis
128 1192 264 1247 creaturis
279 1193 347 1263 agit,
363 1194 440 1262 qnod
456 1207 515 1244 non
536 1191 639 1262 ipsein
655 1208 706 1245 suo
721 1197 828 1246 eterno

84 1267 201 1351 oatqne
212 1279 322 1350 judicio
344 1282 372 1332 et
393 1278 531 1331 veraciter
545 1278 711 1348 prescierit,
727 1284 755 1333 et
774 1279 829 1333 im·

85 1373 127 1422 ter
140 1367 384 1439 preordinaverit.
401 1370 491 1437 Atque
508 1367 547 1420 ita
562 1382 648 1421 omne
663 1368 739 1437 qnod
756 1372 828 1422 tem·

99 1462 152 1522 est,
180 1456 409 1527 intemporaliter
432 1473 484 1511 sna
510 1457 688 1527 prescientia
710 1463 739 1511 et
751 1473 827 1527 pre·

84 1545 171 1598 itione
184 1544 329 1615 precedit.
347 1546 379 1599 Et
399 1560 485 1599 omne
505 1545 583 1616 quod
603 1546 632 1599 iii
647 1546 708 1614 ejus
721 1548 829 1599 eterna

85 1632 160 1686 entia
176 1639 204 1686 et
216 1632 470 1703 predestinatione
485 1632 654 1702 dispositum
671 1639 723 1697 est,
742 1633 826 1686 etiam

85 1736 112 1774 is
132 1736 192 1774 esse
215 1725 317 1791 potest.
344 1720 490 1791 Quidquid
513 1736 580 1774 vero
602 1720 642 1775 ibi
658 1720 826 1791 dispositum

85 1813 117 1874 st,
142 1825 291 1879 nunquam
317 1814 346 1863 et
370 1825 512 1880 nusquam
536 1825 597 1864 esse
624 1814 734 1878 potest;
756 1809 828 1863 nihil

85 1913 180 1952 emere
197 1899 238 1952 vel
254 1899 382 1962 fortuito,
400 1897 448 1952 sed
465 1899 562 1951 ornuia
578 1903 693 1952 eterne
710 1914 768 1952 sue
782 1915 828 1952 sa-

85 2003 97 2041 e
114 1986 231 2041 consilio
247 1993 275 2041 et
290 1988 401 2042 ratione
418 1987 492 2041 iacit.
512 2009 526 2037 ιι
545 1988 624 2041 Unde
639 1988 668 2040 in
685 1987 748 2056 ejus
763 1987 828 2041 lau-

91 2075 239 2129 verissime
262 2077 389 2130 dicitur:
409 2099 419 2125 ι
436 2076 539 2132 Omnia
563 2077 592 2130 iii
622 2077 762 2147 sapientia
786 2077 829 2131 ie-

85 2165 150 2219 ?sat.
173 2179 244 2231 ciii,
259 2165 315 2233 til.
332 2185 346 2213 »
371 2165 517 2219 Praecessit
536 2166 614 2218 enini
630 2166 692 2235 ejus
712 2165 830 2236 sapien·

85 2253 217 2306 ernaliter
238 2253 335 2306 omnia
360 2269 423 2322 que
446 2253 477 2306 in
500 2253 637 2307 creaturis
660 2254 732 2307 iacta
753 2259 828 2321 suut,

87 2348 127 2407 ut,
147 2341 206 2395 sive
225 2341 322 2395 futura
342 2347 409 2395 sunt
428 2342 635 2411 temporaliter.
660 2343 743 2396 Verbi
765 2358 830 2412 gra·

85 2429 187 2484 escivit
203 2445 262 2482 esse
285 2430 424 2483 mnndum
437 2429 577 2492 laturum,
600 2434 629 2483 et
648 2428 831 2498 predestina-

89 2533 150 2572 esse
167 2517 325 2583 iacturum
343 2517 487 2588 prescivit
502 2518 649 2572 hominem
664 2520 831 2587 creandum,

85 2606 248 2661 edestiuavit
269 2623 299 2659 se
322 2622 383 2659 esse
405 2612 591 2659 creaturum:
615 2607 757 2676 prescivit
778 2607 832 2661 liu·

85 2710 207 2765 ngeniis
224 2710 275 2764 per
289 2694 437 2747 hominem
458 2694 585 2764 primurn
605 2694 716 2766 lapsum
731 2696 831 2766 unige-

85 2782 111 2836 lii
125 2784 169 2836 sni
188 2783 328 2854 sanguine
344 2783 554 2850 redimendum,
571 2788 598 2837 et
618 2784 833 2853 predestinavit

85 2888 95 2924 ε
117 2872 342 2942 redempturum.
363 2893 373 2920 ι
392 2872 630 2942 Redemptionem
654 2873 730 2925 enini
753 2873 832 2927 misit

85 2976 157 3013 isiio
178 2961 265 3018 (Psoi.
288 2975 335 3026 cx,
354 2961 392 3027 9).
414 2982 424 3008 ι
446 2961 480 3013 Ει
498 2960 636 3014 veraciter
659 2960 714 3031 ipsi
734 2967 831 3014 canta·
852 2995 953 3066 oquin
968 3000 1121 3065 utrumque

85 3046 276 3102 iRedemisti
307 3048 338 3102 in
364 3049 480 3103 brachio
511 3055 560 3103 tuo
580 3050 719 3119 populum
747 3054 830 3102 tuum

89 3149 197 3202 cxxvi,
221 3139 297 3200 16).»
323 3137 467 3191 Presciiit
485 3137 588 3191 electos
607 3152 671 3190 suos
692 3137 727 3189 ad
747 3143 830 3190 eter-

85 3238 191 3291 egnnm
217 3240 300 3278 sirum
326 3242 386 3278 esse
407 3230 558 3291 i‘entiiros3
579 3225 722 3295 prescivit
742 3225 829 3279 etiam

85 3327 123 3364 ios
138 3312 167 3364 iu
184 3317 323 3366 eternum
346 3313 519 3382 supplicium
537 3313 701 3366 tradendos.
726 3313 758 3366 Et
777 3313 831 3366 hoc

91 3400 158 3470 quia
172 3401 290 3471 plenum
305 3406 347 3454 est
363 3401 569 3467 misericordia,
583 3400 829 3471 plenumjustitia,

85 3488 197 3542 stinavit
216 3505 246 3544 se
267 3489 462 3543 misericordia
482 3494 509 3541 et
523 3488 631 3557 judicio
648 3505 698 3541 suo
713 3504 773 3542 esse
786 3488 831 3542 ia-

85 3592 114 3638 i:
128 3579 202 3648 apud
230 3594 316 3648 quein
333 3584 383 3641 est,
401 3579 482 3648 juxta
501 3577 679 3647 Apostolum,
696 3596 710 3626 ιι
725 3583 831 3631 eterna

85 3671 134 3718 set
149 3668 284 3728 severitas
309 3668 394 3733 (llum.
420 3681 464 3731 iii,
481 3668 537 3733 tt),
555 3686 569 3714 u
591 3673 619 3719 et
633 3666 684 3735 ,cui
713 3665 831 3735 dignes

85 3767 117 3805 us
136 3752 261 3806 dicitur:
289 3753 537 3807 «Misericordiam
558 3759 587 3807 et
605 3753 747 3823 judicium
764 3769 830 3807 can·

86 3840 124 3906 bi,
147 3840 267 3893 Domine
286 3840 371 3908 (Psoi.
393 3855 420 3908 c,
443 3841 505 3910 li.»
531 3841 608 3894 Unde
633 3846 742 3894 constat
768 3857 830 3895 om·

85 3929 155 3998 quod
170 3929 199 3983 in
218 3935 369 4001 utramque
392 3935 511 3999 partem,
528 3931 683 3983 electorum
700 3930 832 3984 videlicet

85 4019 227 4082 roborum,
248 4018 304 4072 nisi
326 4033 425 4072 eorum
447 4019 489 4071 vel
514 4018 761 4088 glorificationem,
788 4021 831 4073 rel

85 4104 198 4160 itionem
211 4106 411 4176 justissimam,
428 4114 441 4139 ⁸
454 4108 634 4176 prescientia
644 4112 673 4161 ει
683 4109 831 4177 predesti-

85 4194 171 4247 iivina
187 4197 372 4264 precederet,
389 4210 537 4266 nunquam
557 4196 588 4248 in
612 4197 652 4250 eis
666 4196 728 4251 fieri
747 4203 832 4266 atque

1682 265 1733 315 sei

883 481 912 534 id
926 477 1069 535 estomne
1086 480 1187 548 quoda
1208 480 1298 534 Verbo
1319 485 1347 535 et
1370 495 1422 549 per
1444 481 1566 535 Verbum
1590 481 1639 535 liei
1657 500 1672 532 ιι
1689 482 1731 535 ta·

883 575 961 622 ctum
976 574 1020 623 est
1036 588 1046 616 ι
1064 569 1270 637 temporaliter,
1285 570 1345 638 jam
1362 574 1517 638 autequam
1532 570 1625 633 tieret,
1641 577 1727 624 eter-

884 658 987 711 naliter
1001 658 1031 711 in
1052 658 1155 711 eodem
1175 657 1265 710 Verbo
1286 657 1335 710 liei
1351 676 1365 707 ιι
1379 658 1436 711 vita
1457 664 1518 711 erat
1535 657 1549 708 ii
1567 675 1573 711 z
1602 659 1670 729 quia
1685 658 1731 712 vi-

883 746 987 800 delicet
1007 747 1100 817 ipsum
1123 745 1246 799 Verbum
1273 745 1319 798 [tei
1339 746 1447 810 vivens,
1466 747 1526 801 vita
1544 752 1596 809 est,
1613 753 1642 801 et
1669 748 1732 802 viva

883 835 1032 906 sapientia,
1061 842 1089 888 et
1118 835 1180 888 viva
1203 833 1287 898 ratio,
1313 839 1341 887 et
1364 834 1459 888 vivuui
1483 835 1646 900 consilinm,
1672 853 1730 907 qno

883 923 981 977 omnia
995 923 1055 977 suis
1070 923 1163 977 modis
1177 927 1207 976 et
1220 937 1272 976 suo
1288 922 1389 976 ordine
1403 922 1465 975 sieri
1482 927 1649 992 potnerunt.

1168 1042 1291 1083 ascanii
1314 1042 1443 1082 rcurii.

916 1117 953 1172 In
963 1118 1088 1187 operibus
1099 1119 1144 1171 ltei'
1153 1132 1229 1171 oniae
1237 1119 1392 1187 prestitum
1406 1121 1444 1170 cst
1453 1116 1687 1186 predestinatum.

916 1223 1011 1277 Tertia
1031 1223 1128 1294 regola
1149 1221 1252 1277 divine
1276 1221 1464 1294 prescientia}
1489 1227 1517 1276 ct
1540 1224 1728 1293 predestina-

882 1312 968 1367 tionis
983 1316 1035 1380 est,
1053 1333 1066 1361 ιι
1082 1311 1150 1384 qnia
1168 1312 1198 1365 in
1219 1313 1353 1382 operibus
1369 1311 1574 1382 omnipotentis
1588 1312 1647 1380 ,liei
1672 1328 1731 1366 non

881 1407 949 1456 sunt
967 1400 1022 1454 alia
1038 1401 1168 1471 prescita
1180 1404 1207 1454 ει
1222 1400 1278 1454 alia
1292 1400 1503 1471 predestinata,
1520 1400 1568 1454 sed
1585 1401 1725 1472 quidquid

881 1490 922 1544 ilii
942 1495 985 1545 cst
998 1489 1174 1560 prescitiim,
1191 1490 1259 1561 qnia
1276 1495 1368 1543 totuin
1383 1494 1426 1543 est
1442 1490 1550 1543 borium
1565 1494 1592 1542 et
1604 1490 1727 1559 justum,

881 1578 942 1633 sine
969 1578 1056 1633 dubio
1082 1582 1125 1633 est
1152 1578 1238 1633 etiam
1272 1578 1525 1650 predestinatumg
1551 1582 1579 1631 et
1608 1577 1730 1649 quiquid

848 1668 1129 1755 Bpredestinatnm,
1155 1667 1253 1737 utique
1277 1671 1305 1720 et
1330 1666 1504 1736 praescitum,
1528 1664 1597 1735 quia
1618 1667 1730 1735 prede·

883 1756 997 1811 stinatio
1013 1757 1074 1811 sine
1092 1756 1271 1827 prescientia
1285 1771 1346 1809 esse
1362 1771 1416 1808 non
1434 1758 1537 1825 potest.
1556 1775 1567 1802 ι
1586 1753 1731 1818 Quantum

883 1846 971 1916 igitur
992 1847 1029 1901 ad
1051 1845 1112 1917 ipsa
1129 1861 1218 1917 opera
1237 1845 1332 1899 dirius
1356 1845 1492 1915 pertinet,
1517 1843 1574 1896 sire
1600 1843 1732 1897 dicantur

884 1936 1024 2007 prescita,
1057 1937 1115 1989 sive
1142 1935 1274 1989 dicantur
1307 1933 1519 2003 predestinata,
1549 1930 1730 1984 tantumdem

884 2024 968 2090 valet,
994 2030 1022 2079 et
1041 2026 1170 2078 eamdem
1195 2022 1329 2094 exprimit
1351 2020 1528 2074 immobilem
1553 2019 1730 2073 firmitatem.

884 2114 952 2167 lude
966 2118 1008 2166 est
1024 2114 1102 2185 quod
1124 2114 1275 2184 Apostolus
1292 2110 1416 2183 qoodaiii
1439 2110 1499 2163 loco
1520 2107 1732 2180 prescientiam

885 2202 935 2256 nei
952 2201 1234 2271 predestinationeiii
1260 2202 1322 2271 ejus
1344 2200 1467 2270 intelligi
1484 2198 1581 2267 coluit,
1603 2198 1731 2252 abiait:

886 2311 899 2339 ιι
917 2290 976 2343 Non
1002 2289 1108 2360 repulit
1131 2291 1204 2344 licus
1227 2290 1342 2359 plebem
1368 2304 1460 2354 suani,
1482 2304 1567 2356 quam
1591 2285 1733 2358 prescivit

885 2377 969 2448 (ltom.
995 2393 1038 2443 xi,
1055 2377 1093 2449 2).
1117 2397 1130 2428 i
1154 2377 1183 2433 Si
1200 2377 1276 2431 enim
1301 2376 1460 2448 praescisset
1475 2375 1688 2438 tautummodo,
1705 2377 1733 2428 et

885 2482 942 2521 nori
964 2467 1205 2538 praedestinasset,
1229 2481 1411 2537 nequaqnam
1434 2481 1498 2518 eam
1520 2464 1631 2534 plebem
1649 2479 1731 2516 suam

886 2556 1006 2620 iecisset,
1032 2555 1081 2609 sed
1106 2555 1172 2626 quia
1194 2555 1234 2609 ita
1258 2552 1409 2626 prescivit,
1436 2557 1467 2606 ut
1493 2567 1556 2604 eam
1586 2550 1733 2604 verissime

885 2642 947 2712 ipsa
962 2643 1142 2714 prescientia
1161 2640 1388 2711 predestinaret,
1405 2638 1475 2709 quid
1505 2641 1547 2691 est
1562 2637 1638 2691 aliud
1655 2637 1733 2707 quod

886 2749 949 2788 eam
966 2733 1114 2804 prescivit,
1129 2731 1184 2784 nisi
1201 2729 1268 2800 quia
1289 2745 1353 2783 vere
1375 2733 1403 2782 et
1423 2727 1643 2781 immutabiliter
1657 2741 1733 2796 prie-

887 2818 1057 2875 destinavit‘l
1072 2822 1117 2877 Sic
1132 2834 1199 2889 ergo
1218 2820 1247 2870 iu
1269 2816 1511 2887 preordinatioue.
1527 2816 1683 2868 electorum
1699 2813 1734 2868 ad

887 2909 984 2973 vitani,
1002 2912 1029 2961 et
1045 2906 1074 2958 iii
1089 2904 1328 2976 preordinatione
1345 2903 1531 2972 reproborum
1548 2903 1582 2955 ad
1599 2905 1732 2968 mortem,

1140 2992 1248 3062 justum
1264 3008 1336 3062 opus
1359 2991 1409 3045 Dei
1428 2996 1481 3054 est,
1499 2991 1572 3042 sicul
1586 2988 1735 3042 Psalmista

886 3090 1013 3151 testatur,
1036 3083 1157 3137 dicens:
1180 3082 1303 3135 itiistns
1323 3080 1461 3134 Dominus
1480 3079 1509 3131 in
1530 3077 1664 3131 omnibus
1680 3077 1734 3130 riis

886 3175 987 3227 suiset
1009 3176 1124 3226 sauctus
1144 3170 1174 3224 iii
1195 3169 1330 3241 operibns
1346 3168 1404 3222 suis
1422 3168 1502 3234 (Paul.
1521 3181 1627 3230 cxiii,
1648 3166 1701 3235 tt),
1720 3184 1732 3218 i

886 3277 936 3314 nec
952 3259 1131 3332 prescientia
1154 3259 1215 3328 ejus
1234 3258 1295 3310 sliie
1315 3255 1569 3327 predestinatione
1590 3270 1642 3307 nec
1658 3268 1733 3324 pre-

887 3347 1039 3402 destinatio
1055 3345 1116 3400 sine
1133 3345 1310 3417 prescientia
1320 3345 1443 3416 intelligi
1456 3349 1559 3415 potest,
1577 3342 1645 3413 qnia
1659 3341 1735 3395 istud

883 3438 993 3508 justum
1009 3441 1060 3503 est,
1077 3440 1104 3488 et
1120 3441 1229 3488 rectum
1248 3451 1319 3504 opus
1333 3450 1427 3501 snum,
1450 3439 1477 3488 et
1500 3448 1565 3486 vere
1580 3430 1734 3502 prescivit,

884 3531 912 3580 et
923 3524 1101 3597 presciendo
1115 3523 1191 3594 juste
1206 3522 1429 3593 predestinavit.

1168 3663 1288 3703 necitis
1311 3663 1449 3711 nutura.

886 3758 1051 3823 Bouooperc
1068 3755 1260 3822 principaliter
1277 3754 1325 3805 liei
1342 3757 1415 3815 sunt,
1436 3751 1483 3806 sed
1508 3755 1534 3805 ct
1557 3753 1645 3820 ipsius
1660 3764 1735 3803 creo-

922 3826 1089 3950 {gamm
1114 3826 1199 3878 sottus
1212 3831 1342 3876 creature
1354 3824 1414 3877 ideo
1433 3825 1571 3891 praescita,
1589 3837 1643 3876 uon
1659 3834 1735 3889 pre·

922 4021 1027 4085 Quarta
1046 4017 1145 4088 regula
1166 4024 1208 4072 est
1229 4017 1356 4087 ejusdem
1381 4015 1568 4086 prescientie
1584 4019 1612 4066 et
1627 4013 1734 4084 prede

887 4108 1050 4163 stinationis
1070 4108 1167 4176 quod:
1186 4107 1279 4159 allec
1298 4106 1355 4159 duo
1378 4104 1407 4156 in
1428 4104 1562 4173 operibus
1584 4102 1732 4156 rationalis

886 4204 1023 4252 creature
1048 4201 1076 4250 et
1097 4195 1228 4249 distincte
1250 4199 1278 4247 et
1302 4193 1452 4263 conjuncte
1469 4190 1590 4260 intelligi
1604 4193 1732 4259 possunt,

85 4283 136 4337 leri
152 4287 256 4353 posset.
274 4284 353 4339 Sicut
368 4283 440 4337 nihil
455 4283 573 4336 omnino
588 4283 618 4336 in
633 4285 770 4353 operibus
784 4285 829 4338 di·
849 4290 871 4342 n
888 4288 956 4356 qnia
972 4284 1078 4339 scilicet
1093 4282 1221 4352 ejusdem
1236 4287 1373 4336 creature
1390 4297 1478 4351 opera
1493 4279 1550 4334 alia
1565 4283 1632 4332 suut
1648 4277 1733 4343 lione,

85 4387 132 4425 sse
148 4377 241 4441 potest
263 4372 339 4442 quod
363 4387 421 4425 non
443 4371 484 4425 ibi
505 4373 690 4442 precesserit.
715 4372 756 4427 Ad
778 4373 832 4427 lioc

90 4460 155 4513 liter
169 4465 197 4513 et
212 4461 373 4515 sublimiter
389 4462 595 4514 insinuandum
613 4462 739 4530 pertinet
753 4464 830 4532 quod

85 4562 141 4602 irno
157 4552 186 4602 et
201 4549 349 4619 unigenito
368 4549 461 4604 Verbo
482 4549 533 4603 Dei
552 4550 728 4619 evangelista
751 4552 829 4605 dicit.

888 4375 943 4427 alia
956 4375 1040 4427 mala.
1056 4373 1089 4425 lit
1100 4371 1167 4442 quia
1184 4370 1258 4424 bona
1272 4386 1359 4440 opera
1375 4371 1415 4424 ita
1436 4374 1502 4423 sunt
1517 4368 1607 4438 ipsius
1621 4371 1734 4419 creatu-

887 4479 937 4526 re,
955 4466 985 4514 ut
997 4462 1054 4514 sint
1068 4466 1197 4525 omnino,
1214 4461 1227 4502 b
1243 4459 1439 4529 principaliter
1452 4464 1480 4512 et
1492 4458 1629 4511 veraciter
1645 4469 1733 4524 opera
1750 4487 1751 4490 =

887 4548 1038 4614 Creatoris,
1056 4565 1070 4598 ιι
1088 4548 1139 4617 qui
1158 4552 1294 4617 operatur
1313 4545 1343 4598 iu
1361 4560 1395 4598 eii
1411 4549 1439 4599 et
1459 4544 1530 4598 velle
1551 4547 1580 4597 et
1598 4543 1735 4612 perticere

512 4705 614 4759 NOTAE
634 4706 795 4759 nutritii
814 4703 985 4761 nocionis
1003 4700 1200 4758 sonnonici.

85 4830 150 4879 ocet
174 4827 455 4896 predestinatiouem
483 4833 512 4881 et
535 4828 745 4896 prescientiam
767 4834 830 4882 lan·

86 4898 220 4950 invalere
241 4900 313 4951 circa
332 4901 436 4952 bonum
454 4906 564 4952 tautum
582 4902 656 4968 quud
673 4917 688 4952 a
707 4902 762 4953 lieo
778 4907 830 4967 est,

85 4983 170 5020 umen
186 4979 285 5021 contra
299 4971 437 5023 Joaiiiieiii
455 4971 604 5039 Erigeuam
623 4972 760 5024 acerrime
786 4987 832 5024 ar-

85 5053 144 5091 :um
160 5040 339 5108 prescientia
355 5045 444 5093 multo
465 5042 548 5093 latius
569 5048 672 5111 pateat,
693 5047 735 5095 est
754 5042 832 5095 enini

85 5125 125 5162 im
151 5118 178 5162 et
205 5110 366 5178 muloroiu3
393 5113 606 5180 praedestinatio
632 5129 697 5164 iero
723 5113 833 5165 solum-

99 5181 252 5234 bcnorum.
279 5181 380 5233 iteruin
406 5183 428 5233 si
453 5189 560 5235 attente
580 5182 702 5251 legatur,
724 5183 832 5252 liquido

85 5252 93 5300 ι’
110 5251 250 5304 constabit
269 5266 332 5304 eam
353 5251 444 5304 soluui
464 5253 499 5306 de
519 5256 698 5322 prescientia
718 5254 828 5307 divino·

85 5336 192 5390 perum
211 5336 307 5391 agere,
328 5338 384 5392 quo
406 5338 489 5375 sensu
511 5324 726 5392 predestinatio
749 5339 830 5395 eque

85 5396 151 5456 itet3
172 5391 212 5445 sic
230 5393 307 5446 enim
327 5393 390 5446 ait:
411 5393 443 5447 lu
463 5395 596 5464 operibus
624 5396 831 5465 omnipotentis

85 5476 110 5515 in
127 5469 194 5517 snut
215 5463 270 5517 alia
290 5465 419 5535 praescita
433 5469 461 5519 et
476 5465 531 5518 alia
547 5465 769 5536 predestinata:
788 5464 831 5518 vel

86 5531 158 5586 aelle
172 5538 285 5588 tantuin
299 5535 349 5588 illa
364 5534 419 5590 duo
435 5536 556 5606 equalia
572 5552 632 5590 esse
649 5536 759 5590 ratione
774 5534 831 5588 ini·

888 4827 1054 4882 mobilitatis
1078 4825 1166 4879 divini
1185 4823 1313 4889 consilii;
1330 4823 1406 4894 quod
1423 4823 1499 4877 enim
1514 4838 1530 4876 a
1550 4823 1606 4875 [teu
1632 4821 1732 4886 semel,

887 4908 929 4953 est
945 4900 1105 4969 praescitum
1123 4912 1181 4949 non
1199 4896 1294 4949 uiinus
1307 4894 1496 4948 infallibiliter
1510 4892 1631 4957 eveniet,
1647 4907 1734 4960 quam

887 4971 963 5040 quod
980 4970 1065 5021 semel
1081 4975 1124 5020 est
1139 4968 1382 5036 predestinatum.
1407 4967 1438 5018 Et
1454 4966 1514 5016 hec
1530 4965 1670 5033 posterior
1687 4978 1732 5016 ex·
1818 4967 1822 4976 '

886 5040 990 5112 positio
1007 5037 1097 5106 magis
1113 5043 1155 5090 ost
1170 5037 1204 5090 ad
1218 5042 1340 5090 mentem
1352 5035 1484 5088 auctoris.

922 5112 1037 5164 bearna
1053 5111 1204 5178 legendnm
1225 5116 1267 5160 cst
1286 5106 1363 5178 quod
1382 5107 1449 5160 dicit
1470 5105 1544 5158 bona
1564 5119 1652 5170 opera
1674 5119 1734 5158 esse

887 5183 1004 5234 omnino
1032 5181 1228 5250 principaliter
1256 5183 1284 5230 et
1308 5177 1445 5230 veraciter
1467 5175 1557 5243 ipsius
1581 5175 1732 5229 Creatoris.

884 5253 941 5307 lsta
961 5250 1038 5304 enirn
1055 5249 1192 5320 particula
1206 5251 1314 5302 omuino
1327 5264 1385 5301 non
1402 5247 1485 5301 debet
1501 5244 1612 5298 divisim
1628 5264 1645 5297 a
1659 5247 1736 5313 prin-

884 5323 1009 5392 cipaliter
1032 5323 1133 5391 accipi,
1158 5320 1205 5374 sed
1225 5321 1418 5388 coniunctim
1448 5318 1530 5388 quasi
1553 5316 1622 5369 vetit
1645 5315 1735 5370 Deum

886 5395 1016 5446 omnium
1036 5393 1176 5446 bonorum
1202 5405 1321 5460 operum
1342 5405 1402 5442 esse
1425 5403 1540 5442 cansam
1560 5386 1736 5458 precipuum

886 5480 935 5518 seu
952 5463 1134 5534 primariam3
1147 5477 1204 5514 non
1225 5467 1321 5514 tamen
1343 5465 1495 5531 propterea
1516 5458 1641 5513 excludit
1656 5474 1736 5513 crea-

885 5540 981 5589 turam
994 5534 1152 5589 humanam
1175 5546 1225 5585 seii
1244 5531 1367 5585 liberum
1388 5530 1551 5597 arbitrium,
1581 5530 1658 5601 quod
1683 5545 1735 5585 suo
