3930 6098
129 268 179 322 505
865 296 870 306 .
906 263 1102 320 EPISTOLAE.
1835 268 1885 321 506

130 403 227 473 plures
243 417 382 467 assumas,
396 404 424 455 et
439 400 516 455 velut
530 414 621 471 equus
635 398 757 454 infrenis
771 397 879 468 passim
892 397 976 454 lemi—
996 396 1138 465 Abuerit,
1161 397 1342 452 concluditur
1358 414 1364 451 ι
1393 403 1443 452 aut
1470 414 1527 452 non
1553 397 1577 452 si
1597 405 1730 454 mortuus
1755 400 1842 472 (quod
1864 400 1888 455 si

129 489 240 545 nalium
264 488 397 545 aviditate
419 488 450 543 in
483 487 594 543 diversa
611 486 729 554 feraris3
754 487 803 542 ubi
828 486 981 557 lupanario
1036 492 1153 542 nonest
1175 492 1319 553 mortuus,
1335 486 1487 557 liliusejus
1504 487 1617 543 lisssias
1641 503 1699 542 non
1717 487 1781 557 erit,
1806 488 1887 559 cuius

130 594 209 635 more
225 577 345 633 libidine
367 575 489 642 satieris,
503 580 532 631 et
552 576 625 631 maie
647 575 793 646 castigata
818 575 981 630 voracitatis
1035 579 1102 645 post
1125 582 1248 630 mortem
1272 575 1439 646 predicitur
1457 578 1564 645 ortus);
1586 580 1636 631 sut
1655 576 1733 632 enim
1753 581 1887 634 mortuus

131 666 263 723 sordibus
282 664 455 738 inquineris,
474 670 560 737 atque
575 664 802 719 concubinarum
820 663 981 719 incestuoso
1036 668 1087 731 est,
1118 668 1148 719 et
1172 664 1264 719 lilium
1285 679 1344 717 non
1368 663 1499 730 habebit;
1521 669 1570 718 aut
1593 680 1653 719 non
1677 669 1720 719 est
1742 669 1884 730 mortuus,

130 755 247 809 tramite
267 753 418 825 sagineris.
443 753 500 808 Cur
525 758 553 807 et
577 752 664 808 istum
685 756 714 808 et
740 752 823 807 illum
844 754 980 809 seculum
1035 756 1065 807 et
1092 752 1186 807 lilium
1212 752 1302 806 alium
1332 767 1339 805 :
1372 767 1438 806 nam
1474 768 1531 806 nun
1562 754 1690 808 llessiam
1719 753 1815 808 habet.
1846 755 1883 808 Ex

131 843 248 915 perdis?
267 844 312 898 vel
333 843 428 897 saltim
452 842 578 897 lucrifica
601 842 700 908 istum,
724 841 747 895 si
771 842 869 912 perdis
894 843 981 897 athe·
1036 858 1093 912 qua
1120 857 1232 895 summa
1261 840 1416 911 colligitur,
1439 856 1497 894 non
1522 840 1585 910 ejus
1610 842 1704 896 lilium
1730 858 1792 898 esse
1815 843 1884 898 Mes-

131 949 211 989 reum
229 933 323 990 illum.
343 933 504 989 Debueram
519 938 576 988 tute
602 932 726 987 vesaniae
745 933 836 987 multa
856 932 979 988 conscri—
1037 931 1122 984 siam.
1157 929 1240 985 Vides
1268 928 1425 984 secundum
1456 929 1607 984 historiam
1635 934 1714 984 tuam
1741 931 1882 987 corruisse

129 1022 211 1088 bers3
231 1022 292 1088 sed,
308 1026 379 1076 toste
404 1024 471 1087 Deo,
486 1021 571 1076 stiam
587 1021 622 1076 ad
642 1021 701 1076 haec
716 1037 805 1092 parva
826 1021 915 1077 invite
931 1021 979 1077 de-

132 1109 239 1165 scendi.
257 1111 332 1179 Non,
347 1116 379 1165 ut
391 1115 423 1165 tu
438 1109 519 1178 dicis,
536 1109 685 1165 doctorum
701 1126 832 1165 meorum
847 1109 980 1180 imperio,

133 1198 180 1253 sed
195 1197 335 1253 audiendi
353 1197 396 1252 tui
418 1197 548 1252 fastidio:
575 1198 799 1268 quiaquantum
812 1199 877 1269 plus
898 1204 927 1253 te
941 1199 982 1254 le·

1036 1019 1218 1074 sententiam.
1242 1018 1323 1083 Quod
1349 1018 1372 1072 si
1403 1017 1496 1073 {iliram
1519 1017 1607 1072 David
1636 1034 1703 1072 eum
1730 1019 1795 1074 ideo
1821 1035 1882 1075 esse

1036 1107 1192 1176 contendis,
1232 1107 1300 1179 quia
1328 1124 1361 1162 ex
1400 1107 1462 1178 ejus
1488 1123 1594 1178 genere
1620 1123 1688 1162 eum
1733 1107 1886 1164 oriendum

1036 1201 1193 1267 exspectas,
1220 1201 1313 1250 curet
1336 1195 1408 1250 mihi
1433 1211 1490 1251 non
1515 1195 1600 1251 liceat
1624 1196 1769 1252 Christum
1797 1197 1885 1253 David

133 1287 228 1358 gendo
254 1286 373 1341 auribus
396 1287 499 1352 sentio,
527 1291 607 1342 tanto
644 1286 767 1357 amplius
795 1303 841 1342 irie
866 1303 982 1358 peccare
1036 1285 1130 1340 lilium
1154 1284 1259 1353 dicere,
1286 1301 1319 1339 ex
1343 1284 1424 1354 cujus
1441 1284 1885 1357 manavitoriginelnamquod

132 1375 284 1432 condoleo.
1037 1375 1100 1446 ejus
1119 1390 1242 1445 regnum
1262 1378 1435 1445 perpetuum
1452 1389 1512 1428 esse
1529 1374 1719 1440 contendunt,
1736 1373 1842 1429 Christi
1855 1373 1886 1427 in

170 1467 213 1518 17.
241 1464 417 1519 Mulierem
444 1479 510 1534 quae
534 1463 565 1518 in
589 1465 647 1519 tine
671 1464 803 1535 Epistolae
823 1465 905 1532 texis,
932 1465 983 1521 ubi
1038 1480 1155 1518 omnem
1180 1467 1287 1518 laruam
1306 1464 1441 1518 virtutem
1457 1468 1574 1517 canunt.
1591 1463 1681 1528 Quem
1705 1463 1730 1518 si
1746 1467 1885 1534 perpetue

134 1551 223 1607 David
239 1567 360 1621 regnare
374 1551 406 1605 in
420 1555 594 1622 perpetuum
609 1551 660 1617 ais,
677 1551 782 1607 idcirco
797 1553 983 1624 responsione
1038 1568 1139 1606 eorum
1159 1552 1212 1606 iste
1238 1551 1324 1608 David
1348 1551 1520 1623 regnaverit,
1546 1567 1694 1623 nunquam
1719 1551 1884 1622 paradisum

133 1641 178 1695 vix
191 1640 306 1695 testimo
320 1639 451 1710 dignum,
467 1639 536 1712 quia
551 1639 710 1709 spiritalem
725 1640 813 1696 totius
827 1641 900 1713 legis
912 1658 984 1713 pra·
1003 1681 1023 1735 B
1038 1640 1146 1696 videbit
1161 1657 1167 1695 :
1185 1641 1254 1712 quia
1268 1655 1382 1711 semper
1395 1655 1453 1694 non
1463 1640 1493 1694 in
1508 1639 1642 1708 cmlestin,
1659 1639 1753 1695 sedin
1770 1645 1883 1695 terrena

133 1729 194 1784 dico
222 1733 342 1784 textum.
367 1730 420 1785 Sed
441 1727 590 1783 videamus
612 1730 683 1800 quid
703 1729 847 1785 devestra
862 1746 983 1785 conver·
1036 1729 1178 1800 regnavit.
1210 1729 1356 1799 conspicis
1379 1734 1493 1784 terrena
1516 1733 1553 1794 te,
1579 1734 1609 1784 et
1629 1729 1758 1799 peritura
1777 1734 1885 1783 sectere

133 1817 213 1873 sione
228 1819 372 1890 propheta
385 1818 480 1873 dicat:
496 1820 589 1884 Neque
600 1821 770 1888 polluentur,
789 1819 892 1890 inquit,
909 1822 984 1875 ultre
1036 1819 1173 1885 labentia,
1188 1825 1217 1872 st
1230 1818 1260 1873 in
1272 1818 1360 1872 finem
1377 1833 1428 1888 per
1443 1822 1590 1873 momenta
1602 1817 1713 1873 cunctis
1726 1817 1882 1888 vergentia,

133 1912 160 1961 iu
185 1908 279 1974 idolis
295 1912 321 1962 et
342 1912 371 1961 iu
394 1908 642 1962 abominationibus
665 1913 722 1963 suis
748 1909 854 1978 (Ezech.
878 1925 982 1976 xxxvu,
1036 1923 1094 1963 non
1109 1908 1247 1962 diuturna
1262 1907 1410 1978 potentiali
1425 1908 1528 1961 rubore
1542 1906 1677 1967 coelsstia,
1697 1905 1746 1961 sed
1759 1905 1883 1976 fragilia,

132 1997 185 2059 iil.
209 1997 285 2066 Ergo
303 1994 488 2067 perspicuum
505 2000 558 2063 est,
574 1997 651 2066 quod
667 2013 744 2051 nunc
756 1996 834 2072 idola
848 1997 982 2064 colitis,n
1036 1997 1143 2051 caduca
1170 2000 1198 2051 et
1219 1996 1342 2050 modica.
1371 1995 1443 2051 Cave
1467 2011 1503 2050 ne
1527 1995 1654 2068 serpenti
1678 1995 1718 2049 sis
1737 1995 1827 2061 cibus,
1845 2010 1885 2050 ns

132 2100 256 2157 quarum
279 2095 292 2120 ¹
317 2084 587 2139 immunditiaeluti
601 2085 689 2140 eritis.
706 2087 741 2141 Et
756 2092 787 2142 tu
809 2086 880 2141 mibi
897 2090 983 2143 testes
1035 2085 1130 2155 pulvis
1145 2085 1183 2138 sis
1198 2099 1215 2138 a
1231 2083 1303 2139 facie
1318 2089 1402 2139 terres
1417 2087 1573 2155 projectus,
1591 2084 1641 2155 qui
1656 2100 1778 2156 regnum
1793 2089 1882 2138 terre-

133 2173 252 2228 idoneos
272 2189 361 2244 super
376 2173 519 2229 Christum
536 2173 663 2239 deducis,
688 2191 722 2229 cx
739 2175 809 2246 ipsis
824 2192 897 2247 quos
914 2193 980 2247 pro-

134 2261 264 2333 pheticus
288 2278 383 2317 sermo
398 2262 535 2317 idolatras
559 2264 718 2334 appellasse
728 2280 785 2318 non
805 2265 917 2320 nescis?
933 2266 980 2320 Vel

135 2351 163 2406 iu
185 2352 241 2407 huc
255 2351 401 2420 erubesce,
417 2351 527 2406 infelix.
550 2352 658 2406 Cretera
674 2368 739 2422 qvtes
763 2360 925 2424 sequuntur
938 2354 982 2410 illi

135 2440 208 2508 perti
230 2443 396 2510 congruunt
419 2442 432 2483 b
454 2455 519 2510 qua
540 2455 592 2511 per
616 2441 752 2511 baptismi
778 2458 868 2514 aquas
889 2443 983 2498 lavata

135 2527 195 2596 tuit,
221 2544 310 2599 qnam
325 2528 473 2599 hueusque
487 2544 563 2598 aqua
579 2529 686 2583 munda
702 2530 795 2585 lavare
810 2532 956 2585 consuevit
972 2548 979 2598 ;

136 2633 190 2670 non
206 2617 250 2671 illl
265 2617 342 2686 parti
357 2631 421 2688 quse
439 2617 517 2671 velut
530 2632 596 2672 suss
611 2617 640 2671 in
655 2617 803 2672 volutabro
820 2619 872 2673 luti
885 2636 980 2674 crano-

1036 2190 1117 2240 num,
1134 2189 1193 2227 non
1207 2174 1320 2228 roelcste
1335 2172 1466 2245 inquiris.
1485 2175 1553 2229 Ossa
1566 2179 1660 2228 autem
1677 2189 1742 2245 quas
1757 2170 1884 2229 Ezechiel

1036 2263 1138 2318 domus
1161 2263 1246 2316 lsrael
1271 2262 1350 2329 dicit,
1372 2279 1437 2334 quas
1462 2267 1491 2317 ct
1513 2263 1651 2319 suscitare
1674 2263 1705 2317 in
1729 2261 1884 2318 novissimo

1035 2351 1121 2419 canit,
1151 2351 1216 2406 licet
1242 2352 1302 2422 jam
1322 2367 1356 2405 ex
1380 2352 1512 2423 partein
1534 2351 1650 2407 Domini
1673 2350 1884 2406 resurrectione

1035 2441 1132 2511 alique
1157 2439 1224 2495 inde
1250 2439 1324 2494 iacta
1348 2441 1484 2507 recolam,
1514 2444 1611 2494 tamen
1636 2439 1730 2494 adhuc
1754 2437 1885 2494 iacienda

1035 2530 1140 2583 iterum
1169 2529 1200 2583 in
1228 2529 1315 2582 linsm
1347 2529 1479 2582 omnium
1507 2528 1613 2583 dicant.
1643 2529 1703 2583 Non
1730 2527 1806 2600 quod
1833 2542 1884 2582 cos

1034 2618 1166 2672 inducam
1184 2618 1280 2672 denuo
1295 2618 1325 2672 in
1345 2622 1421 2672 terra
1436 2618 1678 2688 repromissionis,
1694 2617 1787 2672 sedin
1807 2622 1883 2671 terra

135 2722 187 2777 que
202 2721 233 2761 se
252 2705 350 2760 volvit.
369 2704 456 2761 David
470 2721 537 2760 vero
562 2711 707 2776 pastorem
721 2707 883 2777 parabolice
898 2709 979 2764 Chri-

134 2800 206 2850 stum
226 2793 380 2865 signilicat,
400 2794 446 2848 cui
469 2794 551 2866 regni
570 2795 637 2850 linis
654 2812 713 2850 non
730 2797 794 2851 erit.
816 2796 869 2861 Qui
888 2803 917 2852 et
933 2797 980 2868 gi·

131 2887 245 2954 gentem
261 2883 423 2950 etleonem,
440 2883 468 2937 id
485 2889 528 2938 est
548 2883 707 2951 diabolum,
724 2884 833 2954 occisit,
850 2891 879 2969 et
896 2902 980 2941 manu
1035 2884 1119 2953 (Psoi.
1136 2900 1211 2952 xxvi,
1236 2883 1291 2952 23).
1309 2886 1341 2938 Εῖ
1357 2886 1455 2956 utiquc
1471 2885 1568 2939 vivens
1584 2890 1646 2939 erat
1660 2885 1691 2938 in
1707 2889 1783 2939 terra
1804 2884 1880 2938 vivo-

130 2973 211 3037 sortis
234 2972 279 3026 vel
302 2971 491 3026 desiderabilis
514 2970 576 3025 tuit.
603 2971 684 3036 Quod
705 2971 730 3026 si
752 2973 839 3027 stulta
861 2972 979 3029 conten·
998 2985 1018 3039 c
1034 2990 1109 3039 rum,
1123 2973 1237 3044 quando
1248 2973 1334 3027 aliam
1345 2977 1494 3029 uiuentium
1510 2973 1679 3045 suspirabat.
1695 2971 1790 3028 Sancti
1805 2973 1882 3027 enim

128 3060 209 3114 bone
232 3058 322 3114 David
345 3074 503 3131 congruere
522 3059 632 3126 dicunt,
658 3061 794 3131 probent,
825 3062 866 3116 uti
892 3063 980 3118 David
1034 3078 1135 3116 omnes
1157 3061 1203 3116 hic
1221 3062 1368 3133 peregrini
1383 3067 1412 3116 et
1432 3061 1551 3117 advenas
1566 3078 1626 3117 essa
1641 3061 1797 3116 dicuntur:
1823 3077 1882 3116 non

125 3149 270 3218 majorem
302 3147 436 3202 omnibus
469 3148 589 3218 legunt?
625 3150 681 3202 hut
708 3149 856 3220 quomodo
890 3166 978 3222 super
1034 3150 1102 3221 quia
1117 3165 1271 3221 supernam
1287 3150 1436 3220 regionem
1450 3151 1573 3221 patriam
1589 3151 1728 3206 habentes
1743 3150 1777 3206 ed
1792 3154 1882 3204 terras

125 3236 245 3307 bloysen
267 3241 437 3305 potestatem
458 3237 599 3303 tribuunt,
615 3253 701 3309 quem
726 3239 865 3309 majorem
888 3240 979 3294 omni·
1033 3238 1137 3309 dilapsi
1163 3244 1239 3307 sunt,
1265 3239 1312 3294 sed
1332 3239 1400 3310 quia
1423 3255 1441 3293 a
1464 3245 1545 3312 patre
1564 3239 1694 3294 omnium
1717 3244 1745 3294 et
1765 3243 1881 3293 auctore

127 3322 184 3378 bus
206 3324 238 3378 in
265 3324 354 3379 lsrael
375 3325 471 3399 cuncti
496 3324 646 3381 inducunt.
676 3330 733 3382 Aut
755 3328 899 3397 quomodo
933 3329 980 3384 hic
1034 3328 1144 3383 sidereo
1174 3329 1266 3383 multo
1291 3333 1422 3399 tempure
1452 3329 1482 3383 in
1514 3329 1567 3384 hac
1589 3329 1662 3383 valle
1686 3328 1880 3400 lacrymarum

126 3412 219 3467 David
248 3417 343 3482 pastor
368 3413 542 3484 praedicitur,
559 3414 708 3470 cumalibi
731 3415 808 3470 lilius
831 3418 980 3472 essedica·
1033 3416 1208 3487 peregrinati
1225 3422 1302 3485 sunt,
1319 3433 1524 3488 noncorpore,
1542 3417 1878 3483 sodanimo,nccnatu·

124 3507 189 3568 tur,
218 3501 269 3556 nbi
297 3501 420 3557 dicitur:
449 3503 568 3569 Cumque
595 3505 738 3559 demicus
765 3521 825 3560 cum
848 3508 979 3576 putribus
1034 3505 1132 3559 raliter
1151 3505 1260 3571 animo,
1278 3505 1328 3560 sed
1350 3505 1492 3560 desiderio
1510 3511 1537 3560 et
1558 3506 1742 3560 amabilitatis
1766 3505 1879 3559 aliectu.

126 3593 197 3658 tuis,
221 3591 358 3645 suscitabo
382 3590 537 3645 delumbis
563 3595 618 3646 tuis
643 3592 683 3661 (Μ
701 3593 767 3660 Rep.
790 3608 838 3659 vu,
866 3594 919 3663 li).
948 3595 980 3649 Et
1072 3595 1113 3648 18.
1144 3594 1198 3648 Sed
1228 3594 1375 3649 videamus
1400 3595 1424 3648 si
1454 3596 1612 3649 secundum
1639 3595 1765 3649 litteram
1790 3597 1882 3665 potest

115 3684 207 3733 certe
229 3679 366 3734 Salomon
389 3695 448 3734 non
465 3684 532 3750 post
552 3687 674 3734 mortem
696 3681 757 3750 ejus
776 3681 813 3735 ab
833 3697 866 3736 eo
888 3687 980 3737 exstat
1033 3684 1107 3736 sture
1130 3687 1222 3736 vestra
1257 3683 1423 3752 promissio.
1442 3686 1552 3743 Factum
1580 3699 1633 3741 eos.
1657 3683 1761 3754 inquit,
1787 3683 1881 3736 idest

116 3768 308 3837 progenitus,
324 3768 375 3822 sed
389 3768 477 3822 etiam
489 3773 554 3823 ante
569 3768 679 3823 obitum
694 3769 755 3840 ejus
771 3769 803 3824 in
818 3785 907 3841 regnu
924 3772 979 3826 ele·
1031 3770 1157 3836 Juuoeos,
1176 3774 1206 3824 in
1229 3775 1335 3839 pentem
1359 3787 1442 3826 uuum
1464 3773 1570 3838 (dasch.
1590 3788 1694 3840 xxxvu,
1719 3774 1777 3840 21).
1802 3771 1879 3824 Nun·

111 3858 201 3911 ctus.
234 3856 378 3926 Prospicis
406 3873 568 3912 sermonem
593 3858 794 3928 propheticum
819 3859 979 3930 anigmati-
1033 3858 1102 3928 quid
1132 3857 1161 3911 in
1190 3857 1323 3927 gentibus
1351 3865 1433 3913 erant
1459 3858 1562 3913 divisi?
1586 3859 1617 3913 lit
1640 3858 1784 3930 quomodo
1811 3857 1880 3911 alibi

110 3958 194 3998 eum
219 3960 293 4013 esse,
308 3952 337 4001 et
352 3961 411 4000 non
424 3950 480 4000 tua
495 3947 645 4001 sententias
660 3947 843 4002 concordare.
867 3949 937 4002 Nam
955 3948 978 4003 si
1033 3946 1124 4001 dicit:
1146 3950 1182 4001 Et
1205 3951 1386 4016 interpretes
1410 3964 1463 4002 nort
1486 3949 1660 4017 reputabitur
1685 3946 1777 4018 (Nutu.
1798 3962 1878 4012 xxm,

107 4031 165 4086 de
181 4033 297 4089 renibus
314 4034 402 4089 David
418 4035 513 4098 fuerit,
527 4039 639 4089 constat
654 4036 741 4091 David
753 4052 819 4091 eum
835 4052 893 4090 non
906 4053 976 4104 esse,
1033 4035 1079 4104 ill?
1102 4035 1131 4091 si
1156 4036 1248 4090 adhuc
1271 4036 1302 4090 in
1323 4036 1381 4091 iius
1405 4041 1489 4090 errant
1504 4037 1533 4090 in
1559 4044 1715 4107 uergente
1738 4034 1877 4098 conversi,

103 4122 178 4176 ssd
205 4122 294 4177 alium
316 4123 366 4193 qui
389 4123 450 4193 jam
473 4124 508 4177 de
535 4123 631 4178 cinere
653 4129 682 4178 et
701 4125 860 4194 putrefacta
883 4126 978 4181 lavilla
1031 4123 1176 4194 quomodo
1196 4123 1308 4177 suntin
1327 4124 1430 4178 multas
1450 4124 1568 4194 partiti?
1591 4123 1748 4194 Sequitur:
1778 4124 1811 4176 at
1830 4137 1880 4176 rea

103 4214 273 4281 exsurget,
293 4210 426 4265 existere.
447 4211 527 4277 Quod
546 4212 570 4266 si
587 4212 648 4282 jam
667 4219 767 4267 natum
787 4229 853 4268 eum
874 4215 976 4269 asseris
1032 4217 1084 4266 etv't
1103 4229 1175 4266 uuus
1196 4214 1330 4274 omnibus,
1364 4217 1390 4267 el
1418 4230 1472 4268 uon
1497 4218 1577 4268 erunt
1607 4215 1682 4268 ultro
1705 4213 1766 4267 dua
1787 4216 1892 4280 pentes¹

104 4310 200 4365 esse,
216 4299 263 4354 dic
277 4299 349 4354 mihi
363 4298 412 4353 ubi
430 4299 485 4353 boo
498 4299 609 4370 legisti;
625 4305 654 4354 et
668 4299 740 4355 sicut
757 4305 867 4371 patrem
885 4302 972 4356 David
992 4300 1136 4369 D(Ezeclv.
1159 4316 1261 4363 xxxvii,
1288 4301 1344 4371 ⁸23).
1361 4302 1434 4372 Ergo
1451 4302 1511 4355 sula
1525 4301 1612 4356 lsrael
1637 4301 1701 4362 erit,
1722 4306 1751 4354 et
1774 4300 1878 4373 quibus

105 4386 268 4450 ostendis,
291 4386 331 4441 ita
353 4392 381 4441 et
394 4391 516 4442 matrem
532 4388 642 4442 edicere
661 4388 758 4444 debes.
774 4389 854 4454 Quod
878 4390 901 4443 si
917 4407 977 4443 nia·
1031 4388 1196 4444 dominetur
1210 4405 1269 4445 non
1285 4389 1419 4445 babebit:
1440 4395 1489 4444 aui
1503 4391 1580 4444 enim
1595 4396 1666 4445 tunc
1681 4389 1771 4445 Judaei
1783 4387 1879 4443 cuncti

107 4472 206 4528 hem
220 4474 390 4544 nonhabet,
406 4475 482 4530 iilius
498 4475 586 4531 David
610 4492 669 4530 nou
684 4477 760 4531 erit:
777 4475 918 4548 quianon
935 4481 977 4531 est
1030 4478 1120 4532 futuri
1142 4481 1237 4544 erunt,
1258 4479 1363 4549 quibus
1386 4478 1440 4534 iste
1462 4479 1602 4550 promissa
1626 4484 1703 4541 sunt,
1732 4483 1762 4533 et
1783 4479 1880 4532 nullus

105 4557 206 4616 filius
228 4562 312 4633 cujus
326 4569 494 4620 maternum
509 4564 590 4620 deest
609 4565 747 4632 officium,
764 4571 794 4620 et
808 4581 894 4637 quem
915 4567 976 4620 vul·
1029 4565 1194 4620 incredulus
1220 4581 1254 4620 ex
1283 4566 1418 4637 gentibus
1443 4567 1614 4633 remanebit,
1645 4573 1696 4621 aut
1718 4571 1793 4621 certe
1818 4567 1879 4621 brec

103 4655 173 4704 Vre
191 4666 250 4706 non
270 4650 379 4720 beJulat
393 4652 488 4719 sinus;
503 4658 552 4708 eut
568 4652 644 4708 enim
665 4653 753 4709 David
770 4658 822 4722 est,
846 4659 875 4709 et
896 4669 974 4710 mor·
1030 4654 1174 4709 sententia
1192 4655 1301 4709 lirma⁰
1321 4670 1382 4710 non
1396 4655 1461 4711 erit.
1483 4655 1637 4727 Sequitur:
1653 4658 1706 4714 Nec
1722 4656 1880 4710 diuideretur

116 4735 198 4791 tuus
219 4754 278 4794 non
307 4744 372 4795 est:
402 4741 479 4811 quod
507 4741 531 4795 si
559 4747 691 4797 mortuus
713 4747 766 4809 est,
790 4742 895 4815 ligatus
917 4759 975 4797 non
1030 4743 1151 4812 amplius
1170 4747 1200 4797 iu
1217 4743 1381 4812 duoregno,
1399 4744 1427 4799 id
1443 4749 1485 4798 cst
1500 4745 1530 4798 in
1545 4745 1631 4799 lsrael
1647 4745 1772 4811 etluda,
1792 4759 1879 4810 neque

116 4830 196 4879 est:
219 4827 345 4898 quodsi
368 4828 473 4899 ligatus
494 4834 546 4895 est,
572 4829 659 4885 David
684 4837 812 4886 nonest.
839 4831 867 4887 Si
889 4833 974 4887 David
1027 4833 1188 4900 polluentur
1210 4834 1328 4903 amplius
1354 4837 1384 4886 lu
1407 4834 1488 4888 idolis
1511 4838 1569 4888 suis
1590 4834 1682 4903 (ibid,
1709 4834 1764 4902 22).
1795 4831 1878 4886 l'ides

121 4907 204 4968 filius
217 4921 269 4980 est,
294 4917 410 4987 quando
424 4933 490 4974 eum
505 4919 606 4988 genuit
619 4919 765 4991 inquirere
787 4936 901 4975 necesse
916 4925 971 4976 est.
1030 4923 1057 4974 te
1085 4920 1229 4974 idolorum
1260 4919 1415 4976 adhaesisse
1442 4922 1572 4987 culturis,
1601 4940 1618 4976 a
1643 4922 1746 4992 quibus
1768 4920 1798 4974 in
1820 4919 1878 4973 fine

125 4996 164 5054 Si
175 5004 248 5058 enim
263 5013 417 5076 antequem
433 5013 602 5062 moreretur.
620 5008 734 5064 hiessias
748 5026 806 5064 nun
821 5013 874 5076 est
889 5010 972 5080 cujus
1029 5009 1160 5063 omnium
1190 5009 1374 5065 rnundendus
1397 5010 1463 5064 eris.
1492 5011 1614 5065 adverte
1640 5009 1709 5082 quid
1737 5008 1822 5072 dicat,
1847 5011 1877 5061 iu

132 5091 260 5147 nativitas
289 5098 355 5164 post
382 5100 506 5151 mortem
534 5097 672 5166 praedicta
690 5103 743 5151 est
766 5097 885 5162 Quodsi
908 5103 976 5168 post
1029 5097 1336 5168 idolisnougeutium,
1346 5099 1480 5155 sedsuis.
1496 5101 1628 5154 Poteram
1645 5096 1877 5152 υηοεοῖεΜεεΙε-

139 5185 249 5237 morum
270 5188 423 5250 natusest,
440 5184 499 5252 ubi,
518 5191 567 5239 aut
584 5186 710 5257 quando,
729 5191 907 5257 autexqua,
931 5187 974 5241 vel
1029 5185 1078 5240 sias
1101 5201 1273 5256 opinionum
1289 5190 1404 5240 tuarum
1420 5187 1550 5242 rivulos
1544 5205 1573 5241 ur
1594 5190 1739 5240 momento
1754 5200 1874 5250 siccare

80 5249 250 5332 qualiter
275 5276 361 5326 natus
389 5277 441 5341 est,
470 5272 680 5345 inquirendum
708 5279 760 5355 esi.
788 5275 903 5331 Certum
930 5281 975 5331 cst
1029 5273 1077 5328 sed
1106 5279 1256 5329 contentus
1284 5291 1344 5342 cro,
1378 5280 1408 5331 et
1433 5276 1491 5330 tuis
1526 5281 1639 5330 tuntum
1669 5273 1877 5328 assertionibus

148 5356 205 5418 quod
219 5363 347 5413 mortuus
362 5358 455 5415 tilium
466 5360 574 5417 habere
590 5379 647 5418 non
662 5364 773 5435 possit
786 5365 900 5436 quod
879 5382 903 5419 ει
922 5366 974 5420 ha·
1028 5362 1219 5433 respondebo.
1246 5364 1328 5429 Quod
1354 5363 1377 5417 εἰ
1403 5380 1447 5417 me
1469 5363 1589 5416 ulterius
1612 5363 1813 5433 provocaveris
1840 5364 1875 5419 ad

1034 2712 1207 2773 sanctorum,
1234 2713 1311 2762 terre
1335 2707 1505 2775 viventium,
1527 2723 1615 2778 quam
1644 2706 1792 2777 suspirans
1811 2706 1884 2760 Pro-

1034 2797 1122 2866 pheta
1133 2795 1189 2851 ait:
1206 2797 1289 2852 Credo
1299 2796 1391 2851 uidere
1407 2798 1477 2851 bonu
1486 2800 1595 2852 Domini
1608 2800 1637 2850 in
1652 2801 1726 2851 terra
1735 2796 1882 2850 uiuentium

174 5479 221 5532 ¹F.
237 5497 395 5547 uquarum.

1064 5488 1135 5541 lds.
1142 5492 1250 5557 ,prauis
1266 5505 1320 5543 uun
1335 5495 1400 5542 erut.

175 5547 247 5614 tus„
263 5557 399 5620 congruit.
