3930 6098
605 236 713 295 LIBER
732 238 916 295 ADVERSUS
934 239 1088 299 GRAECOS.

1672 252 1724 307 7:54

75 363 152 429 elata
165 365 202 419 ait
215 366 366 431 universae,
388 374 416 422 et
430 384 572 425 canonum
590 372 663 427 serie
684 378 818 444 paterno·
838 375 1078 446 Allediolanum,
1095 381 1172 450 apud
1188 381 1363 450 llavennam,
1375 386 1450 454 apud
1474 384 1623 454 Sirmium,
1647 388 1723 458 apud

75 455 93 506 rt
117 453 270 525 multiplici
290 456 444 511 traditione
464 458 607 525 firmatur,
627 483 638 509 ι
656 466 710 516 etc.
734 477 821 534 usque

75 541 278 598 tasinteresse.

301 650 365 705 Car.
380 652 488 707 catha.

75 789 80 827 ι
99 770 129 826 iu
149 772 269 827 redditis
292 773 450 829 rationibus
470 775 545 831 inter
569 784 673 849 caetera
694 780 734 833 sic
753 780 822 836 dicit

91 862 132 927 ta,
155 861 193 915 od
204 862 377 934 Durrluaosl:
396 885 410 912 «
427 865 482 919 Nec
499 866 584 936 plane
600 871 727 921 tacemus
743 869 819 940 quod

86 965 139 1021 per
159 951 299 1005 mundum
326 953 404 1007 uovit
430 954 571 1022 Ecclesia3
591 957 729 1025 quoniam
748 973 819 1028 quo-

75 1044 107 1094 et
130 1040 420 1111 sententiis‚ligatum
448 1042 612 1112 pontihecrn
635 1045 716 1099 sedes
744 1045 820 1100 beati

75 1127 185 1199 apostuli
197 1127 244 1197 jus
258 1127 362 1182 haheat
374 1130 485 1195 resolvi,
498 1137 529 1184 ut
540 1136 607 1200 pota
617 1148 682 1203 quae
693 1133 728 1187 de
740 1134 818 1188 orani

75 1231 93 1269 a
107 1215 148 1270 ias
162 1215 267 1271 haheat
278 1217 437 1288 judicandi,
456 1234 551 1291 neque
567 1221 700 1293 cuiquam
711 1222 746 1277 de
757 1224 818 1293 ejus

77 1304 193 1360 udicare
204 1306 324 1375 judicio.
340 1307 487 1379 Siquidem
502 1310 535 1363 ad
553 1310 631 1364 illam
646 1311 680 1366 de
692 1313 820 1383 quelibet

82 1400 162 1465 parte
178 1411 301 1448 cationes
317 1397 456 1466 appellari
480 1399 633 1464 volaverint,
650 1399 685 1452 aiv
704 1401 752 1454 illa
767 1417 816 1455 au·

75 1498 127 1536 emo
144 1483 179 1536 sit
203 1484 347 1553 appellare
367 1485 532 1556 permissus.
558 1487 736 1559 Quapropter
752 1489 819 1543 satis

75 1573 234 1626 thracium
257 1572 365 1627 axillam
392 1575 526 1629 habuisse
554 1577 724 1646 pontificum
750 1594 818 1631 sen-

75 1660 180 1713 asedis
196 1662 370 1730 apostolice,
387 1664 448 1715 sine
472 1663 529 1718 ulla
549 1665 610 1733 ejus
629 1665 747 1720 notione
762 1683 793 1720 so

75 1764 152 1820 :qua
168 1755 244 1804 certe
257 1752 364 1820 synmlu
385 1751 437 1805 hoc
456 1752 503 1806 ille
524 1755 719 1824 praesumpsit,
742 1755 819 1825 quod

92 1837 200 1909 absque
223 1841 378 1909 apostolica
400 1841 466 1895 seda
493 1842 535 1896 ias
559 1842 675 1912 quidem
701 1844 820 1899 haberet

76 1926 102 1983 ti
120 1927 207 1998 Cujus
225 1928 298 1982 sedis
317 1930 490 1999 episeopus?
511 1931 598 2000 Cujus
614 1937 656 1986 cst
670 1938 818 2004 metropo-

80 2015 201 2069 ciritatis
222 2017 362 2070 antistas?
381 2034 478 2071 nonne
502 2019 644 2088 parochiae
666 2021 817 2074 Heracleu-

80 2104 168 2159 esic?
183 2104 227 2159 Sic
241 2105 283 2159 illi
304 2111 381 2160 certe
403 2105 482 2160 licuit
500 2107 561 2161 sine
581 2109 689 2178 synodo
703 2115 818 2163 seuten-

78 2192 225 2264 pastolicae
250 2193 325 2246 sedis
351 2194 530 2266 abrumpere,
552 2197 631 2249 nulla
658 2197 719 2265 ejus
747 2213 817 2251 cou-

79 2295 123 2334 me
138 2279 268 2351 quaesita,
283 2281 359 2335 itane
382 2297 448 2337 vero
466 2298 521 2336 non
544 2284 623 2337 licuit
641 2285 742 2354 prime
758 2285 818 2339 sodi

79 2367 208 2423 lonensis
222 2369 323 2440 synodi
334 2371 497 2432 constituta.
521 2370 593 2425 sicut
610 2372 715 2437 decuit,
736 2390 819 2427 exse-

105 2455 271 2527 hujusmodi
294 2459 543 2528 praevaricatorem
570 2476 622 2514 sua
649 2462 818 2515 alictaritatc

81 2545 141 2601 tre?
163 2547 216 2600 Sed
237 2562 288 2600 uec
310 2546 360 2601 illa
379 2548 569 2618 praeterimus,
595 2550 669 2619 qum
700 2555 818 2620 apuslo-

81 2634 118 2688 les
133 2634 307 2705 frequenter,
326 2641 357 2689 ut
370 2636 477 2690 dictum
493 2642 544 2703 est,
564 2653 642 2691 more
656 2637 819 2709 {majurum

82 2722 140 2777 sine
162 2723 221 2776 ulla
245 2722 352 2793 synodo
377 2724 567 2794 praecedente,
586 2727 633 2796 jus
652 2726 752 2780 habuit
772 2743 818 2781 ex·

83 2809 99 2864 'i
118 2811 196 2882 quod
217 2811 343 2882 synodus
360 2812 459 2884 iniqua
479 2813 674 2882 damnaverat,
694 2821 720 2869 al
742 2815 819 2870 dam-

87 2900 169 2954 nulla
196 2899 335 2954 existente
364 2901 470 2972 synodo
504 2918 576 2973 quos
601 2904 740 2974 oportuit,
767 2904 817 2958 ha·

84 2989 249 3043 acuitatem.
267 2988 376 3044 Sancte
397 2991 545 3045 memorias
561 2991 669 3064 quippe
688 2993 817 3046 Athana·

86 3078 198 3151 ynodm
231 3077 384 3134 orientalis
415 3079 573 3148 addixerat,
603 3097 688 3152 quent
723 3087 818 3136 tameu

86 3182 119 3221 ‚nx
148 3168 229 3222 sedes
250 3169 419 3239 apostolica,
446 3170 514 3240 quia
542 3170 717 3225 damnationi
742 3173 820 3227 Gras-

96 3272 155 3310 uun
182 3258 337 3323 consensit,
367 3259 498 3321 absolvit,
537 3264 641 3313 sanctae
673 3259 819 3314 memoriae

88 3343 158 3399 vinus
173 3347 313 3399 loannem
331 3346 680 3418 Corvstanliuupolitanum
694 3348 819 3420 synodus
873 3393 879 3403 .

88 3434 295 3488 catholicorum
326 3436 481 3504 praesulum
514 3441 589 3490 carle
623 3436 818 3505 damnaverat,

89 3521 157 3576 'cmiii
175 3522 259 3576 modo
276 3523 357 3577 sedes
378 3523 534 3595 apostolica
556 3524 642 3579 eliam
664 3526 734 3590 stila,
752 3527 818 3596 quia

90 3609 199 3670 rsensit,
216 3610 346 3664 absolvit.
362 3612 491 3682 llemque
507 3617 636 3666 sanctum
653 3613 818 3668 Flavianum

92 3712 140 3752 nm
154 3699 317 3754 Graecorum
329 3701 551 3770 congregatione
561 3700 741 3766 damnatum,
755 3717 819 3772 perr

101 3787 239 3858 qnoniam
255 3788 316 3842 sola
332 3789 412 3842 sedes
426 3789 582 3858 apostolica
594 3806 650 3842 urm
661 3790 816 3856 consensit,

92 3876 269 3948 ,potiusque
284 3876 334 3947 qui
354 3877 412 3931 illic
437 3883 567 3948 receptus
588 3878 681 3932 laverat
702 3878 817 3933 liiosco·

93 3965 189 4019 eundae
212 3965 287 4020 sedis
306 3967 459 4035 praesulem
479 3983 530 4020 sua
549 3966 716 4022 auctoritate
737 3967 817 4022 dam·

93 4057 110 4107 :t
123 4052 221 4124 impiae
240 4054 349 4124 syuodo
368 4070 425 4109 uon
441 4055 645 4110 consentiendo
667 4056 727 4110 sola
748 4056 817 4110 sub·

99 4146 128 4196 et
157 4148 188 4196 ut
214 4143 339 4213 synodus
365 4143 606 4198 Chalcedonensis
634 4144 725 4211 fieret,
758 4144 818 4198 sola

123 4230 162 4301 (iu
189 4247 246 4302 qua
274 4231 345 4286 sicat
371 4233 431 4286 sola
450 4233 498 4303 jus
524 4231 625 4287 babuit
651 4232 859 4303 absolvendip

97 4335 111 4373 s
134 4320 268 4391 synodica
296 4319 410 4374 decreta
439 4321 630 4391 perculerant,
661 4320 700 4375 sic
731 4321 816 4376 etiarn

96 4408 167 4462 nodo
196 4408 225 4461 in
257 4409 308 4462 hac
336 4409 438 4463 eadem
460 4425 545 4463 causa
568 4409 709 4480 plurimos
731 4411 816 4464 etiam

97 4495 206 4551 titanos
221 4496 372 4552 damnasse
393 4499 594 4569 cognoscitur).
611 4499 694 4563 Quod
713 4500 736 4552 si
753 4500 818 4570 quis

102 4585 258 4656 apostolica
276 4587 342 4640 seda
358 4588 401 4640 vel
421 4588 576 4641 secundum
599 4587 740 4658 synodum
755 4593 818 4642 acta

99 4672 162 4740 adit,
190 4681 296 4745 praeter
317 4675 394 4748 quod
410 4675 503 4745 prisca
526 4691 623 4729 rerum
647 4674 817 4746 probatione

99 4766 155 4833 tur,
171 4763 289 4819 iuterim
305 4764 397 4819 multo
414 4765 505 4836 magis
516 4764 616 4820 acacio
633 4780 691 4819 non
704 4763 817 4820 licuisse

100 4868 112 4908 ³.
126 4875 141 4902 u

324 4960 389 5016 Car.
409 4960 461 5016 CC.

102 5073 520 5145 iernGelasiusincisdempost
532 5090 623 5144 pauca
637 5089 644 5128 :
664 5094 678 5123 u
692 5073 818 5129 llisimus

103 5164 154 5219 uod
170 5164 387 5234 prerogativam
406 5164 505 5219 volvant
524 5162 626 5218 Acacio
645 5163 816 5233 comparari,

103 5268 201 5324 scopus
215 5252 303 5307 luerit
319 5253 404 5325 regiae
425 5252 557 5307 civitatis.
581 5251 716 5323 Nunquid
740 5251 816 5322 apud

107 5378 137 5433 iu
152 5379 209 5435 line
224 5380 351 5451 epistole
369 5382 502 5452 reperies.

105 5466 170 5504 vero
186 5450 215 5503 in
232 5451 302 5505 edit.
318 5453 470 5523 conjuncta
489 5451 600 5507 videbis
616 5469 680 5507 cum
698 5452 792 5507 verbis
809 5468 815 5506 ε

106 5525 243 5588 murum,
262 5538 358 5594 snpra.

877 464 1019 527 Tribcros,
1039 467 1136 521 multis
1162 470 1340 540 temporibus
1362 487 1421 526 nou
1445 473 1573 528 constitit
1597 474 1722 546 impera-

876 557 931 607 tor.
952 554 1088 627 Nunquid
1109 572 1175 610 nam
1199 558 1303 612 harum
1324 559 1441 614 urbium
1467 562 1629 616 sacerdotes
1648 563 1724 618 ultra

877 656 1040 697 mansuram
1056 643 1171 698 sibimet
1190 646 1349 717 antiquitus
1374 647 1550 720 deputatam,
1572 649 1724 722 quidpiam

875 731 935 785 suis
949 731 1138 804 dignitatibus
1154 736 1348 806 usurparunt?
1364 755 1378 786 s

1224 876 1289 932 Cae.
1306 876 1370 932 cul.

910 998 979 1053 item
1004 998 1080 1052 idem
1109 1004 1173 1071 post
1202 1016 1314 1071 pauca:
1335 1001 1390 1058 «st
1419 1007 1497 1056 certe
1528 1003 1563 1058 de
1581 1005 1723 1074 dignitate

874 1087 969 1155 agitur
981 1087 1138 1155 civitatum,
1155 1091 1287 1144 secunde
1312 1090 1387 1144 sedis
1405 1096 1434 1144 et
1454 1092 1546 1147 tertiae
1567 1093 1660 1163 major
1681 1099 1725 1148 est

873 1176 997 1244 dignitas
1011 1178 1202 1243 sacerdotum,
1228 1194 1315 1247 quam
1341 1179 1404 1249 ejus
1423 1179 1556 1247 civitatis,
1581 1197 1645 1252 quae
1666 1198 1724 1236 nan

873 1265 965 1319 solum
982 1264 1057 1319 inter
1079 1266 1161 1320 sedes
1176 1267 1296 1321 minime
1312 1274 1489 1334 numeratur,
1505 1270 1555 1323 sed
1577 1285 1629 1323 nec
1650 1268 1725 1324 inter

874 1353 1161 1423 metropolitanorum
1184 1357 1252 1425 jura
1273 1362 1415 1410 censetur.
1443 1358 1513 1411 Nam
1537 1357 1612 1428 quod
1629 1357 1723 1412 dicitis

873 1443 960 1513 regiae
975 1443 1104 1505 civitatis,
1123 1445 1179 1497 alia
1193 1451 1318 1513 potestas
1332 1450 1374 1498 est
1395 1446 1476 1516 regni
1495 1446 1650 1511 saecularis,
1668 1446 1724 1499 alia

873 1531 1127 1585 ecclesiasticarum
1150 1532 1313 1587 distributio
1333 1533 1516 1603 dignitatum.
1543 1534 1622 1589 Sicut
1644 1533 1721 1589 enim

796 1667 803 1719 Ι
838 1657 858 1710 Β
874 1636 1004 1691 quamue
1016 1635 1104 1690 parva
1119 1621 1217 1674 civitas
1232 1622 1452 1693 prerogativam
1477 1623 1627 1692 praesentis
1640 1623 1722 1691 regui

874 1725 934 1762 non
962 1709 1076 1775 minuit,
1105 1709 1145 1763 sic
1183 1709 1341 1780 imperialis
1375 1711 1527 1781 praeseutia
1558 1726 1723 1765 mensuram

873 1798 1092 1870 dispensationis
1118 1799 1260 1870 religiose
1285 1815 1342 1855 uon
1368 1807 1468 1855 mutat.
1488 1800 1529 1855 Sit
1555 1800 1632 1854 clara
1657 1800 1724 1854 urbs

873 1888 924 1942 illa
939 1892 1079 1958 potestate
1095 1888 1243 1958 praesentis
1258 1887 1382 1959 imperii,
1399 1891 1426 1942 ct
1444 1888 1543 1959 religio
1556 1887 1610 1942 sub
1621 1887 1723 1942 eodem

873 1981 941 2031 tuuc
958 1977 1050 2042 firma,
1070 1981 1139 2030 tunc
1161 1975 1260 2040 libera,
1282 1982 1351 2031 tunc
1379 1982 1511 2048 provecta
1535 1976 1676 2043 consistit,
1697 1976 1721 2030 si

873 2064 966 2136 potins
979 2064 1033 2120 hcc
1047 2070 1188 2135 praesente
1207 2066 1355 2136 propriam
1379 2070 1475 2119 teneat
1493 2065 1553 2119 sinc
1575 2065 1633 2119 ulla
1653 2080 1722 2136 pcr-

873 2152 1037 2208 lurbatione
1053 2169 1227 2208 mensuram.
1245 2175 1260 2203 »

1219 2298 1284 2353 Car.
1297 2296 1374 2352 cell.

910 2418 983 2473 ltem
1004 2417 1080 2473 idern
1102 2418 1133 2473 in
1157 2418 1215 2473 fine
1233 2419 1399 2473 rationum:
1419 2439 1430 2466 ι
1447 2418 1526 2473 Sicut
1548 2430 1601 2487 per
1625 2432 1717 2471 uuum

873 2506 1045 2562 scribentem
1060 2523 1160 2561 eorum
1176 2508 1305 2561 omnium
1322 2509 1436 2577 varlgata
1460 2505 1652 2577 transgressio
1669 2511 1721 2570 est,

873 2596 923 2666 qui
939 2596 968 2649 in
984 2597 1084 2650 eadem
1100 2595 1227 2667 perfidias
1241 2595 1400 2650 reciderant
1414 2594 1526 2649 actirvna
1543 2611 1549 2649 ι
1566 2594 1606 2647 sic
1621 2595 1650 2648 in
1665 2610 1723 2649 nno

873 2684 1032 2755 eodemque
1048 2684 1097 2754 qui
1114 2699 1165 2754 pro
1180 2683 1314 2738 omnibus
1329 2684 1490 2754 scripserat,
1509 2683 1553 2737 vel
1572 2681 1723 2737 scribendo

873 2771 1005 2827 omnium
1030 2772 1199 2842 prodiderat
1221 2773 1391 2837 voluntates,
1417 2771 1644 2843 transgressione
1666 2787 1721 2841 pu·

873 2861 933 2916 nita
952 2866 1130 2915 cunctorum.
1148 2860 1217 2925 Quas
1238 2861 1272 2915 ad
1292 2860 1510 2914 instructionem
1531 2865 1629 2914 vestras
1652 2859 1722 2914 dile-

837 2950 974 3009 Cctionis
995 2949 1064 3003 satis
1088 2949 1258 3019 abundeque
1283 2948 1414 3002 suitlcere
1436 2949 1608 3018 judicamus,
1624 2963 1722 3018 quaru-

873 3038 915 3091 vis
930 3038 1030 3092 eadem
1045 3037 1139 3103 latius,
1160 3036 1184 3089 si
1207 3036 1347 3090 Dominus
1359 3035 1530 3090 concesserit
1539 3036 1719 3099 facultatem

873 3126 1038 3181 studeamus
1061 3140 1203 3196 exponere
1218 3133 1246 3191 ⁸3
1274 3128 1416 3194 quatenus
1440 3129 1468 3178 et
1493 3124 1623 3177 lidelium
1647 3124 1721 3194 quis·
1774 3176 1777 3183 Δ

873 3231 929 3286 quc
952 3219 1115 3284 cognoscat,
1142 3213 1213 3268 nihil
1238 3212 1425 3282 apostolicam
1446 3212 1555 3276 sedena,
1580 3212 1657 3281 quod
1675 3211 1722 3264 ab·

873 3303 920 3369 sit,
945 3317 1130 3374 praepropere
1151 3302 1302 3356 censuisse.
1323 3303 1335 3344 b
1354 3301 1424 3365 Quae
1452 3307 1549 3354 tamen
1579 3301 1718 3353 sententia

872 3408 902 3446 rn
930 3391 1061 3447 acacium
1094 3391 1245 3459 destinata,
1265 3396 1292 3442 et
1316 3389 1340 3443 si
1369 3388 1487 3443 nomiae
1514 3388 1717 3442 tautummodo

872 3480 1003 3552 praesulis
1035 3479 1193 3550 apostolici,
1225 3478 1308 3546 cujus
1340 3485 1401 3532 crat
1434 3478 1534 3549 ulique
1569 3478 1719 3547 potcstatis

872 3569 1019 3639 legitime,
1039 3568 1179 3639 probatur
1199 3583 1259 3621 esse
1281 3567 1462 3638 deprompta,
1489 3567 1634 3636 praecipue
1655 3581 1721 3619 cum

811 3701 817 3712 .
872 3657 1004 3712 secretim
1024 3656 1176 3728 dirigenda
1198 3655 1352 3718 videretur,
1380 3671 1431 3709 nec
1452 3653 1587 3709 custodiis
1613 3653 1721 3723 ubique

871 3745 1044 3816 praetentisc
1067 3744 1216 3815 dispositio
1236 3744 1378 3808 salutaris,
1399 3742 1575 3814 qxribuslibet
1593 3741 1719 3796 diliicul·
1744 3750 1748 3758 '

871 3832 977 3887 tatibus
1005 3833 1143 3903 impedita
1173 3833 1364 3885 necessarium
1397 3830 1504 3885 habere
1539 3846 1598 3884 non
1625 3838 1721 3899 posset

871 3921 1021 3987 effectuum
1038 3926 1133 3974 tamea
1148 3920 1216 3991 quia
1231 3919 1400 3974 orthodoxis
1416 3919 1524 3989 ubique
1546 3918 1673 3988 dejectis,
1692 3924 1721 3970 et

871 4009 1011 4065 hereticis
1033 4009 1234 4064 tautummodo
1260 4024 1420 4080 corumque
1453 4007 1636 4062 consortibus
1656 4006 1717 4078 jaus

871 4099 977 4154 relictis
997 4100 1028 4152 iu
1047 4098 1174 4166 Oriente,
1198 4097 1331 4152 catholici
1355 4096 1505 4167 pontifices
1535 4100 1585 4150 cut
1611 4095 1719 4149 residui

873 4188 1003 4242 omnimo
1019 4203 1077 4241 non
1092 4193 1196 4252 esseut,
1212 4193 1261 4241 aut
1276 4187 1387 4241 nullam
1403 4184 1717 4255 gererentlibertatem,

874 4278 1066 4350 plurimorum
1088 4276 1218 4331 initalia
1242 4275 1449 4330 catholicorum
1471 4272 1654 4343 congregatio
1674 4286 1718 4324 sa-

872 4368 1031 4432 cerdotnm,
1053 4365 1265 4420 rationabiliter
1278 4364 1413 4434 cognovit
1438 4363 1468 4417 iu
1483 4362 1616 4417 Acacium
1632 4361 1719 4415 irrisae

872 4455 1034 4525 prolatam:
1064 4470 1127 4524 que
1155 4453 1341 4524 congregatio
1364 4452 1438 4507 lecta
1463 4451 1633 4522 pontilicum
1660 4463 1719 4502 nou

870 4549 970 4598 contra
993 4542 1262 4603 chalcedonensem,
1294 4557 1352 4595 raon
1373 4545 1510 4611 tauquam
1532 4555 1606 4594 nova
1632 4553 1718 4609 syno-

872 4634 925 4689 dus
949 4638 1047 4688 contra
1071 4637 1194 4685 veterem
1219 4631 1399 4701 primamque
1420 4629 1570 4694 convenit,
1592 4628 1640 4681 sed
1664 4643 1719 4697 po-

871 4723 929 4778 tius
953 4720 1109 4777 secundum
1134 4725 1264 4774 tenorem
1285 4719 1389 4773 veteris
1409 4717 1555 4772 constituti
1577 4715 1719 4786 particeps

871 4811 1034 4883 apostolicae
1049 4809 1240 4864 exsecutionis
1254 4806 1354 4862 edecta
1370 4811 1426 4872 est3
1444 4810 1476 4860 ut
1496 4806 1566 4859 satis
1581 4809 1719 4873 appareat

872 4899 1026 4955 Ecclesiam
1045 4896 1224 4962 catholicam,
1245 4896 1400 4967 sedemque
1422 4893 1618 4965 apostolicam,
1651 4891 1719 4960 quia

872 4988 941 5045 alibi
953 4989 1014 5060 jam
1028 4987 1147 5042 omnino
1159 5001 1217 5040 non
1234 4991 1339 5056 posset,
1354 4984 1405 5038 ubi
1419 4981 1522 5054 potnit,
1540 4985 1643 5033 etcum
1654 4979 1717 5050 qui·

871 5078 925 5132 bus
945 5076 1047 5149 potnit,
1070 5075 1141 5129 nihil
1158 5075 1272 5146 penitus
1294 5074 1434 5137 omisisse,
1455 5071 1531 5140 quod
1557 5069 1592 5123 ad
1616 5069 1718 5122 irater-

872 5182 942 5222 num
958 5166 1115 5236 pertineret
1130 5180 1183 5235 pro
1204 5163 1373 5218 intemerata
1393 5162 1450 5217 fide
1470 5165 1498 5212 et
1511 5159 1620 5211 sincera
1639 5171 1718 5209 cum-

872 5253 1010 5308 munione
1024 5257 1186 5307 tractalnm.
1206 5274 1220 5301 o

907 5379 1068 5438 eCuatodr'r's
1085 5381 1183 5449 ubique
1202 5379 1351 5449 pratentis.
1373 5375 1418 5430 Sic
1436 5375 1466 5428 in
1487 5371 1616 5444 epistolis
1638 5373 1720 5428 Gela-

872 5449 906 5505 sii
928 5450 1023 5511 editis.
1044 5451 1204 5522 etquidem
1221 5453 1296 5503 recte
1312 5465 1318 5502 :
1334 5447 1364 5501 in
1380 5448 1472 5501 AEneae
1496 5443 1606 5508 codice,
1629 5450 1721 5501 tusto-

872 5522 927 5580 dia
937 5525 1090 5594 praeeatis,
1106 5522 1215 5593 ineptes
