<?xml version="1.0" encoding="UTF-8"?>
<!DOCTYPE html PUBLIC "-//W3C//DTD XHTML 1.0 Transitional//EN"
    "http://www.w3.org/TR/xhtml1/DTD/xhtml1-transitional.dtd">
<html xmlns="http://www.w3.org/1999/xhtml" xml:lang="en" lang="en">
 <head>
  <title>
</title>
<meta http-equiv="Content-Type" content="text/html;charset=utf-8" />
  <meta name='ocr-system' content='tesseract 3.04.00' />
  <meta name='ocr-capabilities' content='ocr_page ocr_carea ocr_par ocr_line ocrx_word'/>
</head>
<body>
  <div class='ocr_page' id='page_1' title='image "./patrologiaecurs04unkngoog_0396.png"; bbox 0 0 3930 6098; ppageno 0'>
   <div class='ocr_carea' id='block_1_1' title="bbox 111 292 1854 354">
    <p class='ocr_par' dir='ltr' id='par_1_1' title="bbox 111 292 1854 354">
     <span class='ocr_line' id='line_1_1' title="bbox 111 292 1854 354; baseline 0.004 -8"><span class='ocrx_word' id='word_1_1' title='bbox 111 293 163 347; x_wconf 77' lang='lat' dir='ltr'><strong>tlt</strong></span> <span class='ocrx_word' id='word_1_2' title='bbox 726 292 839 349; x_wconf 80' lang='lat' dir='ltr'><strong>AENEAE</strong></span> <span class='ocrx_word' id='word_1_3' title='bbox 858 292 1074 351; x_wconf 83' lang='lat' dir='ltr'><strong>PARlSlENSlS</strong></span> <span class='ocrx_word' id='word_1_4' title='bbox 1094 292 1248 350; x_wconf 78' lang='lat' dir='ltr'><strong>nrlscorr</strong></span> <span class='ocrx_word' id='word_1_5' title='bbox 1808 299 1854 354; x_wconf 72' lang='lat' dir='ltr'><strong>itt</strong></span> 
     </span>
    </p>
   </div>
   <div class='ocr_carea' id='block_1_2' title="bbox 109 422 1853 2971">
    <p class='ocr_par' dir='ltr' id='par_1_2' title="bbox 109 422 1853 2971">
     <span class='ocr_line' id='line_1_2' title="bbox 113 422 1853 499; baseline 0.003 -19"><span class='ocrx_word' id='word_1_6' title='bbox 113 427 241 481; x_wconf 87' lang='lat' dir='ltr'><strong>noscitur</strong></span> <span class='ocrx_word' id='word_1_7' title='bbox 262 424 399 480; x_wconf 89' lang='lat' dir='ltr'><strong>habitare.</strong></span> <span class='ocrx_word' id='word_1_8' title='bbox 421 422 503 488; x_wconf 87' lang='lat' dir='ltr'><strong>Quod</strong></span> <span class='ocrx_word' id='word_1_9' title='bbox 527 440 594 478; x_wconf 90' lang='lat' dir='ltr'><strong>vero</strong></span> <span class='ocrx_word' id='word_1_10' title='bbox 613 424 732 479; x_wconf 92' lang='lat' dir='ltr'><strong>detonso</strong></span> <span class='ocrx_word' id='word_1_11' title='bbox 756 426 888 496; x_wconf 91' lang='lat' dir='ltr'><strong>superius</strong></span> <span class='ocrx_word' id='word_1_12' title='bbox 906 443 954 481; x_wconf 88' lang='lat' dir='ltr'><strong>ca·</strong></span> <span class='ocrx_word' id='word_1_13' title='bbox 975 431 996 483; x_wconf 86' lang='lat' dir='ltr'><strong>A</strong></span> <span class='ocrx_word' id='word_1_14' title='bbox 1012 426 1077 493; x_wconf 88' lang='lat' dir='ltr'><strong>mis,</strong></span> <span class='ocrx_word' id='word_1_15' title='bbox 1093 428 1258 482; x_wconf 90' lang='lat' dir='ltr'><strong>nullatenus</strong></span> <span class='ocrx_word' id='word_1_16' title='bbox 1273 427 1393 498; x_wconf 85' lang='lat' dir='ltr'>proinde</span> <span class='ocrx_word' id='word_1_17' title='bbox 1412 426 1534 483; x_wconf 85' lang='lat' dir='ltr'><strong>inferior</strong></span> <span class='ocrx_word' id='word_1_18' title='bbox 1543 427 1725 499; x_wconf 88' lang='lat' dir='ltr'><strong>judicabitur</strong></span> <span class='ocrx_word' id='word_1_19' title='bbox 1745 430 1853 486; x_wconf 89' lang='lat' dir='ltr'><strong>mundi·</strong></span> 
     </span>
     <span class='ocr_line' id='line_1_3' title="bbox 112 512 1852 587; baseline 0.002 -19"><span class='ocrx_word' id='word_1_20' title='bbox 112 515 182 586; x_wconf 87' lang='lat' dir='ltr'><strong>pite,</strong></span> <span class='ocrx_word' id='word_1_21' title='bbox 200 512 319 568; x_wconf 83' lang='lat' dir='ltr'><strong>inferius</strong></span> <span class='ocrx_word' id='word_1_22' title='bbox 333 512 431 567; x_wconf 88' lang='lat' dir='ltr'><strong>circuli</strong></span> <span class='ocrx_word' id='word_1_23' title='bbox 445 528 551 569; x_wconf 90' lang='lat' dir='ltr'><strong>corona</strong></span> <span class='ocrx_word' id='word_1_24' title='bbox 571 513 755 584; x_wconf 90' lang='lat' dir='ltr'><strong>relinquitur,</strong></span> <span class='ocrx_word' id='word_1_25' title='bbox 767 515 958 570; x_wconf 84' lang='lat' dir='ltr'><strong>sacerdotium</strong></span> <span class='ocrx_word' id='word_1_26' title='bbox 1011 514 1051 569; x_wconf 90' lang='lat' dir='ltr'><strong>tia</strong></span> <span class='ocrx_word' id='word_1_27' title='bbox 1071 514 1269 569; x_wconf 87' lang='lat' dir='ltr'><strong>ministrorum</strong></span> <span class='ocrx_word' id='word_1_28' title='bbox 1294 514 1401 570; x_wconf 83' lang='lat' dir='ltr'><strong>Christi</strong></span> <span class='ocrx_word' id='word_1_29' title='bbox 1425 531 1477 586; x_wconf 89' lang='lat' dir='ltr'><strong>pro</strong></span> <span class='ocrx_word' id='word_1_30' title='bbox 1502 516 1638 571; x_wconf 80' lang='lat' dir='ltr'>radendis</span> <span class='ocrx_word' id='word_1_31' title='bbox 1661 515 1773 584; x_wconf 89' lang='lat' dir='ltr'><strong>barbis,</strong></span> <span class='ocrx_word' id='word_1_32' title='bbox 1796 533 1852 587; x_wconf 84' lang='lat' dir='ltr'><strong>qua</strong></span> 
     </span>
     <span class='ocr_line' id='line_1_4' title="bbox 113 601 1853 676; baseline 0.001 -18"><span class='ocrx_word' id='word_1_33' title='bbox 113 618 291 675; x_wconf 82' lang='lat' dir='ltr'>regnumque</span> <span class='ocrx_word' id='word_1_34' title='bbox 312 601 443 656; x_wconf 80' lang='lat' dir='ltr'><strong>Ecclesiae</strong></span> <span class='ocrx_word' id='word_1_35' title='bbox 463 602 493 656; x_wconf 89' lang='lat' dir='ltr'><strong>in</strong></span> <span class='ocrx_word' id='word_1_36' title='bbox 516 601 558 656; x_wconf 88' lang='lat' dir='ltr'><strong>eis</strong></span> <span class='ocrx_word' id='word_1_37' title='bbox 574 602 707 656; x_wconf 83' lang='lat' dir='ltr'><strong>existimo</strong></span> <span class='ocrx_word' id='word_1_38' title='bbox 731 602 858 674; x_wconf 76' lang='lat' dir='ltr'><strong>figurari.</strong></span> <span class='ocrx_word' id='word_1_39' title='bbox 875 604 959 659; x_wconf 81' lang='lat' dir='ltr'><strong>Tiara</strong></span> <span class='ocrx_word' id='word_1_40' title='bbox 1011 604 1111 660; x_wconf 88' lang='lat' dir='ltr'><strong>illicita</strong></span> <span class='ocrx_word' id='word_1_41' title='bbox 1135 605 1301 670; x_wconf 88' lang='lat' dir='ltr'><strong>resecando,</strong></span> <span class='ocrx_word' id='word_1_42' title='bbox 1318 604 1402 659; x_wconf 89' lang='lat' dir='ltr'><strong>debet</strong></span> <span class='ocrx_word' id='word_1_43' title='bbox 1416 604 1600 676; x_wconf 74' lang='lat' dir='ltr'><strong>prestantius</strong></span> <span class='ocrx_word' id='word_1_44' title='bbox 1615 605 1816 676; x_wconf 75' lang='lat' dir='ltr'><strong>splendescere</strong></span> <span class='ocrx_word' id='word_1_45' title='bbox 1829 605 1853 660; x_wconf 91' lang='lat' dir='ltr'><strong>in</strong></span> 
     </span>
     <span class='ocr_line' id='line_1_5' title="bbox 113 690 1853 764; baseline 0.002 -18"><span class='ocrx_word' id='word_1_46' title='bbox 113 693 189 746; x_wconf 89' lang='lat' dir='ltr'><strong>enim</strong></span> <span class='ocrx_word' id='word_1_47' title='bbox 202 691 278 761; x_wconf 86' lang='lat' dir='ltr'><strong>apud</strong></span> <span class='ocrx_word' id='word_1_48' title='bbox 299 695 408 745; x_wconf 87' lang='lat' dir='ltr'><strong>veteres</strong></span> <span class='ocrx_word' id='word_1_49' title='bbox 422 691 651 745; x_wconf 71' lang='lat' dir='ltr'><strong>constituebatur</strong></span> <span class='ocrx_word' id='word_1_50' title='bbox 674 690 702 745; x_wconf 91' lang='lat' dir='ltr'><strong>iu</strong></span> <span class='ocrx_word' id='word_1_51' title='bbox 719 693 809 764; x_wconf 88' lang='lat' dir='ltr'><strong>capite</strong></span> <span class='ocrx_word' id='word_1_52' title='bbox 824 693 957 748; x_wconf 89' lang='lat' dir='ltr'><strong>sacerdo·</strong></span> <span class='ocrx_word' id='word_1_53' title='bbox 1012 694 1146 764; x_wconf 83' lang='lat' dir='ltr'><strong>operibus</strong></span> <span class='ocrx_word' id='word_1_54' title='bbox 1158 692 1253 758; x_wconf 88' lang='lat' dir='ltr'><strong>honis,</strong></span> <span class='ocrx_word' id='word_1_55' title='bbox 1267 699 1296 748; x_wconf 88' lang='lat' dir='ltr'><strong>et</strong></span> <span class='ocrx_word' id='word_1_56' title='bbox 1311 694 1485 750; x_wconf 86' lang='lat' dir='ltr'><strong>omnimodis</strong></span> <span class='ocrx_word' id='word_1_57' title='bbox 1507 710 1605 749; x_wconf 87' lang='lat' dir='ltr'><strong>carere</strong></span> <span class='ocrx_word' id='word_1_58' title='bbox 1627 694 1764 751; x_wconf 89' lang='lat' dir='ltr'><strong>sordibus</strong></span> <span class='ocrx_word' id='word_1_59' title='bbox 1786 709 1853 749; x_wconf 88' lang='lat' dir='ltr'><strong>man·</strong></span> 
     </span>
     <span class='ocr_line' id='line_1_6' title="bbox 112 778 1374 853; baseline -0.002 -18"><span class='ocrx_word' id='word_1_60' title='bbox 112 786 182 845; x_wconf 87' lang='lat' dir='ltr'><strong>tum,</strong></span> <span class='ocrx_word' id='word_1_61' title='bbox 210 781 270 833; x_wconf 77' lang='lat' dir='ltr'><strong>brec</strong></span> <span class='ocrx_word' id='word_1_62' title='bbox 300 796 334 833; x_wconf 86' lang='lat' dir='ltr'><strong>er</strong></span> <span class='ocrx_word' id='word_1_63' title='bbox 359 780 443 850; x_wconf 78' lang='lat' dir='ltr'><strong>bysso</strong></span> <span class='ocrx_word' id='word_1_64' title='bbox 472 778 600 833; x_wconf 90' lang='lat' dir='ltr'><strong>conlecta</strong></span> <span class='ocrx_word' id='word_1_65' title='bbox 632 781 757 834; x_wconf 90' lang='lat' dir='ltr'><strong>rotunda</strong></span> <span class='ocrx_word' id='word_1_66' title='bbox 778 786 848 848; x_wconf 89' lang='lat' dir='ltr'><strong>erat,</strong></span> <span class='ocrx_word' id='word_1_67' title='bbox 877 781 958 853; x_wconf 88' lang='lat' dir='ltr'><strong>quasi</strong></span> <span class='ocrx_word' id='word_1_68' title='bbox 1011 781 1047 835; x_wconf 91' lang='lat' dir='ltr'><strong>tis</strong></span> <span class='ocrx_word' id='word_1_69' title='bbox 1062 780 1148 835; x_wconf 90' lang='lat' dir='ltr'><strong>simul</strong></span> <span class='ocrx_word' id='word_1_70' title='bbox 1164 781 1374 852; x_wconf 68' lang='lat' dir='ltr'><strong>etcorporim</strong></span> 
     </span>
     <span class='ocr_line' id='line_1_7' title="bbox 111 866 1561 940; baseline 0.002 -19"><span class='ocrx_word' id='word_1_71' title='bbox 111 870 222 940; x_wconf 83' lang='lat' dir='ltr'><strong>spbaera</strong></span> <span class='ocrx_word' id='word_1_72' title='bbox 244 868 348 934; x_wconf 89' lang='lat' dir='ltr'><strong>media,</strong></span> <span class='ocrx_word' id='word_1_73' title='bbox 377 873 406 922; x_wconf 90' lang='lat' dir='ltr'><strong>et</strong></span> <span class='ocrx_word' id='word_1_74' title='bbox 427 869 480 921; x_wconf 88' lang='lat' dir='ltr'><strong>hoc</strong></span> <span class='ocrx_word' id='word_1_75' title='bbox 500 866 680 938; x_wconf 78' lang='lat' dir='ltr'><strong>significatur</strong></span> <span class='ocrx_word' id='word_1_76' title='bbox 694 868 725 922; x_wconf 89' lang='lat' dir='ltr'><strong>iu</strong></span> <span class='ocrx_word' id='word_1_77' title='bbox 748 875 831 939; x_wconf 91' lang='lat' dir='ltr'><strong>parte</strong></span> <span class='ocrx_word' id='word_1_78' title='bbox 856 869 958 940; x_wconf 90' lang='lat' dir='ltr'><strong>capitis</strong></span> <span class='ocrx_word' id='word_1_79' title='bbox 1312 870 1376 924; x_wconf 81' lang='lat' dir='ltr'><strong>Car.</strong></span> <span class='ocrx_word' id='word_1_80' title='bbox 1397 871 1561 926; x_wconf 81' lang='lat' dir='ltr'><strong>ctxxxvrt.</strong></span> 
     </span>
     <span class='ocr_line' id='line_1_8' title="bbox 110 956 1850 1031; baseline 0.002 -20"><span class='ocrx_word' id='word_1_81' title='bbox 110 957 195 1012; x_wconf 83' lang='lat' dir='ltr'><strong>tonsi.</strong></span> <span class='ocrx_word' id='word_1_82' title='bbox 221 958 334 1012; x_wconf 85' lang='lat' dir='ltr'><strong>Corona</strong></span> <span class='ocrx_word' id='word_1_83' title='bbox 347 961 442 1010; x_wconf 89' lang='lat' dir='ltr'><strong>autem</strong></span> <span class='ocrx_word' id='word_1_84' title='bbox 458 956 579 1010; x_wconf 90' lang='lat' dir='ltr'><strong>latitudo</strong></span> <span class='ocrx_word' id='word_1_85' title='bbox 593 957 673 1011; x_wconf 91' lang='lat' dir='ltr'><strong>aurei</strong></span> <span class='ocrx_word' id='word_1_86' title='bbox 686 963 734 1010; x_wconf 88' lang='lat' dir='ltr'><strong>est</strong></span> <span class='ocrx_word' id='word_1_87' title='bbox 750 958 860 1025; x_wconf 88' lang='lat' dir='ltr'><strong>circuli,</strong></span> <span class='ocrx_word' id='word_1_88' title='bbox 892 975 956 1031; x_wconf 88' lang='lat' dir='ltr'><strong>quae</strong></span> <span class='ocrx_word' id='word_1_89' title='bbox 1046 957 1124 1021; x_wconf 86' lang='lat' dir='ltr'><strong>Quod</strong></span> <span class='ocrx_word' id='word_1_90' title='bbox 1140 958 1276 1012; x_wconf 80' lang='lat' dir='ltr'><strong>Romnnae</strong></span> <span class='ocrx_word' id='word_1_91' title='bbox 1297 958 1372 1013; x_wconf 89' lang='lat' dir='ltr'><strong>sedis</strong></span> <span class='ocrx_word' id='word_1_92' title='bbox 1388 958 1513 1029; x_wconf 80' lang='lat' dir='ltr'><strong>pontifex</strong></span> <span class='ocrx_word' id='word_1_93' title='bbox 1529 960 1640 1029; x_wconf 91' lang='lat' dir='ltr'><strong>primus</strong></span> <span class='ocrx_word' id='word_1_94' title='bbox 1656 959 1792 1014; x_wconf 88' lang='lat' dir='ltr'><strong>omniurn</strong></span> <span class='ocrx_word' id='word_1_95' title='bbox 1805 960 1850 1015; x_wconf 86' lang='lat' dir='ltr'><strong>ba·</strong></span> 
     </span>
     <span class='ocr_line' id='line_1_9' title="bbox 111 1045 1853 1122; baseline 0.003 -22"><span class='ocrx_word' id='word_1_96' title='bbox 111 1046 328 1119; x_wconf 77' lang='lat' dir='ltr'><strong>[tegrimcapita</strong></span> <span class='ocrx_word' id='word_1_97' title='bbox 343 1046 442 1116; x_wconf 82' lang='lat' dir='ltr'><strong>cingit.</strong></span> <span class='ocrx_word' id='word_1_98' title='bbox 465 1046 626 1116; x_wconf 87' lang='lat' dir='ltr'><strong>Utrumque</strong></span> <span class='ocrx_word' id='word_1_99' title='bbox 645 1045 744 1117; x_wconf 84' lang='lat' dir='ltr'><strong>itaque</strong></span> <span class='ocrx_word' id='word_1_100' title='bbox 765 1046 880 1117; x_wconf 83' lang='lat' dir='ltr'><strong>signum</strong></span> <span class='ocrx_word' id='word_1_101' title='bbox 906 1063 956 1102; x_wconf 86' lang='lat' dir='ltr'><strong>ex·</strong></span> <span class='ocrx_word' id='word_1_102' title='bbox 1011 1047 1122 1116; x_wconf 89' lang='lat' dir='ltr'><strong>beatur,</strong></span> <span class='ocrx_word' id='word_1_103' title='bbox 1142 1049 1242 1104; x_wconf 89' lang='lat' dir='ltr'><strong>beatus</strong></span> <span class='ocrx_word' id='word_1_104' title='bbox 1268 1067 1344 1122; x_wconf 84' lang='lat' dir='ltr'><strong>papa</strong></span> <span class='ocrx_word' id='word_1_105' title='bbox 1370 1051 1503 1106; x_wconf 89' lang='lat' dir='ltr'><strong>Silvester</strong></span> <span class='ocrx_word' id='word_1_106' title='bbox 1525 1051 1677 1122; x_wconf 81' lang='lat' dir='ltr'><strong>perdocuit</strong></span> <span class='ocrx_word' id='word_1_107' title='bbox 1698 1052 1730 1107; x_wconf 92' lang='lat' dir='ltr'><strong>in</strong></span> <span class='ocrx_word' id='word_1_108' title='bbox 1759 1052 1853 1106; x_wconf 78' lang='lat' dir='ltr'><strong>Praela-</strong></span> 
     </span>
     <span class='ocr_line' id='line_1_10' title="bbox 109 1133 1851 1209; baseline 0.002 -22"><span class='ocrx_word' id='word_1_109' title='bbox 109 1135 246 1205; x_wconf 88' lang='lat' dir='ltr'><strong>primitur</strong></span> <span class='ocrx_word' id='word_1_110' title='bbox 268 1133 406 1203; x_wconf 88' lang='lat' dir='ltr'><strong>incapite</strong></span> <span class='ocrx_word' id='word_1_111' title='bbox 431 1133 612 1200; x_wconf 86' lang='lat' dir='ltr'><strong>clericorum,</strong></span> <span class='ocrx_word' id='word_1_112' title='bbox 630 1138 661 1187; x_wconf 92' lang='lat' dir='ltr'><strong>ut</strong></span> <span class='ocrx_word' id='word_1_113' title='bbox 685 1134 841 1205; x_wconf 78' lang='lat' dir='ltr'><strong>impleatur</strong></span> <span class='ocrx_word' id='word_1_114' title='bbox 869 1135 956 1189; x_wconf 89' lang='lat' dir='ltr'><strong>etiam</strong></span> <span class='ocrx_word' id='word_1_115' title='bbox 1010 1135 1089 1190; x_wconf 91' lang='lat' dir='ltr'><strong>tione</strong></span> <span class='ocrx_word' id='word_1_116' title='bbox 1106 1136 1190 1191; x_wconf 79' lang='lat' dir='ltr'><strong>Nicaei</strong></span> <span class='ocrx_word' id='word_1_117' title='bbox 1205 1138 1327 1200; x_wconf 87' lang='lat' dir='ltr'><strong>concilii,</strong></span> <span class='ocrx_word' id='word_1_118' title='bbox 1353 1137 1403 1192; x_wconf 93' lang='lat' dir='ltr'><strong>ubi</strong></span> <span class='ocrx_word' id='word_1_119' title='bbox 1417 1137 1471 1192; x_wconf 88' lang='lat' dir='ltr'><strong>ista</strong></span> <span class='ocrx_word' id='word_1_120' title='bbox 1490 1140 1627 1209; x_wconf 83' lang='lat' dir='ltr'><strong>leguntur</strong></span> <span class='ocrx_word' id='word_1_121' title='bbox 1641 1155 1648 1194; x_wconf 95' lang='lat'><strong>:</strong></span> <span class='ocrx_word' id='word_1_122' title='bbox 1662 1156 1677 1189; x_wconf 81' lang='grc' dir='ltr'>ι</span> <span class='ocrx_word' id='word_1_123' title='bbox 1693 1137 1851 1193; x_wconf 77' lang='lat' dir='ltr'><strong>beatissimo</strong></span> 
     </span>
     <span class='ocr_line' id='line_1_11' title="bbox 111 1220 1850 1296; baseline 0.003 -20"><span class='ocrx_word' id='word_1_124' title='bbox 111 1223 236 1293; x_wconf 88' lang='lat' dir='ltr'><strong>corporis</strong></span> <span class='ocrx_word' id='word_1_125' title='bbox 260 1222 383 1292; x_wconf 84' lang='lat' dir='ltr'><strong>quadam</strong></span> <span class='ocrx_word' id='word_1_126' title='bbox 417 1220 606 1274; x_wconf 88' lang='lat' dir='ltr'><strong>similitudine</strong></span> <span class='ocrx_word' id='word_1_127' title='bbox 632 1221 707 1291; x_wconf 90' lang='lat' dir='ltr'><strong>qnod</strong></span> <span class='ocrx_word' id='word_1_128' title='bbox 736 1222 874 1293; x_wconf 88' lang='lat' dir='ltr'><strong>scriptum</strong></span> <span class='ocrx_word' id='word_1_129' title='bbox 903 1227 956 1291; x_wconf 87' lang='lat' dir='ltr'><strong>est,</strong></span> <span class='ocrx_word' id='word_1_130' title='bbox 1011 1225 1146 1279; x_wconf 84' lang='lat' dir='ltr'><strong>Silvestre</strong></span> <span class='ocrx_word' id='word_1_131' title='bbox 1169 1225 1199 1279; x_wconf 91' lang='lat' dir='ltr'><strong>in</strong></span> <span class='ocrx_word' id='word_1_132' title='bbox 1220 1225 1289 1280; x_wconf 91' lang='lat' dir='ltr'><strong>urhe</strong></span> <span class='ocrx_word' id='word_1_133' title='bbox 1314 1227 1405 1280; x_wconf 85' lang='lat' dir='ltr'><strong>Roma</strong></span> <span class='ocrx_word' id='word_1_134' title='bbox 1429 1228 1594 1296; x_wconf 75' lang='lat' dir='ltr'><strong>apostolica</strong></span> <span class='ocrx_word' id='word_1_135' title='bbox 1623 1227 1702 1283; x_wconf 88' lang='lat' dir='ltr'><strong>sedis</strong></span> <span class='ocrx_word' id='word_1_136' title='bbox 1724 1227 1850 1293; x_wconf 76' lang='lat' dir='ltr'><strong>antistite,</strong></span> 
     </span>
     <span class='ocr_line' id='line_1_12' title="bbox 112 1310 1851 1384; baseline 0.002 -20"><span class='ocrx_word' id='word_1_137' title='bbox 112 1312 194 1364; x_wconf 83' lang='lat' dir='ltr'><strong>Petro</strong></span> <span class='ocrx_word' id='word_1_138' title='bbox 209 1311 337 1380; x_wconf 87' lang='lat' dir='ltr'><strong>apostolo</strong></span> <span class='ocrx_word' id='word_1_139' title='bbox 352 1310 545 1379; x_wconf 88' lang='lat' dir='ltr'><strong>perdocente:</strong></span> <span class='ocrx_word' id='word_1_140' title='bbox 574 1311 625 1364; x_wconf 83' lang='lat' dir='ltr'><strong>Vos</strong></span> <span class='ocrx_word' id='word_1_141' title='bbox 650 1314 713 1362; x_wconf 85' lang='lat' dir='ltr'><strong>estis</strong></span> <span class='ocrx_word' id='word_1_142' title='bbox 733 1325 818 1376; x_wconf 72' lang='lat' dir='ltr'><strong>nestris</strong></span> <span class='ocrx_word' id='word_1_143' title='bbox 834 1311 955 1370; x_wconf 85' lang='lat' dir='ltr'><strong>electum,</strong></span> <span class='ocrx_word' id='word_1_144' title='bbox 1010 1311 1692 1384; x_wconf 78' lang='lat' dir='ltr'><strong>ConstantinoAugustu,ethieino,consnlihus</strong></span> <span class='ocrx_word' id='word_1_145' title='bbox 1703 1313 1851 1369; x_wconf 85' lang='lat' dir='ltr'><strong>Paulinoet</strong></span> 
     </span>
     <span class='ocr_line' id='line_1_13' title="bbox 109 1395 1848 1467; baseline 0.003 -15"><span class='ocrx_word' id='word_1_146' title='bbox 109 1399 200 1466; x_wconf 75' lang='lat' dir='ltr'><strong>repnte</strong></span> <span class='ocrx_word' id='word_1_147' title='bbox 223 1398 404 1451; x_wconf 82' lang='lat' dir='ltr'><strong>secerdotium</strong></span> <span class='ocrx_word' id='word_1_148' title='bbox 420 1397 446 1466; x_wconf 81' lang='lat' dir='ltr'><strong>(l</strong></span> <span class='ocrx_word' id='word_1_149' title='bbox 468 1399 540 1451; x_wconf 85' lang='lat' dir='ltr'><strong>Petr.</strong></span> <span class='ocrx_word' id='word_1_150' title='bbox 555 1402 596 1467; x_wconf 86' lang='lat' dir='ltr'><strong>n).</strong></span> <span class='ocrx_word' id='word_1_151' title='bbox 613 1395 757 1461; x_wconf 69' lang='lat' dir='ltr'><strong>Quaeritur</strong></span> <span class='ocrx_word' id='word_1_152' title='bbox 781 1403 879 1452; x_wconf 79' lang='lat' dir='ltr'><strong>etitem</strong></span> <span class='ocrx_word' id='word_1_153' title='bbox 894 1414 955 1465; x_wconf 87' lang='lat' dir='ltr'><strong>cnr,</strong></span> <span class='ocrx_word' id='word_1_154' title='bbox 1009 1400 1122 1454; x_wconf 81' lang='lat' dir='ltr'><strong>tuliano</strong></span> <span class='ocrx_word' id='word_1_155' title='bbox 1130 1399 1195 1454; x_wconf 92' lang='lat' dir='ltr'><strong>viris</strong></span> <span class='ocrx_word' id='word_1_156' title='bbox 1205 1401 1380 1456; x_wconf 87' lang='lat' dir='ltr'><strong>clarissimis.</strong></span> <span class='ocrx_word' id='word_1_157' title='bbox 1392 1407 1475 1456; x_wconf 91' lang='lat' dir='ltr'><strong>Anno</strong></span> <span class='ocrx_word' id='word_1_158' title='bbox 1486 1403 1521 1457; x_wconf 92' lang='lat' dir='ltr'><strong>ab</strong></span> <span class='ocrx_word' id='word_1_159' title='bbox 1532 1402 1693 1457; x_wconf 84' lang='lat' dir='ltr'><strong>Alexandro</strong></span> <span class='ocrx_word' id='word_1_160' title='bbox 1705 1403 1848 1457; x_wconf 88' lang='lat' dir='ltr'><strong>millesimo</strong></span> 
     </span>
     <span class='ocr_line' id='line_1_14' title="bbox 111 1486 1849 1559; baseline 0.003 -20"><span class='ocrx_word' id='word_1_161' title='bbox 111 1487 184 1540; x_wconf 88' lang='lat' dir='ltr'><strong>sicut</strong></span> <span class='ocrx_word' id='word_1_162' title='bbox 199 1486 275 1556; x_wconf 77' lang='lat' dir='ltr'><strong>aqrnd</strong></span> <span class='ocrx_word' id='word_1_163' title='bbox 287 1487 417 1557; x_wconf 79' lang='lat' dir='ltr'><strong>antiquos</strong></span> <span class='ocrx_word' id='word_1_164' title='bbox 432 1486 591 1552; x_wconf 68' lang='lat' dir='ltr'><strong>Scammos,</strong></span> <span class='ocrx_word' id='word_1_165' title='bbox 608 1501 667 1539; x_wconf 90' lang='lat' dir='ltr'><strong>non</strong></span> <span class='ocrx_word' id='word_1_166' title='bbox 682 1492 746 1540; x_wconf 86' lang='lat' dir='ltr'><strong>aute</strong></span> <span class='ocrx_word' id='word_1_167' title='bbox 761 1502 844 1540; x_wconf 91' lang='lat' dir='ltr'><strong>coma</strong></span> <span class='ocrx_word' id='word_1_168' title='bbox 860 1486 961 1541; x_wconf 89' lang='lat' dir='ltr'><strong>nntri··</strong></span> <span class='ocrx_word' id='word_1_169' title='bbox 1009 1489 1274 1559; x_wconf 86' lang='lat' dir='ltr'><strong>tricesimnqnarto,</strong></span> <span class='ocrx_word' id='word_1_170' title='bbox 1284 1491 1609 1558; x_wconf 85' lang='lat' dir='ltr'><strong>menselnuio,decimo</strong></span> <span class='ocrx_word' id='word_1_171' title='bbox 1620 1491 1706 1546; x_wconf 89' lang='lat' dir='ltr'><strong>tertio</strong></span> <span class='ocrx_word' id='word_1_172' title='bbox 1718 1491 1849 1547; x_wconf 84' lang='lat' dir='ltr'><strong>lialendas</strong></span> 
     </span>
     <span class='ocr_line' id='line_1_15' title="bbox 112 1574 1848 1646; baseline 0.001 -17"><span class='ocrx_word' id='word_1_173' title='bbox 112 1581 167 1641; x_wconf 93' lang='lat' dir='ltr'><strong>tur,</strong></span> <span class='ocrx_word' id='word_1_174' title='bbox 185 1581 213 1628; x_wconf 89' lang='lat' dir='ltr'><strong>ot</strong></span> <span class='ocrx_word' id='word_1_175' title='bbox 226 1574 265 1628; x_wconf 88' lang='lat' dir='ltr'><strong>sic</strong></span> <span class='ocrx_word' id='word_1_176' title='bbox 280 1575 421 1628; x_wconf 88' lang='lat' dir='ltr'><strong>tondetur.</strong></span> <span class='ocrx_word' id='word_1_177' title='bbox 448 1574 501 1628; x_wconf 88' lang='lat' dir='ltr'><strong>Sed</strong></span> <span class='ocrx_word' id='word_1_178' title='bbox 520 1574 570 1644; x_wconf 92' lang='lat' dir='ltr'><strong>qui</strong></span> <span class='ocrx_word' id='word_1_179' title='bbox 589 1575 651 1628; x_wconf 75' lang='lat' dir='ltr'><strong>haec</strong></span> <span class='ocrx_word' id='word_1_180' title='bbox 680 1575 845 1646; x_wconf 84' lang='lat' dir='ltr'><strong>exquirunt,</strong></span> <span class='ocrx_word' id='word_1_181' title='bbox 861 1575 958 1629; x_wconf 86' lang='lat' dir='ltr'><strong>adver·</strong></span> <span class='ocrx_word' id='word_1_182' title='bbox 1010 1575 1107 1638; x_wconf 87' lang='lat' dir='ltr'><strong>lulius,</strong></span> <span class='ocrx_word' id='word_1_183' title='bbox 1125 1581 1243 1646; x_wconf 89' lang='lat' dir='ltr'><strong>propter</strong></span> <span class='ocrx_word' id='word_1_184' title='bbox 1267 1576 1449 1646; x_wconf 78' lang='lat' dir='ltr'><strong>insurgentes</strong></span> <span class='ocrx_word' id='word_1_185' title='bbox 1473 1577 1597 1631; x_wconf 66' lang='lat' dir='ltr'><strong>haereses</strong></span> <span class='ocrx_word' id='word_1_186' title='bbox 1624 1576 1698 1630; x_wconf 83' lang='lat' dir='ltr'><strong>fides</strong></span> <span class='ocrx_word' id='word_1_187' title='bbox 1722 1577 1848 1632; x_wconf 86' lang='lat' dir='ltr'><strong>catholica</strong></span> 
     </span>
     <span class='ocr_line' id='line_1_16' title="bbox 111 1662 1847 1736; baseline 0.001 -19"><span class='ocrx_word' id='word_1_188' title='bbox 111 1669 172 1717; x_wconf 90' lang='lat' dir='ltr'><strong>tant</strong></span> <span class='ocrx_word' id='word_1_189' title='bbox 187 1664 255 1733; x_wconf 93' lang='lat' dir='ltr'><strong>qnid</strong></span> <span class='ocrx_word' id='word_1_190' title='bbox 268 1665 303 1717; x_wconf 91' lang='lat' dir='ltr'><strong>sit</strong></span> <span class='ocrx_word' id='word_1_191' title='bbox 316 1663 390 1716; x_wconf 91' lang='lat' dir='ltr'><strong>inter</strong></span> <span class='ocrx_word' id='word_1_192' title='bbox 406 1663 475 1716; x_wconf 89' lang='lat' dir='ltr'><strong>illud</strong></span> <span class='ocrx_word' id='word_1_193' title='bbox 491 1663 692 1734; x_wconf 82' lang='lat' dir='ltr'><strong>propheticum</strong></span> <span class='ocrx_word' id='word_1_194' title='bbox 706 1665 909 1731; x_wconf 86' lang='lat' dir='ltr'><strong>velamentum,</strong></span> <span class='ocrx_word' id='word_1_195' title='bbox 929 1668 957 1717; x_wconf 90' lang='lat' dir='ltr'><strong>et</strong></span> <span class='ocrx_word' id='word_1_196' title='bbox 1011 1662 1104 1733; x_wconf 88' lang='lat' dir='ltr'><strong>posita</strong></span> <span class='ocrx_word' id='word_1_197' title='bbox 1120 1668 1162 1716; x_wconf 88' lang='lat' dir='ltr'><strong>est</strong></span> <span class='ocrx_word' id='word_1_198' title='bbox 1176 1662 1252 1732; x_wconf 88' lang='lat' dir='ltr'><strong>apud</strong></span> <span class='ocrx_word' id='word_1_199' title='bbox 1264 1663 1386 1718; x_wconf 81' lang='lat' dir='ltr'><strong>Nicaeam</strong></span> <span class='ocrx_word' id='word_1_200' title='bbox 1402 1664 1554 1735; x_wconf 77' lang='lat' dir='ltr'><strong>bithyniae,</strong></span> <span class='ocrx_word' id='word_1_201' title='bbox 1568 1681 1654 1736; x_wconf 89' lang='lat' dir='ltr'><strong>qnam</strong></span> <span class='ocrx_word' id='word_1_202' title='bbox 1665 1670 1768 1719; x_wconf 87' lang='lat' dir='ltr'><strong>sancta</strong></span> <span class='ocrx_word' id='word_1_203' title='bbox 1782 1670 1847 1732; x_wconf 84' lang='lat' dir='ltr'><strong>etre,</strong></span> 
     </span>
     <span class='ocr_line' id='line_1_17' title="bbox 112 1729 1848 1824; baseline 0 -18"><span class='ocrx_word' id='word_1_204' title='bbox 112 1753 183 1806; x_wconf 82' lang='lat' dir='ltr'><strong>lianc</strong></span> <span class='ocrx_word' id='word_1_205' title='bbox 202 1752 346 1821; x_wconf 81' lang='lat' dir='ltr'><strong>Evangelii</strong></span> <span class='ocrx_word' id='word_1_206' title='bbox 359 1752 573 1816; x_wconf 85' lang='lat' dir='ltr'><strong>revelationem,</strong></span> <span class='ocrx_word' id='word_1_207' title='bbox 590 1751 624 1806; x_wconf 90' lang='lat' dir='ltr'><strong>de</strong></span> <span class='ocrx_word' id='word_1_208' title='bbox 639 1768 695 1822; x_wconf 89' lang='lat' dir='ltr'><strong>qua</strong></span> <span class='ocrx_word' id='word_1_209' title='bbox 706 1751 775 1805; x_wconf 90' lang='lat' dir='ltr'><strong>dicit</strong></span> <span class='ocrx_word' id='word_1_210' title='bbox 785 1753 956 1823; x_wconf 88' lang='lat' dir='ltr'><strong>Apostolus:</strong></span> <span class='ocrx_word' id='word_1_211' title='bbox 976 1729 996 1782; x_wconf 75' lang='lat' dir='ltr'>B</span> <span class='ocrx_word' id='word_1_212' title='bbox 1013 1752 1213 1805; x_wconf 90' lang='lat' dir='ltr'><strong>verentissima</strong></span> <span class='ocrx_word' id='word_1_213' title='bbox 1232 1753 1360 1807; x_wconf 83' lang='lat' dir='ltr'><strong>Romana</strong></span> <span class='ocrx_word' id='word_1_214' title='bbox 1385 1752 1584 1824; x_wconf 88' lang='lat' dir='ltr'><strong>complectitur</strong></span> <span class='ocrx_word' id='word_1_215' title='bbox 1598 1759 1624 1807; x_wconf 90' lang='lat' dir='ltr'><strong>et</strong></span> <span class='ocrx_word' id='word_1_216' title='bbox 1642 1758 1797 1808; x_wconf 79' lang='lat' dir='ltr'><strong>veneratur</strong></span> <span class='ocrx_word' id='word_1_217' title='bbox 1813 1753 1848 1807; x_wconf 85' lang='lat' dir='ltr'><strong>Ec-</strong></span> 
     </span>
     <span class='ocr_line' id='line_1_18' title="bbox 113 1840 1847 1912; baseline -0.001 -17"><span class='ocrx_word' id='word_1_218' title='bbox 113 1842 178 1895; x_wconf 78' lang='lat' dir='ltr'><strong>Cum</strong></span> <span class='ocrx_word' id='word_1_219' title='bbox 214 1845 356 1895; x_wconf 79' lang='lat' dir='ltr'><strong>transieris</strong></span> <span class='ocrx_word' id='word_1_220' title='bbox 394 1841 432 1894; x_wconf 84' lang='lat' dir='ltr'><strong>ud</strong></span> <span class='ocrx_word' id='word_1_221' title='bbox 470 1840 616 1903; x_wconf 79' lang='lat' dir='ltr'><strong>Christum,</strong></span> <span class='ocrx_word' id='word_1_222' title='bbox 660 1843 804 1908; x_wconf 81' lang='lat' dir='ltr'><strong>auferetur</strong></span> <span class='ocrx_word' id='word_1_223' title='bbox 837 1843 958 1896; x_wconf 82' lang='lat' dir='ltr'><strong>uelamen</strong></span> <span class='ocrx_word' id='word_1_224' title='bbox 1012 1840 1106 1906; x_wconf 84' lang='lat' dir='ltr'><strong>etesia,</strong></span> <span class='ocrx_word' id='word_1_225' title='bbox 1131 1840 1239 1912; x_wconf 91' lang='lat' dir='ltr'><strong>qnippe</strong></span> <span class='ocrx_word' id='word_1_226' title='bbox 1263 1856 1351 1911; x_wconf 87' lang='lat' dir='ltr'><strong>qnam</strong></span> <span class='ocrx_word' id='word_1_227' title='bbox 1380 1841 1500 1895; x_wconf 87' lang='lat' dir='ltr'><strong>trecenti</strong></span> <span class='ocrx_word' id='word_1_228' title='bbox 1536 1841 1635 1896; x_wconf 89' lang='lat' dir='ltr'><strong>decem</strong></span> <span class='ocrx_word' id='word_1_229' title='bbox 1662 1847 1691 1895; x_wconf 90' lang='lat' dir='ltr'><strong>et</strong></span> <span class='ocrx_word' id='word_1_230' title='bbox 1720 1846 1783 1895; x_wconf 90' lang='lat' dir='ltr'><strong>octo</strong></span> <span class='ocrx_word' id='word_1_231' title='bbox 1809 1843 1847 1896; x_wconf 86' lang='lat' dir='ltr'><strong>Pa·</strong></span> 
     </span>
     <span class='ocr_line' id='line_1_19' title="bbox 113 1928 1847 2000; baseline -0.001 -16"><span class='ocrx_word' id='word_1_232' title='bbox 113 1931 139 1998; x_wconf 77' lang='lat' dir='ltr'><strong>li</strong></span> <span class='ocrx_word' id='word_1_233' title='bbox 152 1930 210 1984; x_wconf 77' lang='lat' dir='ltr'><strong>Cor.</strong></span> <span class='ocrx_word' id='word_1_234' title='bbox 228 1945 267 1990; x_wconf 89' lang='lat' dir='ltr'><strong>ru,</strong></span> <span class='ocrx_word' id='word_1_235' title='bbox 288 1929 326 1999; x_wconf 75' lang='lat'><strong>5).</strong></span> <span class='ocrx_word' id='word_1_236' title='bbox 342 1930 421 1993; x_wconf 85' lang='lat' dir='ltr'><strong>Quod</strong></span> <span class='ocrx_word' id='word_1_237' title='bbox 438 1935 534 1983; x_wconf 89' lang='lat' dir='ltr'><strong>autem</strong></span> <span class='ocrx_word' id='word_1_238' title='bbox 555 1929 736 2000; x_wconf 81' lang='lat' dir='ltr'><strong>significabat</strong></span> <span class='ocrx_word' id='word_1_239' title='bbox 757 1931 886 1984; x_wconf 83' lang='lat' dir='ltr'><strong>velamen</strong></span> <span class='ocrx_word' id='word_1_240' title='bbox 912 1930 957 1985; x_wconf 91' lang='lat' dir='ltr'><strong>in·</strong></span> <span class='ocrx_word' id='word_1_241' title='bbox 1012 1934 1080 1994; x_wconf 90' lang='lat' dir='ltr'><strong>tres,</strong></span> <span class='ocrx_word' id='word_1_242' title='bbox 1097 1928 1291 1983; x_wconf 87' lang='lat' dir='ltr'><strong>mediantibus</strong></span> <span class='ocrx_word' id='word_1_243' title='bbox 1316 1930 1427 1983; x_wconf 87' lang='lat' dir='ltr'><strong>Victore</strong></span> <span class='ocrx_word' id='word_1_244' title='bbox 1451 1933 1537 2000; x_wconf 89' lang='lat' dir='ltr'><strong>atque</strong></span> <span class='ocrx_word' id='word_1_245' title='bbox 1565 1930 1714 1983; x_wconf 88' lang='lat' dir='ltr'><strong>Vincentio</strong></span> <span class='ocrx_word' id='word_1_246' title='bbox 1748 1929 1847 1996; x_wconf 66' lang='lat' dir='ltr'><strong>religio·</strong></span> 
     </span>
     <span class='ocr_line' id='line_1_20' title="bbox 111 2016 1844 2090; baseline 0.001 -19"><span class='ocrx_word' id='word_1_247' title='bbox 111 2018 281 2088; x_wconf 85' lang='lat' dir='ltr'><strong>terpositnm</strong></span> <span class='ocrx_word' id='word_1_248' title='bbox 305 2018 380 2071; x_wconf 89' lang='lat' dir='ltr'><strong>inter</strong></span> <span class='ocrx_word' id='word_1_249' title='bbox 398 2018 501 2071; x_wconf 84' lang='lat' dir='ltr'><strong>faciem</strong></span> <span class='ocrx_word' id='word_1_250' title='bbox 527 2017 613 2088; x_wconf 85' lang='lat' dir='ltr'><strong>hloysi</strong></span> <span class='ocrx_word' id='word_1_251' title='bbox 641 2022 669 2071; x_wconf 91' lang='lat' dir='ltr'><strong>et</strong></span> <span class='ocrx_word' id='word_1_252' title='bbox 689 2024 835 2089; x_wconf 89' lang='lat' dir='ltr'><strong>aspectum</strong></span> <span class='ocrx_word' id='word_1_253' title='bbox 858 2019 959 2090; x_wconf 92' lang='lat' dir='ltr'><strong>populi</strong></span> <span class='ocrx_word' id='word_1_254' title='bbox 1012 2016 1132 2070; x_wconf 87' lang='lat' dir='ltr'><strong>sissimis</strong></span> <span class='ocrx_word' id='word_1_255' title='bbox 1156 2017 1292 2071; x_wconf 80' lang='lat' dir='ltr'><strong>Romanas</strong></span> <span class='ocrx_word' id='word_1_256' title='bbox 1313 2018 1388 2072; x_wconf 89' lang='lat' dir='ltr'><strong>sedis</strong></span> <span class='ocrx_word' id='word_1_257' title='bbox 1402 2018 1584 2089; x_wconf 85' lang='lat' dir='ltr'><strong>presbyteris,</strong></span> <span class='ocrx_word' id='word_1_258' title='bbox 1611 2019 1772 2089; x_wconf 87' lang='lat' dir='ltr'><strong>inspirante</strong></span> <span class='ocrx_word' id='word_1_259' title='bbox 1795 2020 1844 2082; x_wconf 83' lang='lat' dir='ltr'><strong>heo,</strong></span> 
     </span>
     <span class='ocr_line' id='line_1_21' title="bbox 112 2103 1843 2178; baseline 0.001 -18"><span class='ocrx_word' id='word_1_260' title='bbox 112 2108 208 2171; x_wconf 77' lang='lat' dir='ltr'><strong>lsrael,</strong></span> <span class='ocrx_word' id='word_1_261' title='bbox 223 2107 276 2160; x_wconf 89' lang='lat' dir='ltr'><strong>boc</strong></span> <span class='ocrx_word' id='word_1_262' title='bbox 291 2106 483 2176; x_wconf 83' lang='lat' dir='ltr'><strong>siginificabot</strong></span> <span class='ocrx_word' id='word_1_263' title='bbox 500 2106 557 2159; x_wconf 92' lang='lat' dir='ltr'><strong>illis</strong></span> <span class='ocrx_word' id='word_1_264' title='bbox 570 2106 750 2177; x_wconf 85' lang='lat' dir='ltr'><strong>temporibus</strong></span> <span class='ocrx_word' id='word_1_265' title='bbox 777 2107 863 2160; x_wconf 89' lang='lat' dir='ltr'><strong>etiam</strong></span> <span class='ocrx_word' id='word_1_266' title='bbox 879 2123 961 2161; x_wconf 87' lang='lat' dir='ltr'><strong>roma</strong></span> <span class='ocrx_word' id='word_1_267' title='bbox 1013 2111 1130 2176; x_wconf 86' lang='lat' dir='ltr'><strong>propter</strong></span> <span class='ocrx_word' id='word_1_268' title='bbox 1162 2103 1337 2161; x_wconf 86' lang='lat' dir='ltr'><strong>destruenda</strong></span> <span class='ocrx_word' id='word_1_269' title='bbox 1357 2107 1418 2161; x_wconf 92' lang='lat' dir='ltr'><strong>Arii</strong></span> <span class='ocrx_word' id='word_1_270' title='bbox 1438 2123 1549 2161; x_wconf 87' lang='lat' dir='ltr'><strong>venena</strong></span> <span class='ocrx_word' id='word_1_271' title='bbox 1570 2109 1764 2178; x_wconf 91' lang='lat' dir='ltr'><strong>protulerunt.</strong></span> <span class='ocrx_word' id='word_1_272' title='bbox 1790 2108 1843 2161; x_wconf 84' lang='lat' dir='ltr'><strong>Nau</strong></span> 
     </span>
     <span class='ocr_line' id='line_1_22' title="bbox 112 2193 1843 2267; baseline 0.001 -20"><span class='ocrx_word' id='word_1_273' title='bbox 112 2201 286 2249; x_wconf 85' lang='lat' dir='ltr'><strong>sanctornm.</strong></span> <span class='ocrx_word' id='word_1_274' title='bbox 305 2195 373 2248; x_wconf 90' lang='lat' dir='ltr'><strong>Nam</strong></span> <span class='ocrx_word' id='word_1_275' title='bbox 396 2200 424 2248; x_wconf 89' lang='lat' dir='ltr'><strong>et</strong></span> <span class='ocrx_word' id='word_1_276' title='bbox 440 2195 593 2263; x_wconf 87' lang='lat' dir='ltr'><strong>Apostolus</strong></span> <span class='ocrx_word' id='word_1_277' title='bbox 614 2211 725 2248; x_wconf 75' lang='lat' dir='ltr'><strong>contem</strong></span> <span class='ocrx_word' id='word_1_278' title='bbox 748 2211 799 2265; x_wconf 89' lang='lat' dir='ltr'><strong>pro</strong></span> <span class='ocrx_word' id='word_1_279' title='bbox 814 2195 957 2248; x_wconf 86' lang='lat' dir='ltr'><strong>velamen·</strong></span> <span class='ocrx_word' id='word_1_280' title='bbox 1013 2199 1042 2246; x_wconf 90' lang='lat' dir='ltr'><strong>et</strong></span> <span class='ocrx_word' id='word_1_281' title='bbox 1057 2193 1203 2247; x_wconf 83' lang='lat' dir='ltr'><strong>nonnullae</strong></span> <span class='ocrx_word' id='word_1_282' title='bbox 1219 2195 1328 2265; x_wconf 71' lang='lat' dir='ltr'><strong>regulas</strong></span> <span class='ocrx_word' id='word_1_283' title='bbox 1347 2195 1480 2249; x_wconf 83' lang='lat' dir='ltr'><strong>subnexae</strong></span> <span class='ocrx_word' id='word_1_284' title='bbox 1505 2201 1580 2256; x_wconf 84' lang='lat' dir='ltr'><strong>sunt.</strong></span> <span class='ocrx_word' id='word_1_285' title='bbox 1608 2212 1680 2267; x_wconf 88' lang='lat' dir='ltr'><strong>quas</strong></span> <span class='ocrx_word' id='word_1_286' title='bbox 1704 2201 1843 2250; x_wconf 82' lang='lat' dir='ltr'><strong>memorata</strong></span> 
     </span>
     <span class='ocr_line' id='line_1_23' title="bbox 112 2281 1842 2353; baseline 0 -16"><span class='ocrx_word' id='word_1_287' title='bbox 112 2289 141 2337; x_wconf 91' lang='lat' dir='ltr'><strong>to</strong></span> <span class='ocrx_word' id='word_1_288' title='bbox 154 2301 215 2337; x_wconf 88' lang='lat' dir='ltr'><strong>esse</strong></span> <span class='ocrx_word' id='word_1_289' title='bbox 230 2283 312 2337; x_wconf 89' lang='lat' dir='ltr'><strong>dicit.</strong></span> <span class='ocrx_word' id='word_1_290' title='bbox 341 2282 465 2337; x_wconf 88' lang='lat' dir='ltr'><strong>Proinde</strong></span> <span class='ocrx_word' id='word_1_291' title='bbox 483 2283 543 2353; x_wconf 90' lang='lat' dir='ltr'><strong>jam</strong></span> <span class='ocrx_word' id='word_1_292' title='bbox 560 2300 619 2337; x_wconf 89' lang='lat' dir='ltr'><strong>non</strong></span> <span class='ocrx_word' id='word_1_293' title='bbox 637 2289 752 2353; x_wconf 90' lang='lat' dir='ltr'><strong>oportet</strong></span> <span class='ocrx_word' id='word_1_294' title='bbox 768 2289 800 2338; x_wconf 90' lang='lat' dir='ltr'><strong>ut</strong></span> <span class='ocrx_word' id='word_1_295' title='bbox 827 2286 959 2338; x_wconf 85' lang='lat' dir='ltr'><strong>velentur</strong></span> <span class='ocrx_word' id='word_1_296' title='bbox 1013 2281 1172 2352; x_wconf 85' lang='lat' dir='ltr'><strong>suscipiens</strong></span> <span class='ocrx_word' id='word_1_297' title='bbox 1191 2284 1372 2337; x_wconf 85' lang='lat' dir='ltr'><strong>confirmavit</strong></span> <span class='ocrx_word' id='word_1_298' title='bbox 1399 2284 1531 2338; x_wconf 80' lang='lat' dir='ltr'><strong>Ecclesia.</strong></span> <span class='ocrx_word' id='word_1_299' title='bbox 1553 2284 1708 2340; x_wconf 83' lang='lat' dir='ltr'><strong>Sciendum</strong></span> <span class='ocrx_word' id='word_1_300' title='bbox 1732 2291 1842 2338; x_wconf 85' lang='lat' dir='ltr'><strong>estsere</strong></span> 
     </span>
     <span class='ocr_line' id='line_1_24' title="bbox 112 2371 1840 2443; baseline 0 -17"><span class='ocrx_word' id='word_1_301' title='bbox 112 2373 240 2427; x_wconf 88' lang='lat' dir='ltr'><strong>crinibus</strong></span> <span class='ocrx_word' id='word_1_302' title='bbox 259 2371 354 2441; x_wconf 89' lang='lat' dir='ltr'><strong>capita</strong></span> <span class='ocrx_word' id='word_1_303' title='bbox 376 2387 486 2437; x_wconf 87' lang='lat' dir='ltr'><strong>eorum,</strong></span> <span class='ocrx_word' id='word_1_304' title='bbox 512 2371 562 2442; x_wconf 91' lang='lat' dir='ltr'><strong>qui</strong></span> <span class='ocrx_word' id='word_1_305' title='bbox 591 2372 714 2427; x_wconf 81' lang='lat' dir='ltr'><strong>Domino</strong></span> <span class='ocrx_word' id='word_1_306' title='bbox 742 2378 958 2439; x_wconf 88' lang='lat' dir='ltr'><strong>consecrantur,</strong></span> <span class='ocrx_word' id='word_1_307' title='bbox 1014 2371 1050 2425; x_wconf 89' lang='lat' dir='ltr'><strong>ab</strong></span> <span class='ocrx_word' id='word_1_308' title='bbox 1066 2371 1200 2425; x_wconf 91' lang='lat' dir='ltr'><strong>omnibns</strong></span> <span class='ocrx_word' id='word_1_309' title='bbox 1216 2372 1362 2426; x_wconf 88' lang='lat' dir='ltr'><strong>catholicis</strong></span> <span class='ocrx_word' id='word_1_310' title='bbox 1376 2373 1514 2443; x_wconf 81' lang='lat' dir='ltr'><strong>quonism</strong></span> <span class='ocrx_word' id='word_1_311' title='bbox 1541 2378 1638 2428; x_wconf 89' lang='lat' dir='ltr'><strong>sancta</strong></span> <span class='ocrx_word' id='word_1_312' title='bbox 1661 2374 1783 2427; x_wconf 76' lang='lat' dir='ltr'><strong>Ecclesia</strong></span> <span class='ocrx_word' id='word_1_313' title='bbox 1800 2373 1840 2428; x_wconf 86' lang='lat' dir='ltr'><strong>llo·</strong></span> 
     </span>
     <span class='ocr_line' id='line_1_25' title="bbox 112 2460 1838 2532; baseline 0.001 -19"><span class='ocrx_word' id='word_1_314' title='bbox 112 2462 160 2515; x_wconf 89' lang='lat' dir='ltr'><strong>scd</strong></span> <span class='ocrx_word' id='word_1_315' title='bbox 175 2467 286 2514; x_wconf 90' lang='lat' dir='ltr'><strong>tantum</strong></span> <span class='ocrx_word' id='word_1_316' title='bbox 303 2464 334 2513; x_wconf 92' lang='lat' dir='ltr'><strong>ut</strong></span> <span class='ocrx_word' id='word_1_317' title='bbox 351 2460 528 2526; x_wconf 84' lang='lat' dir='ltr'><strong>r·erelentur·;</strong></span> <span class='ocrx_word' id='word_1_318' title='bbox 559 2460 626 2531; x_wconf 89' lang='lat' dir='ltr'><strong>quia</strong></span> <span class='ocrx_word' id='word_1_319' title='bbox 641 2460 718 2530; x_wconf 89' lang='lat' dir='ltr'><strong>quod</strong></span> <span class='ocrx_word' id='word_1_320' title='bbox 733 2466 795 2515; x_wconf 87' lang='lat' dir='ltr'><strong>erat</strong></span> <span class='ocrx_word' id='word_1_321' title='bbox 815 2463 960 2516; x_wconf 88' lang='lat' dir='ltr'><strong>occultum</strong></span> <span class='ocrx_word' id='word_1_322' title='bbox 1015 2476 1100 2513; x_wconf 90' lang='lat' dir='ltr'><strong>mana</strong></span> <span class='ocrx_word' id='word_1_323' title='bbox 1116 2460 1202 2514; x_wconf 91' lang='lat' dir='ltr'><strong>nullis</strong></span> <span class='ocrx_word' id='word_1_324' title='bbox 1226 2460 1370 2530; x_wconf 86' lang='lat' dir='ltr'><strong>synodicis</strong></span> <span class='ocrx_word' id='word_1_325' title='bbox 1395 2461 1516 2515; x_wconf 86' lang='lat' dir='ltr'><strong>decretis</strong></span> <span class='ocrx_word' id='word_1_326' title='bbox 1536 2460 1655 2531; x_wconf 72' lang='lat' dir='ltr'><strong>prelata</strong></span> <span class='ocrx_word' id='word_1_327' title='bbox 1673 2466 1717 2515; x_wconf 87' lang='lat' dir='ltr'><strong>est</strong></span> <span class='ocrx_word' id='word_1_328' title='bbox 1735 2463 1788 2532; x_wconf 79' lang='lat' dir='ltr'><strong>(Er</strong></span> <span class='ocrx_word' id='word_1_329' title='bbox 1803 2461 1838 2514; x_wconf 81' lang='lat' dir='ltr'><strong>de·</strong></span> 
     </span>
     <span class='ocr_line' id='line_1_26' title="bbox 113 2546 1838 2619; baseline 0 -16"><span class='ocrx_word' id='word_1_330' title='bbox 113 2550 143 2603; x_wconf 92' lang='lat' dir='ltr'><strong>in</strong></span> <span class='ocrx_word' id='word_1_331' title='bbox 171 2554 349 2603; x_wconf 76' lang='lat' dir='ltr'><strong>sacramento</strong></span> <span class='ocrx_word' id='word_1_332' title='bbox 376 2547 546 2619; x_wconf 76' lang='lat' dir='ltr'><strong>prophetie,</strong></span> <span class='ocrx_word' id='word_1_333' title='bbox 575 2549 635 2619; x_wconf 91' lang='lat' dir='ltr'><strong>jam</strong></span> <span class='ocrx_word' id='word_1_334' title='bbox 650 2549 679 2602; x_wconf 90' lang='lat' dir='ltr'><strong>in</strong></span> <span class='ocrx_word' id='word_1_335' title='bbox 696 2546 850 2619; x_wconf 82' lang='lat' dir='ltr'><strong>Evangelio</strong></span> <span class='ocrx_word' id='word_1_336' title='bbox 871 2551 961 2605; x_wconf 87' lang='lat' dir='ltr'><strong>decla·</strong></span> <span class='ocrx_word' id='word_1_337' title='bbox 1015 2552 1084 2602; x_wconf 81' lang='lat' dir='ltr'><strong>creto</strong></span> <span class='ocrx_word' id='word_1_338' title='bbox 1107 2547 1209 2602; x_wconf 73' lang='lat' dir='ltr'><strong>uetusti</strong></span> <span class='ocrx_word' id='word_1_339' title='bbox 1234 2553 1357 2619; x_wconf 78' lang='lat' dir='ltr'><strong>papatu</strong></span> <span class='ocrx_word' id='word_1_340' title='bbox 1383 2551 1494 2604; x_wconf 73' lang='lat' dir='ltr'><strong>annullo</strong></span> <span class='ocrx_word' id='word_1_341' title='bbox 1511 2551 1630 2604; x_wconf 81' lang='lat' dir='ltr'><strong>homone</strong></span> <span class='ocrx_word' id='word_1_342' title='bbox 1655 2566 1702 2604; x_wconf 83' lang='lat' dir='ltr'><strong>nrt.</strong></span> <span class='ocrx_word' id='word_1_343' title='bbox 1718 2548 1838 2619; x_wconf 63' lang='lat' dir='ltr'><strong>lilibet</strong></span> 
     </span>
     <span class='ocr_line' id='line_1_27' title="bbox 112 2636 1835 2709; baseline -0.002 -16"><span class='ocrx_word' id='word_1_344' title='bbox 112 2644 207 2693; x_wconf 89' lang='lat' dir='ltr'><strong>rutum</strong></span> <span class='ocrx_word' id='word_1_345' title='bbox 222 2643 273 2692; x_wconf 85' lang='lat' dir='ltr'><strong>est.</strong></span> <span class='ocrx_word' id='word_1_346' title='bbox 293 2661 302 2687; x_wconf 75' lang='lat' dir='ltr'><strong>s</strong></span> <span class='ocrx_word' id='word_1_347' title='bbox 1015 2636 1259 2706; x_wconf 81' lang='lat' dir='ltr'><strong>evangelieavoce</strong></span> <span class='ocrx_word' id='word_1_348' title='bbox 1284 2637 1397 2692; x_wconf 86' lang='lat' dir='ltr'><strong>Domini</strong></span> <span class='ocrx_word' id='word_1_349' title='bbox 1423 2641 1451 2692; x_wconf 90' lang='lat' dir='ltr'><strong>et</strong></span> <span class='ocrx_word' id='word_1_350' title='bbox 1471 2637 1626 2691; x_wconf 82' lang='lat' dir='ltr'><strong>Salvatoris</strong></span> <span class='ocrx_word' id='word_1_351' title='bbox 1646 2638 1737 2691; x_wconf 89' lang='lat' dir='ltr'><strong>nostri</strong></span> <span class='ocrx_word' id='word_1_352' title='bbox 1750 2638 1835 2709; x_wconf 88' lang='lat' dir='ltr'><strong>prina-</strong></span> 
     </span>
     <span class='ocr_line' id='line_1_28' title="bbox 414 2724 1834 2808; baseline 0.001 -32"><span class='ocrx_word' id='word_1_353' title='bbox 414 2753 478 2806; x_wconf 43' lang='grc' dir='ltr'><strong>ὢν·</strong></span> <span class='ocrx_word' id='word_1_354' title='bbox 499 2752 656 2808; x_wconf 41' lang='lat' dir='ltr'>CLXXXVI·</span> <span class='ocrx_word' id='word_1_355' title='bbox 1015 2728 1076 2777; x_wconf 94' lang='lat' dir='ltr'><strong>tnm</strong></span> <span class='ocrx_word' id='word_1_356' title='bbox 1102 2724 1237 2785; x_wconf 81' lang='lat' dir='ltr'><strong>obtinuit.</strong></span> <span class='ocrx_word' id='word_1_357' title='bbox 1262 2725 1310 2779; x_wconf 90' lang='lat' dir='ltr'><strong>nbi</strong></span> <span class='ocrx_word' id='word_1_358' title='bbox 1329 2724 1399 2779; x_wconf 81' lang='lat' dir='ltr'><strong>dixit</strong></span> <span class='ocrx_word' id='word_1_359' title='bbox 1424 2725 1505 2778; x_wconf 85' lang='lat' dir='ltr'><strong>heato</strong></span> <span class='ocrx_word' id='word_1_360' title='bbox 1527 2725 1658 2795; x_wconf 90' lang='lat' dir='ltr'><strong>apostolo</strong></span> <span class='ocrx_word' id='word_1_361' title='bbox 1689 2726 1786 2779; x_wconf 85' lang='lat' dir='ltr'><strong>Petro:</strong></span> <span class='ocrx_word' id='word_1_362' title='bbox 1807 2725 1834 2777; x_wconf 83' lang='lat' dir='ltr'><strong>ru</strong></span> 
     </span>
     <span class='ocr_line' id='line_1_29' title="bbox 1015 2812 1834 2883; baseline -0.001 -18"><span class='ocrx_word' id='word_1_363' title='bbox 1015 2828 1042 2866; x_wconf 80' lang='lat' dir='ltr'><strong>es</strong></span> <span class='ocrx_word' id='word_1_364' title='bbox 1076 2813 1183 2878; x_wconf 81' lang='lat' dir='ltr'><strong>Petrus,</strong></span> <span class='ocrx_word' id='word_1_365' title='bbox 1209 2817 1234 2866; x_wconf 82' lang='lat' dir='ltr'><strong>rt</strong></span> <span class='ocrx_word' id='word_1_366' title='bbox 1260 2828 1343 2882; x_wconf 82' lang='lat' dir='ltr'><strong>super</strong></span> <span class='ocrx_word' id='word_1_367' title='bbox 1374 2813 1443 2866; x_wconf 85' lang='lat' dir='ltr'><strong>huno</strong></span> <span class='ocrx_word' id='word_1_368' title='bbox 1461 2817 1570 2882; x_wconf 83' lang='lat' dir='ltr'><strong>petrum</strong></span> <span class='ocrx_word' id='word_1_369' title='bbox 1598 2814 1735 2883; x_wconf 67' lang='lat' dir='ltr'><strong>(edificabo</strong></span> <span class='ocrx_word' id='word_1_370' title='bbox 1765 2812 1834 2867; x_wconf 82' lang='lat' dir='ltr'><strong>Eort-</strong></span> 
     </span>
     <span class='ocr_line' id='line_1_30' title="bbox 113 2877 1835 2971; baseline -0.001 -39"><span class='ocrx_word' id='word_1_371' title='bbox 113 2879 203 2944; x_wconf 79' lang='lat' dir='ltr'><strong>Onure</strong></span> <span class='ocrx_word' id='word_1_372' title='bbox 223 2879 316 2932; x_wconf 81' lang='lat' dir='ltr'><strong>Latini</strong></span> <span class='ocrx_word' id='word_1_373' title='bbox 345 2893 418 2931; x_wconf 82' lang='lat' dir='ltr'><strong>more</strong></span> <span class='ocrx_word' id='word_1_374' title='bbox 451 2877 602 2931; x_wconf 67' lang='lat' dir='ltr'><strong>Grecomm</strong></span> <span class='ocrx_word' id='word_1_375' title='bbox 630 2892 719 2930; x_wconf 84' lang='lat' dir='ltr'><strong>comus</strong></span> <span class='ocrx_word' id='word_1_376' title='bbox 744 2893 798 2931; x_wconf 86' lang='lat' dir='ltr'><strong>non</strong></span> <span class='ocrx_word' id='word_1_377' title='bbox 823 2881 960 2943; x_wconf 78' lang='lat' dir='ltr'><strong>ritttriunt,</strong></span> <span class='ocrx_word' id='word_1_378' title='bbox 1015 2904 1200 2962; x_wconf 36' lang='lat' dir='ltr'><strong><em>flammeam).</em></strong></span> <span class='ocrx_word' id='word_1_379' title='bbox 1224 2906 1249 2954; x_wconf 59' lang='lat' dir='ltr'><strong>,p</strong></span> <span class='ocrx_word' id='word_1_380' title='bbox 1268 2906 1356 2971; x_wconf 56' lang='lat' dir='ltr'><strong>Pom,</strong></span> <span class='ocrx_word' id='word_1_381' title='bbox 1370 2903 1453 2968; x_wconf 56' lang='lat' dir='ltr'><strong>mser,</strong></span> <span class='ocrx_word' id='word_1_382' title='bbox 1478 2917 1531 2956; x_wconf 61' lang='lat' dir='ltr'><strong>no„</strong></span> <span class='ocrx_word' id='word_1_383' title='bbox 1547 2902 1736 2971; x_wconf 57' lang='lat' dir='ltr'><strong>prmpebum</strong></span> <span class='ocrx_word' id='word_1_384' title='bbox 1760 2901 1835 2955; x_wconf 45' lang='lat' dir='ltr'><strong>app„</strong></span> 
     </span>
    </p>
   </div>
   <div class='ocr_carea' id='block_1_3' title="bbox 184 2956 1835 3082">
    <p class='ocr_par' dir='ltr' id='par_1_3' title="bbox 184 2956 1835 3082">
     <span class='ocr_line' id='line_1_31' title="bbox 184 2956 1835 3082; baseline -0.001 -72"><span class='ocrx_word' id='word_1_385' title='bbox 184 2957 383 3010; x_wconf 76' lang='lat' dir='ltr'><strong>utrnuliorv‘hus</strong></span> <span class='ocrx_word' id='word_1_386' title='bbox 399 2959 425 3009; x_wconf 85' lang='lat' dir='ltr'><strong>in</strong></span> <span class='ocrx_word' id='word_1_387' title='bbox 441 2956 562 3009; x_wconf 85' lang='lat' dir='ltr'><strong>crinibus</strong></span> <span class='ocrx_word' id='word_1_388' title='bbox 577 2956 701 3024; x_wconf 78' lang='lat' dir='ltr'><strong>dispares</strong></span> <span class='ocrx_word' id='word_1_389' title='bbox 716 2956 878 3011; x_wconf 80' lang='lat' dir='ltr'><strong>lrohcuntur.</strong></span> <span class='ocrx_word' id='word_1_390' title='bbox 980 3027 1001 3082; x_wconf 70' lang='lat' dir='ltr'>C</span> <span class='ocrx_word' id='word_1_391' title='bbox 1015 3004 1062 3043; x_wconf 61' lang='lat' dir='ltr'><strong>sus</strong></span> <span class='ocrx_word' id='word_1_392' title='bbox 1077 3005 1148 3043; x_wconf 50' lang='lat' dir='ltr'><strong>mm:</strong></span> <span class='ocrx_word' id='word_1_393' title='bbox 1170 2994 1195 3042; x_wconf 55' lang='lat' dir='ltr'><strong>et</strong></span> <span class='ocrx_word' id='word_1_394' title='bbox 1215 2990 1264 3042; x_wconf 44' lang='lat' dir='ltr'><strong>mli</strong></span> <span class='ocrx_word' id='word_1_395' title='bbox 1286 2990 1355 3043; x_wconf 57' lang='lat' dir='ltr'><em>dabo</em></span> <span class='ocrx_word' id='word_1_396' title='bbox 1370 2991 1458 3044; x_wconf 54' lang='lat' dir='ltr'><em>claves</em></span> <span class='ocrx_word' id='word_1_397' title='bbox 1480 2995 1557 3057; x_wconf 53' lang='lat' dir='ltr'><strong>mm.</strong></span> <span class='ocrx_word' id='word_1_398' title='bbox 1579 2991 1716 3052; x_wconf 50' lang='lat' dir='ltr'><strong>mmm,</strong></span> <span class='ocrx_word' id='word_1_399' title='bbox 1741 2992 1772 3044; x_wconf 37' lang='grc' dir='ltr'><strong>Εἰ</strong></span> <span class='ocrx_word' id='word_1_400' title='bbox 1784 3002 1835 3055; x_wconf 48' lang='grc' dir='ltr'><strong>(Μ</strong></span> 
     </span>
    </p>
   </div>
   <div class='ocr_carea' id='block_1_4' title="bbox 4 3076 1834 3419">
    <p class='ocr_par' dir='ltr' id='par_1_4' title="bbox 4 3076 1834 3419">
     <span class='ocr_line' id='line_1_32' title="bbox 149 3076 1831 3151; baseline -0.004 -20"><span class='ocrx_word' id='word_1_401' title='bbox 149 3101 162 3131; x_wconf 80' lang='lat' dir='ltr'><strong>a</strong></span> <span class='ocrx_word' id='word_1_402' title='bbox 181 3080 250 3135; x_wconf 89' lang='lat' dir='ltr'><strong>Cum</strong></span> <span class='ocrx_word' id='word_1_403' title='bbox 266 3096 334 3150; x_wconf 83' lang='lat' dir='ltr'><strong>ergo</strong></span> <span class='ocrx_word' id='word_1_404' title='bbox 349 3080 437 3144; x_wconf 68' lang='lat' dir='ltr'><strong>Greci</strong></span> <span class='ocrx_word' id='word_1_405' title='bbox 453 3080 565 3134; x_wconf 83' lang='lat' dir='ltr'><strong>Latinos</strong></span> <span class='ocrx_word' id='word_1_406' title='bbox 585 3084 613 3133; x_wconf 90' lang='lat' dir='ltr'><strong>et</strong></span> <span class='ocrx_word' id='word_1_407' title='bbox 631 3080 774 3134; x_wconf 86' lang='lat' dir='ltr'><strong>Romanos</strong></span> <span class='ocrx_word' id='word_1_408' title='bbox 787 3080 962 3151; x_wconf 77' lang='lat' dir='ltr'><strong>redarguant</strong></span> <span class='ocrx_word' id='word_1_409' title='bbox 1014 3093 1121 3142; x_wconf 78' lang='lat' dir='ltr'><strong>ortisque</strong></span> <span class='ocrx_word' id='word_1_410' title='bbox 1136 3079 1263 3145; x_wconf 79' lang='lat' dir='ltr'><strong>tipo-orris</strong></span> <span class='ocrx_word' id='word_1_411' title='bbox 1277 3094 1360 3147; x_wconf 85' lang='lat' dir='ltr'><strong>super</strong></span> <span class='ocrx_word' id='word_1_412' title='bbox 1375 3083 1485 3144; x_wconf 80' lang='lat' dir='ltr'><strong>terrum,</strong></span> <span class='ocrx_word' id='word_1_413' title='bbox 1501 3082 1582 3133; x_wconf 87' lang='lat' dir='ltr'><strong>erunt</strong></span> <span class='ocrx_word' id='word_1_414' title='bbox 1597 3080 1686 3146; x_wconf 76' lang='lat' dir='ltr'><strong>lipoto-</strong></span> <span class='ocrx_word' id='word_1_415' title='bbox 1699 3084 1723 3133; x_wconf 87' lang='lat' dir='ltr'><strong>et</strong></span> <span class='ocrx_word' id='word_1_416' title='bbox 1737 3083 1763 3132; x_wconf 84' lang='lat' dir='ltr'><strong>in</strong></span> <span class='ocrx_word' id='word_1_417' title='bbox 1779 3076 1831 3131; x_wconf 84' lang='lat' dir='ltr'><strong>ento.</strong></span> 
     </span>
     <span class='ocr_line' id='line_1_33' title="bbox 4 3167 1834 3240; baseline -0.005 -15"><span class='ocrx_word' id='word_1_418' title='bbox 4 3211 7 3215; x_wconf 88' lang='lat'>-</span> <span class='ocrx_word' id='word_1_419' title='bbox 112 3187 164 3225; x_wconf 89' lang='lat' dir='ltr'><strong>our</strong></span> <span class='ocrx_word' id='word_1_420' title='bbox 187 3170 289 3224; x_wconf 84' lang='lat' dir='ltr'><strong>barbas</strong></span> <span class='ocrx_word' id='word_1_421' title='bbox 308 3170 419 3233; x_wconf 86' lang='lat' dir='ltr'><strong>radant,</strong></span> <span class='ocrx_word' id='word_1_422' title='bbox 443 3169 492 3240; x_wconf 92' lang='lat' dir='ltr'><strong>qui</strong></span> <span class='ocrx_word' id='word_1_423' title='bbox 521 3169 557 3222; x_wconf 91' lang='lat' dir='ltr'><strong>ob</strong></span> <span class='ocrx_word' id='word_1_424' title='bbox 582 3169 754 3223; x_wconf 87' lang='lat' dir='ltr'><strong>munditiam</strong></span> <span class='ocrx_word' id='word_1_425' title='bbox 779 3169 880 3239; x_wconf 90' lang='lat' dir='ltr'><strong>utique</strong></span> <span class='ocrx_word' id='word_1_426' title='bbox 907 3168 961 3222; x_wconf 92' lang='lat' dir='ltr'><strong>hoc</strong></span> <span class='ocrx_word' id='word_1_427' title='bbox 1013 3167 1577 3236; x_wconf 78' lang='lat' dir='ltr'><strong>thrtaeounquosotoertssupertrrrom,</strong></span> <span class='ocrx_word' id='word_1_428' title='bbox 1595 3167 1834 3221; x_wconf 83' lang='lat' dir='ltr'><strong>eruutsolutoetiu</strong></span> 
     </span>
     <span class='ocr_line' id='line_1_34' title="bbox 112 3253 1832 3332; baseline -0.005 -18"><span class='ocrx_word' id='word_1_429' title='bbox 112 3265 210 3332; x_wconf 78' lang='lat' dir='ltr'><strong>agunt,</strong></span> <span class='ocrx_word' id='word_1_430' title='bbox 236 3276 322 3330; x_wconf 86' lang='lat' dir='ltr'><strong>qnam</strong></span> <span class='ocrx_word' id='word_1_431' title='bbox 347 3259 506 3329; x_wconf 85' lang='lat' dir='ltr'><strong>expressius</strong></span> <span class='ocrx_word' id='word_1_432' title='bbox 533 3257 754 3312; x_wconf 84' lang='lat' dir='ltr'><strong>ecclesiasticum</strong></span> <span class='ocrx_word' id='word_1_433' title='bbox 781 3257 898 3329; x_wconf 84' lang='lat' dir='ltr'><strong>expedit</strong></span> <span class='ocrx_word' id='word_1_434' title='bbox 932 3266 961 3312; x_wconf 91' lang='lat' dir='ltr'><strong>et</strong></span> <span class='ocrx_word' id='word_1_435' title='bbox 1014 3255 1076 3308; x_wconf 85' lang='lat' dir='ltr'><strong>coeln</strong></span> <span class='ocrx_word' id='word_1_436' title='bbox 1089 3255 1198 3325; x_wconf 78' lang='lat' dir='ltr'><strong>(blntth.</strong></span> <span class='ocrx_word' id='word_1_437' title='bbox 1214 3272 1271 3318; x_wconf 82' lang='lat' dir='ltr'><strong>xri,</strong></span> <span class='ocrx_word' id='word_1_438' title='bbox 1290 3259 1321 3311; x_wconf 91' lang='lat' dir='ltr'><strong>l8</strong></span> <span class='ocrx_word' id='word_1_439' title='bbox 1335 3261 1409 3325; x_wconf 81' lang='lat' dir='ltr'><strong>seq.)</strong></span> <span class='ocrx_word' id='word_1_440' title='bbox 1424 3255 1560 3310; x_wconf 81' lang='lat' dir='ltr'><strong>Adhibita</strong></span> <span class='ocrx_word' id='word_1_441' title='bbox 1579 3260 1623 3310; x_wconf 87' lang='lat' dir='ltr'><strong>est</strong></span> <span class='ocrx_word' id='word_1_442' title='bbox 1636 3257 1724 3310; x_wconf 90' lang='lat' dir='ltr'><strong>etiam</strong></span> <span class='ocrx_word' id='word_1_443' title='bbox 1738 3253 1832 3309; x_wconf 79' lang='lat' dir='ltr'><strong>societas</strong></span> 
     </span>
     <span class='ocr_line' id='line_1_35' title="bbox 113 3341 1834 3419; baseline -0.006 -14"><span class='ocrx_word' id='word_1_444' title='bbox 113 3349 240 3419; x_wconf 86' lang='lat' dir='ltr'><strong>deposcit</strong></span> <span class='ocrx_word' id='word_1_445' title='bbox 255 3347 465 3416; x_wconf 79' lang='lat' dir='ltr'><strong>ministerinm3</strong></span> <span class='ocrx_word' id='word_1_446' title='bbox 491 3347 599 3416; x_wconf 87' lang='lat' dir='ltr'><strong>quippe</strong></span> <span class='ocrx_word' id='word_1_447' title='bbox 614 3361 678 3399; x_wconf 92' lang='lat' dir='ltr'><strong>cum</strong></span> <span class='ocrx_word' id='word_1_448' title='bbox 694 3346 812 3400; x_wconf 76' lang='lat' dir='ltr'><strong>diversae</strong></span> <span class='ocrx_word' id='word_1_449' title='bbox 829 3345 960 3400; x_wconf 88' lang='lat' dir='ltr'><strong>nationes</strong></span> <span class='ocrx_word' id='word_1_450' title='bbox 1013 3341 1044 3396; x_wconf 91' lang='lat' dir='ltr'><strong>in</strong></span> <span class='ocrx_word' id='word_1_451' title='bbox 1058 3344 1157 3397; x_wconf 88' lang='lat' dir='ltr'><strong>eadem</strong></span> <span class='ocrx_word' id='word_1_452' title='bbox 1172 3344 1301 3398; x_wconf 84' lang='lat' dir='ltr'><strong>Romana</strong></span> <span class='ocrx_word' id='word_1_453' title='bbox 1317 3345 1387 3398; x_wconf 93' lang='lat' dir='ltr'><strong>urbe</strong></span> <span class='ocrx_word' id='word_1_454' title='bbox 1401 3343 1560 3398; x_wconf 89' lang='lat' dir='ltr'><strong>beatissimi</strong></span> <span class='ocrx_word' id='word_1_455' title='bbox 1579 3343 1704 3415; x_wconf 88' lang='lat' dir='ltr'><strong>apostoli</strong></span> <span class='ocrx_word' id='word_1_456' title='bbox 1717 3344 1789 3399; x_wconf 88' lang='lat' dir='ltr'><strong>Pauli</strong></span> <span class='ocrx_word' id='word_1_457' title='bbox 1800 3356 1834 3394; x_wconf 86' lang='lat' dir='ltr'><strong>ra·</strong></span> 
     </span>
    </p>
   </div>
   <div class='ocr_carea' id='block_1_5' title="bbox 108 3431 1834 4572">
    <p class='ocr_par' dir='ltr' id='par_1_5' title="bbox 108 3431 1834 4572">
     <span class='ocr_line' id='line_1_36' title="bbox 112 3431 1834 3505; baseline -0.004 -15"><span class='ocrx_word' id='word_1_458' title='bbox 112 3453 193 3492; x_wconf 89' lang='lat' dir='ltr'><strong>sunm</strong></span> <span class='ocrx_word' id='word_1_459' title='bbox 208 3436 357 3490; x_wconf 87' lang='lat' dir='ltr'><strong>observent</strong></span> <span class='ocrx_word' id='word_1_460' title='bbox 375 3435 613 3489; x_wconf 89' lang='lat' dir='ltr'><strong>consuetudinem</strong></span> <span class='ocrx_word' id='word_1_461' title='bbox 635 3435 665 3487; x_wconf 92' lang='lat' dir='ltr'><strong>in</strong></span> <span class='ocrx_word' id='word_1_462' title='bbox 689 3436 766 3488; x_wconf 87' lang='lat' dir='ltr'><strong>cultu</strong></span> <span class='ocrx_word' id='word_1_463' title='bbox 789 3433 917 3504; x_wconf 83' lang='lat' dir='ltr'><strong>eorporis</strong></span> <span class='ocrx_word' id='word_1_464' title='bbox 932 3439 960 3489; x_wconf 90' lang='lat' dir='ltr'><strong>et</strong></span> <span class='ocrx_word' id='word_1_465' title='bbox 1013 3431 1051 3484; x_wconf 88' lang='lat' dir='ltr'><strong>sis</strong></span> <span class='ocrx_word' id='word_1_466' title='bbox 1066 3432 1223 3500; x_wconf 91' lang='lat' dir='ltr'><strong>electionis,</strong></span> <span class='ocrx_word' id='word_1_467' title='bbox 1236 3433 1287 3503; x_wconf 92' lang='lat' dir='ltr'><strong>qui</strong></span> <span class='ocrx_word' id='word_1_468' title='bbox 1305 3448 1362 3487; x_wconf 91' lang='lat' dir='ltr'><strong>nno</strong></span> <span class='ocrx_word' id='word_1_469' title='bbox 1383 3432 1439 3498; x_wconf 88' lang='lat' dir='ltr'><strong>die,</strong></span> <span class='ocrx_word' id='word_1_470' title='bbox 1455 3448 1572 3504; x_wconf 87' lang='lat' dir='ltr'><strong>unoque</strong></span> <span class='ocrx_word' id='word_1_471' title='bbox 1588 3438 1720 3505; x_wconf 89' lang='lat' dir='ltr'><strong>tempore</strong></span> <span class='ocrx_word' id='word_1_472' title='bbox 1735 3431 1834 3504; x_wconf 74' lang='lat' dir='ltr'><strong>glorios</strong></span> 
     </span>
     <span class='ocr_line' id='line_1_37' title="bbox 112 3520 1833 3593; baseline -0.005 -14"><span class='ocrx_word' id='word_1_473' title='bbox 112 3525 348 3579; x_wconf 84' lang='lat' dir='ltr'><strong>vestimentorum</strong></span> <span class='ocrx_word' id='word_1_474' title='bbox 372 3521 560 3590; x_wconf 82' lang='lat' dir='ltr'><strong>indumentis,</strong></span> <span class='ocrx_word' id='word_1_475' title='bbox 577 3526 606 3576; x_wconf 93' lang='lat' dir='ltr'><strong>et</strong></span> <span class='ocrx_word' id='word_1_476' title='bbox 627 3521 681 3576; x_wconf 92' lang='lat' dir='ltr'><strong>hoc</strong></span> <span class='ocrx_word' id='word_1_477' title='bbox 696 3522 757 3576; x_wconf 88' lang='lat' dir='ltr'><strong>siue</strong></span> <span class='ocrx_word' id='word_1_478' title='bbox 774 3522 904 3589; x_wconf 88' lang='lat' dir='ltr'><strong>crimine,</strong></span> <span class='ocrx_word' id='word_1_479' title='bbox 920 3521 960 3577; x_wconf 90' lang='lat' dir='ltr'><strong>ita</strong></span> <span class='ocrx_word' id='word_1_480' title='bbox 1012 3525 1105 3575; x_wconf 89' lang='lat' dir='ltr'><strong>morte</strong></span> <span class='ocrx_word' id='word_1_481' title='bbox 1121 3536 1186 3575; x_wconf 92' lang='lat' dir='ltr'><strong>cum</strong></span> <span class='ocrx_word' id='word_1_482' title='bbox 1203 3523 1287 3576; x_wconf 86' lang='lat' dir='ltr'><strong>Petro</strong></span> <span class='ocrx_word' id='word_1_483' title='bbox 1303 3521 1356 3576; x_wconf 89' lang='lat' dir='ltr'><strong>suh</strong></span> <span class='ocrx_word' id='word_1_484' title='bbox 1372 3520 1502 3593; x_wconf 91' lang='lat' dir='ltr'><strong>principe</strong></span> <span class='ocrx_word' id='word_1_485' title='bbox 1516 3521 1629 3576; x_wconf 89' lang='lat' dir='ltr'><strong>Nerone</strong></span> <span class='ocrx_word' id='word_1_486' title='bbox 1643 3522 1833 3593; x_wconf 79' lang='lat' dir='ltr'><strong>agonizansro</strong></span> 
     </span>
     <span class='ocr_line' id='line_1_38' title="bbox 112 3607 1834 3681; baseline -0.005 -14"><span class='ocrx_word' id='word_1_487' title='bbox 112 3614 250 3668; x_wconf 80' lang='lat' dir='ltr'><strong>duntaxat</strong></span> <span class='ocrx_word' id='word_1_488' title='bbox 263 3616 295 3664; x_wconf 93' lang='lat' dir='ltr'><strong>ut</strong></span> <span class='ocrx_word' id='word_1_489' title='bbox 315 3625 373 3664; x_wconf 91' lang='lat' dir='ltr'><strong>non</strong></span> <span class='ocrx_word' id='word_1_490' title='bbox 393 3608 564 3681; x_wconf 87' lang='lat' dir='ltr'><strong>discrepeta</strong></span> <span class='ocrx_word' id='word_1_491' title='bbox 591 3609 730 3664; x_wconf 87' lang='lat' dir='ltr'><strong>catholica</strong></span> <span class='ocrx_word' id='word_1_492' title='bbox 755 3610 833 3677; x_wconf 90' lang='lat' dir='ltr'><strong>lide;</strong></span> <span class='ocrx_word' id='word_1_493' title='bbox 854 3627 958 3667; x_wconf 85' lang='lat' dir='ltr'><strong>conve·</strong></span> <span class='ocrx_word' id='word_1_494' title='bbox 1011 3615 1130 3664; x_wconf 83' lang='lat' dir='ltr'><strong>renatus</strong></span> <span class='ocrx_word' id='word_1_495' title='bbox 1159 3614 1220 3676; x_wconf 83' lang='lat' dir='ltr'><strong>est3</strong></span> <span class='ocrx_word' id='word_1_496' title='bbox 1244 3615 1272 3664; x_wconf 92' lang='lat' dir='ltr'><strong>et</strong></span> <span class='ocrx_word' id='word_1_497' title='bbox 1303 3610 1389 3664; x_wconf 91' lang='lat' dir='ltr'><strong>ambo</strong></span> <span class='ocrx_word' id='word_1_498' title='bbox 1414 3610 1525 3681; x_wconf 88' lang='lat' dir='ltr'><strong>pariter</strong></span> <span class='ocrx_word' id='word_1_499' title='bbox 1552 3614 1681 3665; x_wconf 91' lang='lat' dir='ltr'><strong>sanctam</strong></span> <span class='ocrx_word' id='word_1_500' title='bbox 1708 3607 1834 3665; x_wconf 75' lang='lat' dir='ltr'><strong>Ecclesiam</strong></span> 
     </span>
     <span class='ocr_line' id='line_1_39' title="bbox 112 3696 1834 3775; baseline -0.004 -18"><span class='ocrx_word' id='word_1_501' title='bbox 112 3703 225 3757; x_wconf 90' lang='lat' dir='ltr'><strong>nieuter</strong></span> <span class='ocrx_word' id='word_1_502' title='bbox 238 3707 266 3755; x_wconf 89' lang='lat' dir='ltr'><strong>et</strong></span> <span class='ocrx_word' id='word_1_503' title='bbox 281 3700 374 3756; x_wconf 90' lang='lat' dir='ltr'><strong>Latini</strong></span> <span class='ocrx_word' id='word_1_504' title='bbox 389 3700 481 3755; x_wconf 90' lang='lat' dir='ltr'><strong>vicem</strong></span> <span class='ocrx_word' id='word_1_505' title='bbox 500 3702 655 3772; x_wconf 76' lang='lat' dir='ltr'><strong>questioni</strong></span> <span class='ocrx_word' id='word_1_506' title='bbox 674 3702 846 3775; x_wconf 87' lang='lat' dir='ltr'><strong>rependunt,</strong></span> <span class='ocrx_word' id='word_1_507' title='bbox 869 3719 958 3773; x_wconf 85' lang='lat' dir='ltr'><strong>quare</strong></span> <span class='ocrx_word' id='word_1_508' title='bbox 1012 3698 1173 3752; x_wconf 85' lang='lat' dir='ltr'><strong>Romanam</strong></span> <span class='ocrx_word' id='word_1_509' title='bbox 1195 3698 1308 3753; x_wconf 84' lang='lat' dir='ltr'><strong>Christo</strong></span> <span class='ocrx_word' id='word_1_510' title='bbox 1338 3698 1460 3754; x_wconf 85' lang='lat' dir='ltr'><strong>Domino</strong></span> <span class='ocrx_word' id='word_1_511' title='bbox 1484 3703 1705 3762; x_wconf 71' lang='lat' dir='ltr'><strong>consecrarunt:</strong></span> <span class='ocrx_word' id='word_1_512' title='bbox 1740 3696 1834 3767; x_wconf 74' lang='lat' dir='ltr'><strong>aliisque</strong></span> 
     </span>
     <span class='ocr_line' id='line_1_40' title="bbox 113 3783 1833 3859; baseline -0.006 -13"><span class='ocrx_word' id='word_1_513' title='bbox 113 3793 274 3847; x_wconf 63' lang='lat' dir='ltr'><strong>Graecorum</strong></span> <span class='ocrx_word' id='word_1_514' title='bbox 289 3788 354 3842; x_wconf 89' lang='lat' dir='ltr'><strong>laici</strong></span> <span class='ocrx_word' id='word_1_515' title='bbox 371 3804 450 3842; x_wconf 90' lang='lat' dir='ltr'><strong>more</strong></span> <span class='ocrx_word' id='word_1_516' title='bbox 461 3788 634 3844; x_wconf 81' lang='lat' dir='ltr'><strong>feminarum</strong></span> <span class='ocrx_word' id='word_1_517' title='bbox 650 3798 749 3846; x_wconf 90' lang='lat' dir='ltr'><strong>contra</strong></span> <span class='ocrx_word' id='word_1_518' title='bbox 773 3791 956 3846; x_wconf 88' lang='lat' dir='ltr'><strong>interdictum</strong></span> <span class='ocrx_word' id='word_1_519' title='bbox 1011 3787 1145 3841; x_wconf 90' lang='lat' dir='ltr'><strong>omnibus</strong></span> <span class='ocrx_word' id='word_1_520' title='bbox 1169 3786 1286 3842; x_wconf 89' lang='lat' dir='ltr'><strong>urbibus</strong></span> <span class='ocrx_word' id='word_1_521' title='bbox 1300 3787 1331 3841; x_wconf 92' lang='lat' dir='ltr'><strong>in</strong></span> <span class='ocrx_word' id='word_1_522' title='bbox 1354 3787 1487 3841; x_wconf 92' lang='lat' dir='ltr'><strong>universo</strong></span> <span class='ocrx_word' id='word_1_523' title='bbox 1502 3787 1611 3842; x_wconf 89' lang='lat' dir='ltr'><strong>mundo</strong></span> <span class='ocrx_word' id='word_1_524' title='bbox 1627 3783 1833 3859; x_wconf 78' lang='lat' dir='ltr'><strong>sna&#39;praesentir,</strong></span> 
     </span>
     <span class='ocr_line' id='line_1_41' title="bbox 111 3875 1834 3950; baseline -0.001 -16"><span class='ocrx_word' id='word_1_525' title='bbox 111 3880 236 3934; x_wconf 86' lang='lat' dir='ltr'><strong>tonantis</strong></span> <span class='ocrx_word' id='word_1_526' title='bbox 258 3878 337 3933; x_wconf 87' lang='lat' dir='ltr'><strong>Pauli</strong></span> <span class='ocrx_word' id='word_1_527' title='bbox 362 3894 458 3932; x_wconf 86' lang='lat' dir='ltr'><strong>comas</strong></span> <span class='ocrx_word' id='word_1_528' title='bbox 482 3879 622 3946; x_wconf 84' lang='lat' dir='ltr'><strong>nutriant,</strong></span> <span class='ocrx_word' id='word_1_529' title='bbox 652 3881 702 3950; x_wconf 89' lang='lat' dir='ltr'><strong>qui</strong></span> <span class='ocrx_word' id='word_1_530' title='bbox 738 3881 781 3935; x_wconf 85' lang='lat' dir='ltr'><strong>ita</strong></span> <span class='ocrx_word' id='word_1_531' title='bbox 803 3881 958 3936; x_wconf 84' lang='lat' dir='ltr'><strong>Corinthiis</strong></span> <span class='ocrx_word' id='word_1_532' title='bbox 1010 3880 1096 3946; x_wconf 88' lang='lat' dir='ltr'><strong>atque</strong></span> <span class='ocrx_word' id='word_1_533' title='bbox 1118 3876 1280 3930; x_wconf 83' lang='lat' dir='ltr'><strong>venerando</strong></span> <span class='ocrx_word' id='word_1_534' title='bbox 1298 3875 1447 3947; x_wconf 88' lang='lat' dir='ltr'><strong>triumpho</strong></span> <span class='ocrx_word' id='word_1_535' title='bbox 1463 3876 1653 3948; x_wconf 77' lang='lat' dir='ltr'><strong>pretulorunt</strong></span> <span class='ocrx_word' id='word_1_536' title='bbox 1672 3876 1705 3930; x_wconf 84' lang='lat' dir='ltr'><strong>Et</strong></span> <span class='ocrx_word' id='word_1_537' title='bbox 1723 3876 1783 3930; x_wconf 82' lang='lat' dir='ltr'><strong>licet</strong></span> <span class='ocrx_word' id='word_1_538' title='bbox 1799 3883 1834 3943; x_wconf 84' lang='lat' dir='ltr'><strong>pro</strong></span> 
     </span>
     <span class='ocr_line' id='line_1_42' title="bbox 112 3963 1833 4040; baseline -0.002 -18"><span class='ocrx_word' id='word_1_539' title='bbox 112 3968 265 4040; x_wconf 86' lang='lat' dir='ltr'><strong>apostolica</strong></span> <span class='ocrx_word' id='word_1_540' title='bbox 287 3967 455 4021; x_wconf 87' lang='lat' dir='ltr'><strong>anctoritate</strong></span> <span class='ocrx_word' id='word_1_541' title='bbox 482 3967 653 4023; x_wconf 91' lang='lat' dir='ltr'><strong>interminat</strong></span> <span class='ocrx_word' id='word_1_542' title='bbox 676 3968 796 4023; x_wconf 89' lang='lat' dir='ltr'><strong>dicens:</strong></span> <span class='ocrx_word' id='word_1_543' title='bbox 822 3971 876 4025; x_wconf 82' lang='lat' dir='ltr'><strong>Neo</strong></span> <span class='ocrx_word' id='word_1_544' title='bbox 896 3974 958 4038; x_wconf 83' lang='lat' dir='ltr'><strong>ipsu</strong></span> <span class='ocrx_word' id='word_1_545' title='bbox 1010 3963 1142 4018; x_wconf 77' lang='lat' dir='ltr'><strong>omnibus</strong></span> <span class='ocrx_word' id='word_1_546' title='bbox 1166 3965 1283 4018; x_wconf 79' lang='lat' dir='ltr'><strong>assidua</strong></span> <span class='ocrx_word' id='word_1_547' title='bbox 1311 3963 1386 4034; x_wconf 81' lang='lat' dir='ltr'><strong>apud</strong></span> <span class='ocrx_word' id='word_1_548' title='bbox 1414 3965 1504 4019; x_wconf 83' lang='lat' dir='ltr'><strong>Deum</strong></span> <span class='ocrx_word' id='word_1_549' title='bbox 1536 3963 1668 4019; x_wconf 87' lang='lat' dir='ltr'><strong>omnium</strong></span> <span class='ocrx_word' id='word_1_550' title='bbox 1696 3967 1833 4018; x_wconf 70' lang='lat' dir='ltr'><strong>sanctorum</strong></span> 
     </span>
     <span class='ocr_line' id='line_1_43' title="bbox 109 4045 1832 4126; baseline -0.005 -16"><span class='ocrx_word' id='word_1_551' title='bbox 109 4060 212 4110; x_wconf 78' lang='lat' dir='ltr'><strong>nrrturn</strong></span> <span class='ocrx_word' id='word_1_552' title='bbox 234 4054 308 4108; x_wconf 83' lang='lat' dir='ltr'><strong>docet</strong></span> <span class='ocrx_word' id='word_1_553' title='bbox 322 4069 378 4114; x_wconf 83' lang='lat' dir='ltr'><strong>ons,</strong></span> <span class='ocrx_word' id='word_1_554' title='bbox 397 4054 471 4119; x_wconf 83' lang='lat' dir='ltr'><strong>quod</strong></span> <span class='ocrx_word' id='word_1_555' title='bbox 492 4059 536 4107; x_wconf 82' lang='lat' dir='ltr'><strong>uir</strong></span> <span class='ocrx_word' id='word_1_556' title='bbox 555 4055 664 4120; x_wconf 80' lang='lat' dir='ltr'><strong>quidem</strong></span> <span class='ocrx_word' id='word_1_557' title='bbox 679 4061 703 4110; x_wconf 87' lang='lat' dir='ltr'><strong>si</strong></span> <span class='ocrx_word' id='word_1_558' title='bbox 722 4071 824 4111; x_wconf 84' lang='lat' dir='ltr'><strong>comem</strong></span> <span class='ocrx_word' id='word_1_559' title='bbox 838 4061 955 4119; x_wconf 82' lang='lat' dir='ltr'><strong>nutriet,</strong></span> <span class='ocrx_word' id='word_1_560' title='bbox 1009 4051 1147 4106; x_wconf 84' lang='lat' dir='ltr'><strong>fundatur</strong></span> <span class='ocrx_word' id='word_1_561' title='bbox 1169 4053 1271 4115; x_wconf 91' lang='lat' dir='ltr'><strong>oratio,</strong></span> <span class='ocrx_word' id='word_1_562' title='bbox 1300 4053 1344 4107; x_wconf 89' lang='lat' dir='ltr'><strong>his</strong></span> <span class='ocrx_word' id='word_1_563' title='bbox 1372 4057 1470 4126; x_wconf 85' lang='lat' dir='ltr'><strong>tamen</strong></span> <span class='ocrx_word' id='word_1_564' title='bbox 1486 4052 1580 4107; x_wconf 91' lang='lat' dir='ltr'><strong>verbis</strong></span> <span class='ocrx_word' id='word_1_565' title='bbox 1603 4053 1710 4108; x_wconf 87' lang='lat' dir='ltr'><strong>Paulus</strong></span> <span class='ocrx_word' id='word_1_566' title='bbox 1729 4045 1832 4108; x_wconf 85' lang='lat' dir='ltr'><strong>beatissi-</strong></span> 
     </span>
     <span class='ocr_line' id='line_1_44' title="bbox 108 4134 1832 4213; baseline -0.004 -16"><span class='ocrx_word' id='word_1_567' title='bbox 108 4147 261 4211; x_wconf 68' lang='lat' dir='ltr'><strong>tenemium</strong></span> <span class='ocrx_word' id='word_1_568' title='bbox 280 4147 319 4196; x_wconf 85' lang='lat' dir='ltr'><strong>est</strong></span> <span class='ocrx_word' id='word_1_569' title='bbox 332 4143 374 4195; x_wconf 78' lang='lat' dir='ltr'><strong>ilti-</strong></span> <span class='ocrx_word' id='word_1_570' title='bbox 389 4159 395 4195; x_wconf 91' lang='lat'>:</span> <span class='ocrx_word' id='word_1_571' title='bbox 412 4143 511 4196; x_wconf 77' lang='lat' dir='ltr'><strong>rituttrr</strong></span> <span class='ocrx_word' id='word_1_572' title='bbox 525 4158 587 4197; x_wconf 79' lang='lat' dir='ltr'><strong>vero</strong></span> <span class='ocrx_word' id='word_1_573' title='bbox 607 4148 631 4197; x_wconf 83' lang='lat' dir='ltr'><strong>si</strong></span> <span class='ocrx_word' id='word_1_574' title='bbox 645 4159 748 4199; x_wconf 84' lang='lat' dir='ltr'><strong>comem</strong></span> <span class='ocrx_word' id='word_1_575' title='bbox 764 4149 881 4207; x_wconf 75' lang='lat' dir='ltr'><strong>nestriot,</strong></span> <span class='ocrx_word' id='word_1_576' title='bbox 897 4146 955 4213; x_wconf 79' lang='lat' dir='ltr'><strong>plo-</strong></span> <span class='ocrx_word' id='word_1_577' title='bbox 1009 4157 1073 4194; x_wconf 89' lang='lat' dir='ltr'><strong>mus</strong></span> <span class='ocrx_word' id='word_1_578' title='bbox 1087 4141 1236 4211; x_wconf 89' lang='lat' dir='ltr'><strong>apostolus</strong></span> <span class='ocrx_word' id='word_1_579' title='bbox 1258 4141 1396 4195; x_wconf 83' lang='lat' dir='ltr'><strong>Romanis</strong></span> <span class='ocrx_word' id='word_1_580' title='bbox 1421 4141 1539 4213; x_wconf 92' lang='lat' dir='ltr'><strong>proprio</strong></span> <span class='ocrx_word' id='word_1_581' title='bbox 1554 4141 1745 4213; x_wconf 79' lang='lat' dir='ltr'><strong>chirographo</strong></span> <span class='ocrx_word' id='word_1_582' title='bbox 1767 4134 1832 4211; x_wconf 88' lang='lat' dir='ltr'><strong>polli-</strong></span> 
     </span>
     <span class='ocr_line' id='line_1_45' title="bbox 109 4226 1831 4302; baseline -0.003 -15"><span class='ocrx_word' id='word_1_583' title='bbox 109 4237 153 4287; x_wconf 80' lang='lat' dir='ltr'><strong>m&#39;n</strong></span> <span class='ocrx_word' id='word_1_584' title='bbox 166 4237 205 4286; x_wconf 87' lang='lat' dir='ltr'><strong>est</strong></span> <span class='ocrx_word' id='word_1_585' title='bbox 219 4233 276 4294; x_wconf 79' lang='lat' dir='ltr'><strong>nn,-</strong></span> <span class='ocrx_word' id='word_1_586' title='bbox 297 4235 425 4296; x_wconf 83' lang='lat' dir='ltr'><strong>quom&#39;um</strong></span> <span class='ocrx_word' id='word_1_587' title='bbox 449 4233 542 4300; x_wconf 66' lang='lat' dir='ltr'><strong>serpilli</strong></span> <span class='ocrx_word' id='word_1_588' title='bbox 562 4248 615 4302; x_wconf 81' lang='lat' dir='ltr'><strong>pro</strong></span> <span class='ocrx_word' id='word_1_589' title='bbox 630 4234 762 4287; x_wconf 84' lang='lat' dir='ltr'><strong>uelamine</strong></span> <span class='ocrx_word' id='word_1_590' title='bbox 777 4233 871 4287; x_wconf 77' lang='lat' dir='ltr'><strong>udan</strong></span> <span class='ocrx_word' id='word_1_591' title='bbox 885 4233 957 4302; x_wconf 68' lang='lat' dir='ltr'><strong>[sunt</strong></span> <span class='ocrx_word' id='word_1_592' title='bbox 1009 4233 1089 4283; x_wconf 89' lang='lat' dir='ltr'><strong>cetur</strong></span> <span class='ocrx_word' id='word_1_593' title='bbox 1100 4230 1196 4284; x_wconf 89' lang='lat' dir='ltr'><strong>dicens</strong></span> <span class='ocrx_word' id='word_1_594' title='bbox 1213 4246 1220 4284; x_wconf 92' lang='lat'>:</span> <span class='ocrx_word' id='word_1_595' title='bbox 1239 4232 1325 4284; x_wconf 83' lang='lat' dir='ltr'><strong>Testis</strong></span> <span class='ocrx_word' id='word_1_596' title='bbox 1339 4234 1409 4284; x_wconf 83' lang='lat' dir='ltr'><strong>enim</strong></span> <span class='ocrx_word' id='word_1_597' title='bbox 1420 4230 1488 4284; x_wconf 82' lang='lat' dir='ltr'><strong>mibi</strong></span> <span class='ocrx_word' id='word_1_598' title='bbox 1504 4236 1544 4284; x_wconf 89' lang='lat' dir='ltr'><strong>est</strong></span> <span class='ocrx_word' id='word_1_599' title='bbox 1556 4233 1638 4292; x_wconf 79' lang='lat' dir='ltr'><strong>Deus,</strong></span> <span class='ocrx_word' id='word_1_600' title='bbox 1658 4235 1703 4285; x_wconf 82' lang='lat' dir='ltr'><strong>cni</strong></span> <span class='ocrx_word' id='word_1_601' title='bbox 1715 4226 1831 4288; x_wconf 74' lang='lat' dir='ltr'><strong>serenta</strong></span> 
     </span>
     <span class='ocr_line' id='line_1_46' title="bbox 109 4315 1832 4391; baseline -0.003 -18"><span class='ocrx_word' id='word_1_602' title='bbox 109 4320 135 4390; x_wconf 86' lang='lat' dir='ltr'><strong>(i</strong></span> <span class='ocrx_word' id='word_1_603' title='bbox 149 4320 208 4375; x_wconf 85' lang='lat' dir='ltr'><strong>Cor.</strong></span> <span class='ocrx_word' id='word_1_604' title='bbox 225 4337 263 4381; x_wconf 82' lang='lat' dir='ltr'><strong>rr,</strong></span> <span class='ocrx_word' id='word_1_605' title='bbox 279 4320 334 4388; x_wconf 76' lang='lat' dir='ltr'><strong>lt).</strong></span> <span class='ocrx_word' id='word_1_606' title='bbox 366 4319 493 4391; x_wconf 88' lang='lat' dir='ltr'><strong>[lenique</strong></span> <span class='ocrx_word' id='word_1_607' title='bbox 521 4336 586 4374; x_wconf 92' lang='lat' dir='ltr'><strong>cnm</strong></span> <span class='ocrx_word' id='word_1_608' title='bbox 611 4320 702 4376; x_wconf 78' lang='lat' dir='ltr'><strong>Latini</strong></span> <span class='ocrx_word' id='word_1_609' title='bbox 729 4338 825 4375; x_wconf 85' lang='lat' dir='ltr'><strong>cornus</strong></span> <span class='ocrx_word' id='word_1_610' title='bbox 845 4323 954 4377; x_wconf 88' lang='lat' dir='ltr'><strong>nutrire</strong></span> <span class='ocrx_word' id='word_1_611' title='bbox 974 4320 1389 4387; x_wconf 71' lang='lat' dir='ltr'><strong>[ispi-ritumooquoonpello</strong></span> <span class='ocrx_word' id='word_1_612' title='bbox 1405 4320 1545 4388; x_wconf 80' lang='lat' dir='ltr'><strong>Filiiejus,</strong></span> <span class='ocrx_word' id='word_1_613' title='bbox 1564 4319 1713 4386; x_wconf 77' lang='lat' dir='ltr'><strong>qnodstne</strong></span> <span class='ocrx_word' id='word_1_614' title='bbox 1727 4315 1832 4374; x_wconf 76' lang='lat' dir='ltr'><strong>mrum</strong></span> 
     </span>
     <span class='ocr_line' id='line_1_47' title="bbox 108 4402 1831 4479; baseline -0.003 -17"><span class='ocrx_word' id='word_1_615' title='bbox 108 4408 259 4479; x_wconf 83' lang='lat' dir='ltr'><strong>indignum</strong></span> <span class='ocrx_word' id='word_1_616' title='bbox 276 4409 391 4473; x_wconf 88' lang='lat' dir='ltr'><strong>ducant,</strong></span> <span class='ocrx_word' id='word_1_617' title='bbox 409 4416 439 4463; x_wconf 88' lang='lat' dir='ltr'><strong>ut</strong></span> <span class='ocrx_word' id='word_1_618' title='bbox 454 4424 511 4461; x_wconf 89' lang='lat' dir='ltr'><strong>nnn</strong></span> <span class='ocrx_word' id='word_1_619' title='bbox 523 4409 657 4464; x_wconf 88' lang='lat' dir='ltr'><strong>muliebri</strong></span> <span class='ocrx_word' id='word_1_620' title='bbox 671 4409 760 4463; x_wconf 91' lang='lat' dir='ltr'><strong>cultui</strong></span> <span class='ocrx_word' id='word_1_621' title='bbox 789 4410 954 4477; x_wconf 88' lang='lat' dir='ltr'><strong>assentiant,</strong></span> <span class='ocrx_word' id='word_1_622' title='bbox 1009 4411 1084 4461; x_wconf 81' lang='lat' dir='ltr'><strong>stone</strong></span> <span class='ocrx_word' id='word_1_623' title='bbox 1104 4411 1260 4462; x_wconf 84' lang='lat' dir='ltr'><strong>memorium</strong></span> <span class='ocrx_word' id='word_1_624' title='bbox 1296 4412 1380 4462; x_wconf 86' lang='lat' dir='ltr'><strong>vestri</strong></span> <span class='ocrx_word' id='word_1_625' title='bbox 1405 4409 1476 4474; x_wconf 74' lang='lat' dir='ltr'><strong>secto</strong></span> <span class='ocrx_word' id='word_1_626' title='bbox 1505 4423 1610 4477; x_wconf 81' lang='lat' dir='ltr'><strong>semper</strong></span> <span class='ocrx_word' id='word_1_627' title='bbox 1631 4412 1662 4463; x_wconf 81' lang='lat' dir='ltr'><strong>iu</strong></span> <span class='ocrx_word' id='word_1_628' title='bbox 1690 4402 1831 4463; x_wconf 65' lang='lat' dir='ltr'><strong>aaronita</strong></span> 
     </span>
     <span class='ocr_line' id='line_1_48' title="bbox 108 4491 1829 4572; baseline -0.005 -19"><span class='ocrx_word' id='word_1_629' title='bbox 108 4498 314 4570; x_wconf 90' lang='lat' dir='ltr'><strong>inquirendum</strong></span> <span class='ocrx_word' id='word_1_630' title='bbox 325 4496 395 4568; x_wconf 90' lang='lat' dir='ltr'><strong>quid</strong></span> <span class='ocrx_word' id='word_1_631' title='bbox 411 4498 501 4553; x_wconf 67' lang='lat' dir='ltr'><strong>Graeci</strong></span> <span class='ocrx_word' id='word_1_632' title='bbox 516 4498 641 4553; x_wconf 88' lang='lat' dir='ltr'><strong>sanctius</strong></span> <span class='ocrx_word' id='word_1_633' title='bbox 657 4499 790 4564; x_wconf 84' lang='lat' dir='ltr'><strong>sentiant,</strong></span> <span class='ocrx_word' id='word_1_634' title='bbox 807 4499 857 4572; x_wconf 87' lang='lat' dir='ltr'><strong>qui</strong></span> <span class='ocrx_word' id='word_1_635' title='bbox 873 4499 956 4571; x_wconf 89' lang='lat' dir='ltr'><strong>quasi</strong></span> <span class='ocrx_word' id='word_1_636' title='bbox 1009 4497 1076 4549; x_wconf 82' lang='lat' dir='ltr'><strong>meis</strong></span> <span class='ocrx_word' id='word_1_637' title='bbox 1100 4496 1186 4565; x_wconf 82' lang='lat' dir='ltr'><strong>(Rom.</strong></span> <span class='ocrx_word' id='word_1_638' title='bbox 1213 4513 1232 4557; x_wconf 89' lang='lat' dir='ltr'><strong>r,</strong></span> <span class='ocrx_word' id='word_1_639' title='bbox 1249 4495 1288 4567; x_wconf 89' lang='lat'><strong>9).</strong></span> <span class='ocrx_word' id='word_1_640' title='bbox 1303 4496 1398 4550; x_wconf 85' lang='lat' dir='ltr'><strong>Prima</strong></span> <span class='ocrx_word' id='word_1_641' title='bbox 1420 4511 1490 4567; x_wconf 77' lang='lat' dir='ltr'><strong>ergo</strong></span> <span class='ocrx_word' id='word_1_642' title='bbox 1506 4496 1588 4551; x_wconf 86' lang='lat' dir='ltr'><strong>sedes</strong></span> <span class='ocrx_word' id='word_1_643' title='bbox 1616 4501 1659 4551; x_wconf 89' lang='lat' dir='ltr'><strong>est</strong></span> <span class='ocrx_word' id='word_1_644' title='bbox 1678 4491 1829 4558; x_wconf 71' lang='lat' dir='ltr'><strong>,eoetesntc</strong></span> 
     </span>
    </p>
   </div>
   <div class='ocr_carea' id='block_1_6' title="bbox 102 4586 956 5628">
    <p class='ocr_par' dir='ltr' id='par_1_6' title="bbox 102 4586 956 5628">
     <span class='ocr_line' id='line_1_49' title="bbox 108 4586 956 4661; baseline 0.005 -21"><span class='ocrx_word' id='word_1_645' title='bbox 108 4587 220 4641; x_wconf 89' lang='lat' dir='ltr'><strong>unitum</strong></span> <span class='ocrx_word' id='word_1_646' title='bbox 235 4589 320 4655; x_wconf 86' lang='lat' dir='ltr'><strong>capnt</strong></span> <span class='ocrx_word' id='word_1_647' title='bbox 335 4601 400 4640; x_wconf 91' lang='lat' dir='ltr'><strong>cum</strong></span> <span class='ocrx_word' id='word_1_648' title='bbox 418 4586 586 4642; x_wconf 90' lang='lat' dir='ltr'><strong>mulieribus</strong></span> <span class='ocrx_word' id='word_1_649' title='bbox 602 4587 727 4642; x_wconf 91' lang='lat' dir='ltr'><strong>crinium</strong></span> <span class='ocrx_word' id='word_1_650' title='bbox 743 4588 885 4643; x_wconf 90' lang='lat' dir='ltr'><strong>velamine</strong></span> <span class='ocrx_word' id='word_1_651' title='bbox 907 4605 956 4661; x_wconf 79' lang='lat' dir='ltr'><strong>ge·</strong></span> 
     </span>
     <span class='ocr_line' id='line_1_50' title="bbox 106 4672 956 4746; baseline 0.005 -18"><span class='ocrx_word' id='word_1_652' title='bbox 106 4678 192 4728; x_wconf 90' lang='lat' dir='ltr'><strong>stant.</strong></span> <span class='ocrx_word' id='word_1_653' title='bbox 219 4673 372 4728; x_wconf 78' lang='lat' dir='ltr'><strong>Corinthus</strong></span> <span class='ocrx_word' id='word_1_654' title='bbox 396 4672 540 4744; x_wconf 90' lang='lat' dir='ltr'><strong>siqnidem</strong></span> <span class='ocrx_word' id='word_1_655' title='bbox 563 4680 606 4730; x_wconf 90' lang='lat' dir='ltr'><strong>est</strong></span> <span class='ocrx_word' id='word_1_656' title='bbox 619 4676 649 4729; x_wconf 91' lang='lat' dir='ltr'><strong>in</strong></span> <span class='ocrx_word' id='word_1_657' title='bbox 663 4675 779 4739; x_wconf 89' lang='lat' dir='ltr'><strong>Achaia,</strong></span> <span class='ocrx_word' id='word_1_658' title='bbox 809 4692 872 4746; x_wconf 76' lang='lat' dir='ltr'><strong>ques</strong></span> <span class='ocrx_word' id='word_1_659' title='bbox 898 4692 956 4732; x_wconf 91' lang='lat' dir='ltr'><strong>una</strong></span> 
     </span>
     <span class='ocr_line' id='line_1_51' title="bbox 106 4762 956 4833; baseline 0.005 -16"><span class='ocrx_word' id='word_1_660' title='bbox 106 4767 149 4817; x_wconf 89' lang='lat' dir='ltr'><strong>est</strong></span> <span class='ocrx_word' id='word_1_661' title='bbox 164 4762 311 4818; x_wconf 90' lang='lat' dir='ltr'><strong>civitatum</strong></span> <span class='ocrx_word' id='word_1_662' title='bbox 327 4763 489 4817; x_wconf 79' lang='lat' dir='ltr'><strong>Graecarum</strong></span> <span class='ocrx_word' id='word_1_663' title='bbox 504 4762 535 4816; x_wconf 90' lang='lat' dir='ltr'><strong>in</strong></span> <span class='ocrx_word' id='word_1_664' title='bbox 556 4764 621 4818; x_wconf 90' lang='lat' dir='ltr'><strong>Asia</strong></span> <span class='ocrx_word' id='word_1_665' title='bbox 647 4765 877 4833; x_wconf 88' lang='lat' dir='ltr'><strong>consistentium,</strong></span> <span class='ocrx_word' id='word_1_666' title='bbox 908 4781 956 4821; x_wconf 92' lang='lat' dir='ltr'><strong>cu·</strong></span> 
     </span>
     <span class='ocr_line' id='line_1_52' title="bbox 102 4850 955 4925; baseline 0.005 -20"><span class='ocrx_word' id='word_1_667' title='bbox 102 4852 150 4922; x_wconf 87' lang='lat' dir='ltr'><strong>jus</strong></span> <span class='ocrx_word' id='word_1_668' title='bbox 164 4851 239 4906; x_wconf 90' lang='lat' dir='ltr'><strong>viros</strong></span> <span class='ocrx_word' id='word_1_669' title='bbox 252 4850 465 4906; x_wconf 87' lang='lat' dir='ltr'><strong>noluitnulrirc</strong></span> <span class='ocrx_word' id='word_1_670' title='bbox 480 4867 576 4905; x_wconf 89' lang='lat' dir='ltr'><strong>comas</strong></span> <span class='ocrx_word' id='word_1_671' title='bbox 594 4853 757 4922; x_wconf 76' lang='lat' dir='ltr'><strong>Apostolus,</strong></span> <span class='ocrx_word' id='word_1_672' title='bbox 781 4869 839 4907; x_wconf 91' lang='lat' dir='ltr'><strong>non</strong></span> <span class='ocrx_word' id='word_1_673' title='bbox 866 4853 955 4925; x_wconf 87' lang='lat' dir='ltr'><strong>quili-</strong></span> 
     </span>
     <span class='ocr_line' id='line_1_53' title="bbox 105 4939 956 5011; baseline 0.001 -16"><span class='ocrx_word' id='word_1_674' title='bbox 105 4941 147 4995; x_wconf 91' lang='lat' dir='ltr'><strong>let</strong></span> <span class='ocrx_word' id='word_1_675' title='bbox 163 4939 246 5004; x_wconf 90' lang='lat' dir='ltr'><strong>alins,</strong></span> <span class='ocrx_word' id='word_1_676' title='bbox 264 4940 312 4992; x_wconf 91' lang='lat' dir='ltr'><strong>sed</strong></span> <span class='ocrx_word' id='word_1_677' title='bbox 333 4939 382 4992; x_wconf 93' lang='lat' dir='ltr'><strong>ille</strong></span> <span class='ocrx_word' id='word_1_678' title='bbox 405 4941 453 5004; x_wconf 86' lang='lat' dir='ltr'><strong>qui</strong></span> <span class='ocrx_word' id='word_1_679' title='bbox 475 4955 528 4993; x_wconf 89' lang='lat' dir='ltr'><strong>nou</strong></span> <span class='ocrx_word' id='word_1_680' title='bbox 553 4941 586 4994; x_wconf 86' lang='lat' dir='ltr'><strong>ob</strong></span> <span class='ocrx_word' id='word_1_681' title='bbox 610 4941 774 5002; x_wconf 80' lang='lat' dir='ltr'><strong>homiuibus,</strong></span> <span class='ocrx_word' id='word_1_682' title='bbox 799 4957 887 5007; x_wconf 82' lang='lat' dir='ltr'><strong>neque</strong></span> <span class='ocrx_word' id='word_1_683' title='bbox 904 4959 956 5011; x_wconf 81' lang='lat' dir='ltr'><strong>per</strong></span> 
     </span>
     <span class='ocr_line' id='line_1_54' title="bbox 105 5027 956 5098; baseline 0.005 -17"><span class='ocrx_word' id='word_1_684' title='bbox 105 5028 248 5089; x_wconf 77' lang='lat' dir='ltr'><strong>teratrum,</strong></span> <span class='ocrx_word' id='word_1_685' title='bbox 278 5027 325 5081; x_wconf 80' lang='lat' dir='ltr'><strong>snt</strong></span> <span class='ocrx_word' id='word_1_686' title='bbox 344 5042 396 5097; x_wconf 80' lang='lat' dir='ltr'><strong>prr</strong></span> <span class='ocrx_word' id='word_1_687' title='bbox 414 5029 506 5081; x_wconf 82' lang='lat' dir='ltr'><strong>lesum</strong></span> <span class='ocrx_word' id='word_1_688' title='bbox 523 5028 670 5098; x_wconf 84' lang='lat' dir='ltr'><strong>Christum,</strong></span> <span class='ocrx_word' id='word_1_689' title='bbox 692 5036 716 5085; x_wconf 88' lang='lat' dir='ltr'><strong>et</strong></span> <span class='ocrx_word' id='word_1_690' title='bbox 742 5032 827 5084; x_wconf 86' lang='lat' dir='ltr'><strong>Deum</strong></span> <span class='ocrx_word' id='word_1_691' title='bbox 846 5032 956 5086; x_wconf 86' lang='lat' dir='ltr'><strong>Putrem</strong></span> 
     </span>
     <span class='ocr_line' id='line_1_55' title="bbox 104 5117 955 5188; baseline 0.002 -17"><span class='ocrx_word' id='word_1_692' title='bbox 104 5121 153 5183; x_wconf 82' lang='lat' dir='ltr'><strong>qut</strong></span> <span class='ocrx_word' id='word_1_693' title='bbox 175 5120 318 5170; x_wconf 82' lang='lat' dir='ltr'><strong>suscitavit</strong></span> <span class='ocrx_word' id='word_1_694' title='bbox 334 5131 394 5170; x_wconf 83' lang='lat' dir='ltr'><strong>euru</strong></span> <span class='ocrx_word' id='word_1_695' title='bbox 413 5133 431 5170; x_wconf 91' lang='lat' dir='ltr'><strong>o</strong></span> <span class='ocrx_word' id='word_1_696' title='bbox 449 5121 565 5171; x_wconf 79' lang='lat' dir='ltr'><strong>mortuis</strong></span> <span class='ocrx_word' id='word_1_697' title='bbox 585 5117 655 5186; x_wconf 80' lang='lat' dir='ltr'><strong>(Gal.</strong></span> <span class='ocrx_word' id='word_1_698' title='bbox 680 5135 698 5181; x_wconf 88' lang='lat' dir='ltr'><strong>r,</strong></span> <span class='ocrx_word' id='word_1_699' title='bbox 717 5119 752 5188; x_wconf 88' lang='lat' dir='ltr'><strong>l),</strong></span> <span class='ocrx_word' id='word_1_700' title='bbox 770 5123 813 5173; x_wconf 91' lang='lat' dir='ltr'><strong>est</strong></span> <span class='ocrx_word' id='word_1_701' title='bbox 829 5119 955 5174; x_wconf 86' lang='lat' dir='ltr'><strong>coutitu-</strong></span> 
     </span>
     <span class='ocr_line' id='line_1_56' title="bbox 103 5203 954 5276; baseline 0.002 -17"><span class='ocrx_word' id='word_1_702' title='bbox 103 5210 150 5259; x_wconf 92' lang='lat' dir='ltr'><strong>tns</strong></span> <span class='ocrx_word' id='word_1_703' title='bbox 163 5205 324 5275; x_wconf 87' lang='lat' dir='ltr'><strong>Apostolus.</strong></span> <span class='ocrx_word' id='word_1_704' title='bbox 343 5203 417 5258; x_wconf 80' lang='lat' dir='ltr'><strong>Dixit</strong></span> <span class='ocrx_word' id='word_1_705' title='bbox 431 5204 529 5276; x_wconf 87' lang='lat' dir='ltr'><strong>itaque</strong></span> <span class='ocrx_word' id='word_1_706' title='bbox 545 5206 663 5276; x_wconf 91' lang='lat' dir='ltr'><strong>quidam</strong></span> <span class='ocrx_word' id='word_1_707' title='bbox 678 5206 826 5261; x_wconf 86' lang='lat' dir='ltr'><strong>sanctitate</strong></span> <span class='ocrx_word' id='word_1_708' title='bbox 842 5211 871 5261; x_wconf 90' lang='lat' dir='ltr'><strong>el</strong></span> <span class='ocrx_word' id='word_1_709' title='bbox 890 5223 954 5262; x_wconf 91' lang='lat' dir='ltr'><strong>ora·</strong></span> 
     </span>
     <span class='ocr_line' id='line_1_57' title="bbox 103 5293 953 5366; baseline 0.005 -20"><span class='ocrx_word' id='word_1_710' title='bbox 103 5299 200 5347; x_wconf 87' lang='lat' dir='ltr'><strong>turum</strong></span> <span class='ocrx_word' id='word_1_711' title='bbox 216 5293 331 5363; x_wconf 91' lang='lat' dir='ltr'><strong>eloquio</strong></span> <span class='ocrx_word' id='word_1_712' title='bbox 347 5294 476 5363; x_wconf 89' lang='lat' dir='ltr'><strong>pollens;</strong></span> <span class='ocrx_word' id='word_1_713' title='bbox 493 5294 517 5348; x_wconf 91' lang='lat' dir='ltr'><strong>si</strong></span> <span class='ocrx_word' id='word_1_714' title='bbox 531 5295 628 5366; x_wconf 90' lang='lat' dir='ltr'><strong>aliqua</strong></span> <span class='ocrx_word' id='word_1_715' title='bbox 643 5294 778 5348; x_wconf 90' lang='lat' dir='ltr'><strong>sanctitas</strong></span> <span class='ocrx_word' id='word_1_716' title='bbox 791 5294 953 5350; x_wconf 89' lang='lat' dir='ltr'><strong>subintelli-</strong></span> 
     </span>
     <span class='ocr_line' id='line_1_58' title="bbox 102 5382 954 5455; baseline 0.005 -20"><span class='ocrx_word' id='word_1_717' title='bbox 102 5383 181 5453; x_wconf 80' lang='lat' dir='ltr'><strong>gitur</strong></span> <span class='ocrx_word' id='word_1_718' title='bbox 204 5383 451 5452; x_wconf 86' lang='lat' dir='ltr'><strong>incorporalibus</strong></span> <span class='ocrx_word' id='word_1_719' title='bbox 474 5383 581 5450; x_wconf 87' lang='lat' dir='ltr'><strong>barbis,</strong></span> <span class='ocrx_word' id='word_1_720' title='bbox 605 5382 676 5438; x_wconf 86' lang='lat' dir='ltr'><strong>forte</strong></span> <span class='ocrx_word' id='word_1_721' title='bbox 702 5383 829 5455; x_wconf 84' lang='lat' dir='ltr'><strong>aliquem</strong></span> <span class='ocrx_word' id='word_1_722' title='bbox 859 5389 954 5454; x_wconf 85' lang='lat' dir='ltr'><strong>posset</strong></span> 
     </span>
     <span class='ocr_line' id='line_1_59' title="bbox 103 5469 954 5541; baseline 0.006 -19"><span class='ocrx_word' id='word_1_723' title='bbox 103 5469 199 5523; x_wconf 92' lang='lat' dir='ltr'><strong>locum</strong></span> <span class='ocrx_word' id='word_1_724' title='bbox 225 5469 254 5523; x_wconf 91' lang='lat' dir='ltr'><strong>in</strong></span> <span class='ocrx_word' id='word_1_725' title='bbox 284 5470 486 5541; x_wconf 80' lang='lat' dir='ltr'><strong>grandioribus</strong></span> <span class='ocrx_word' id='word_1_726' title='bbox 520 5470 615 5525; x_wconf 92' lang='lat' dir='ltr'><strong>hircis.</strong></span> <span class='ocrx_word' id='word_1_727' title='bbox 641 5469 671 5525; x_wconf 91' lang='lat' dir='ltr'><strong>Si</strong></span> <span class='ocrx_word' id='word_1_728' title='bbox 694 5487 762 5541; x_wconf 78' lang='lat' dir='ltr'><strong>ergo</strong></span> <span class='ocrx_word' id='word_1_729' title='bbox 799 5471 954 5541; x_wconf 89' lang='lat' dir='ltr'><strong>prudentia</strong></span> 
     </span>
     <span class='ocr_line' id='line_1_60' title="bbox 102 5555 950 5628; baseline 0.002 -16"><span class='ocrx_word' id='word_1_730' title='bbox 102 5555 273 5612; x_wconf 78' lang='lat' dir='ltr'><strong>Achivorum</strong></span> <span class='ocrx_word' id='word_1_731' title='bbox 292 5558 452 5614; x_wconf 90' lang='lat' dir='ltr'><strong>contemnit</strong></span> <span class='ocrx_word' id='word_1_732' title='bbox 472 5559 641 5628; x_wconf 78' lang='lat' dir='ltr'><strong>Apostolum</strong></span> <span class='ocrx_word' id='word_1_733' title='bbox 666 5557 696 5613; x_wconf 89' lang='lat' dir='ltr'><strong>in</strong></span> <span class='ocrx_word' id='word_1_734' title='bbox 717 5558 877 5613; x_wconf 88' lang='lat' dir='ltr'><strong>nutriendis</strong></span> <span class='ocrx_word' id='word_1_735' title='bbox 900 5574 950 5614; x_wconf 91' lang='lat' dir='ltr'><strong>co·</strong></span> 
     </span>
    </p>
   </div>
   <div class='ocr_carea' id='block_1_7' title="bbox 1007 4570 1846 5630">
    <p class='ocr_par' dir='ltr' id='par_1_7' title="bbox 1007 4570 1846 5630">
     <span class='ocr_line' id='line_1_61' title="bbox 1010 4570 1830 4656; baseline 0 -19"><span class='ocrx_word' id='word_1_736' title='bbox 1010 4583 1112 4638; x_wconf 90' lang='lat' dir='ltr'><strong>netlcio</strong></span> <span class='ocrx_word' id='word_1_737' title='bbox 1127 4584 1263 4638; x_wconf 85' lang='lat' dir='ltr'><strong>Romame</strong></span> <span class='ocrx_word' id='word_1_738' title='bbox 1286 4583 1426 4650; x_wconf 85' lang='lat' dir='ltr'><strong>Ecclesiae,</strong></span> <span class='ocrx_word' id='word_1_739' title='bbox 1451 4601 1539 4656; x_wconf 88' lang='lat' dir='ltr'><strong>qnam</strong></span> <span class='ocrx_word' id='word_1_740' title='bbox 1559 4583 1720 4641; x_wconf 87' lang='lat' dir='ltr'><strong>beatissimi</strong></span> <span class='ocrx_word' id='word_1_741' title='bbox 1735 4570 1830 4654; x_wconf 72' lang='lat' dir='ltr'><strong>apostoli</strong></span> 
     </span>
     <span class='ocr_line' id='line_1_62' title="bbox 1010 4666 1829 4746; baseline -0.004 -17"><span class='ocrx_word' id='word_1_742' title='bbox 1010 4675 1109 4729; x_wconf 88' lang='lat' dir='ltr'><strong>Petrus</strong></span> <span class='ocrx_word' id='word_1_743' title='bbox 1124 4677 1210 4744; x_wconf 89' lang='lat' dir='ltr'><strong>alque</strong></span> <span class='ocrx_word' id='word_1_744' title='bbox 1231 4673 1336 4727; x_wconf 88' lang='lat' dir='ltr'><strong>Paulus</strong></span> <span class='ocrx_word' id='word_1_745' title='bbox 1359 4691 1411 4728; x_wconf 88' lang='lat' dir='ltr'><strong>sno</strong></span> <span class='ocrx_word' id='word_1_746' title='bbox 1438 4674 1576 4746; x_wconf 80' lang='lat' dir='ltr'><strong>martyrio</strong></span> <span class='ocrx_word' id='word_1_747' title='bbox 1600 4672 1773 4729; x_wconf 87' lang='lat' dir='ltr'><strong>dedicarunt.</strong></span> <span class='ocrx_word' id='word_1_748' title='bbox 1795 4666 1829 4721; x_wconf 63' lang='lat' dir='ltr'><strong>St</strong></span> 
     </span>
     <span class='ocr_line' id='line_1_63' title="bbox 1010 4746 1830 4833; baseline -0.005 -18"><span class='ocrx_word' id='word_1_749' title='bbox 1010 4762 1104 4816; x_wconf 90' lang='lat' dir='ltr'><strong>cunda</strong></span> <span class='ocrx_word' id='word_1_750' title='bbox 1123 4767 1220 4816; x_wconf 89' lang='lat' dir='ltr'><strong>antem</strong></span> <span class='ocrx_word' id='word_1_751' title='bbox 1240 4762 1322 4817; x_wconf 90' lang='lat' dir='ltr'><strong>sedes</strong></span> <span class='ocrx_word' id='word_1_752' title='bbox 1346 4763 1422 4833; x_wconf 88' lang='lat' dir='ltr'><strong>apud</strong></span> <span class='ocrx_word' id='word_1_753' title='bbox 1450 4762 1654 4818; x_wconf 83' lang='lat' dir='ltr'><strong>Alexandriam</strong></span> <span class='ocrx_word' id='word_1_754' title='bbox 1682 4762 1756 4818; x_wconf 86' lang='lat' dir='ltr'><strong>beati</strong></span> <span class='ocrx_word' id='word_1_755' title='bbox 1775 4746 1830 4814; x_wconf 75' lang='lat' dir='ltr'><strong>Ptln&#39;</strong></span> 
     </span>
     <span class='ocr_line' id='line_1_64' title="bbox 1011 4844 1830 4923; baseline -0.002 -18"><span class='ocrx_word' id='word_1_756' title='bbox 1011 4851 1128 4906; x_wconf 89' lang='lat' dir='ltr'><strong>nomine</strong></span> <span class='ocrx_word' id='word_1_757' title='bbox 1158 4867 1174 4905; x_wconf 88' lang='lat' dir='ltr'><strong>a</strong></span> <span class='ocrx_word' id='word_1_758' title='bbox 1202 4853 1294 4907; x_wconf 83' lang='lat' dir='ltr'><strong>Marco</strong></span> <span class='ocrx_word' id='word_1_759' title='bbox 1321 4851 1382 4923; x_wconf 88' lang='lat' dir='ltr'><strong>ejus</strong></span> <span class='ocrx_word' id='word_1_760' title='bbox 1397 4851 1538 4922; x_wconf 88' lang='lat' dir='ltr'><strong>discipulo</strong></span> <span class='ocrx_word' id='word_1_761' title='bbox 1567 4855 1656 4923; x_wconf 91' lang='lat' dir='ltr'><strong>atque</strong></span> <span class='ocrx_word' id='word_1_762' title='bbox 1682 4844 1830 4920; x_wconf 69' lang='lat' dir='ltr'><strong>evangelist</strong></span> 
     </span>
     <span class='ocr_line' id='line_1_65' title="bbox 1009 4937 1830 5013; baseline -0.002 -19"><span class='ocrx_word' id='word_1_763' title='bbox 1009 4944 1183 5005; x_wconf 88' lang='lat' dir='ltr'><strong>consecrata,</strong></span> <span class='ocrx_word' id='word_1_764' title='bbox 1194 4941 1263 5011; x_wconf 86' lang='lat' dir='ltr'><strong>quia</strong></span> <span class='ocrx_word' id='word_1_765' title='bbox 1277 4941 1338 5012; x_wconf 89' lang='lat' dir='ltr'><strong>ipse</strong></span> <span class='ocrx_word' id='word_1_766' title='bbox 1354 4945 1383 4995; x_wconf 91' lang='lat' dir='ltr'><strong>et</strong></span> <span class='ocrx_word' id='word_1_767' title='bbox 1401 4940 1431 4995; x_wconf 93' lang='lat' dir='ltr'><strong>in</strong></span> <span class='ocrx_word' id='word_1_768' title='bbox 1450 4940 1573 5013; x_wconf 77' lang='lat' dir='ltr'><strong>AEgypto</strong></span> <span class='ocrx_word' id='word_1_769' title='bbox 1587 4940 1717 5011; x_wconf 92' lang='lat' dir='ltr'><strong>primum</strong></span> <span class='ocrx_word' id='word_1_770' title='bbox 1740 4937 1830 4994; x_wconf 67' lang='lat' dir='ltr'><strong>vertum</strong></span> 
     </span>
     <span class='ocr_line' id='line_1_66' title="bbox 1009 5026 1833 5102; baseline -0.006 -21"><span class='ocrx_word' id='word_1_771' title='bbox 1009 5028 1136 5083; x_wconf 84' lang='lat' dir='ltr'><strong>veritatis</strong></span> <span class='ocrx_word' id='word_1_772' title='bbox 1157 5028 1281 5083; x_wconf 91' lang='lat' dir='ltr'><strong>directus</strong></span> <span class='ocrx_word' id='word_1_773' title='bbox 1308 5045 1324 5083; x_wconf 92' lang='lat' dir='ltr'><strong>a</strong></span> <span class='ocrx_word' id='word_1_774' title='bbox 1346 5030 1430 5085; x_wconf 91' lang='lat' dir='ltr'><strong>Petro</strong></span> <span class='ocrx_word' id='word_1_775' title='bbox 1447 5028 1624 5101; x_wconf 72' lang='lat' dir='ltr'><strong>predicavit,</strong></span> <span class='ocrx_word' id='word_1_776' title='bbox 1638 5034 1669 5083; x_wconf 93' lang='lat' dir='ltr'><strong>et</strong></span> <span class='ocrx_word' id='word_1_777' title='bbox 1700 5026 1833 5102; x_wconf 73' lang='lat' dir='ltr'><strong>gloriosum</strong></span> 
     </span>
     <span class='ocr_line' id='line_1_67' title="bbox 1010 5105 1834 5188; baseline 0 -18"><span class='ocrx_word' id='word_1_778' title='bbox 1010 5116 1135 5187; x_wconf 89' lang='lat' dir='ltr'><strong>suscepit</strong></span> <span class='ocrx_word' id='word_1_779' title='bbox 1155 5117 1341 5188; x_wconf 64' lang='lat' dir='ltr'><strong>martyrium</strong></span> <span class='ocrx_word' id='word_1_780' title='bbox 1372 5117 1419 5172; x_wconf 92' lang='lat' dir='ltr'><strong>cui</strong></span> <span class='ocrx_word' id='word_1_781' title='bbox 1442 5117 1615 5172; x_wconf 86' lang='lat' dir='ltr'><strong>venerahilis</strong></span> <span class='ocrx_word' id='word_1_782' title='bbox 1632 5117 1766 5173; x_wconf 89' lang='lat' dir='ltr'><strong>successit</strong></span> <span class='ocrx_word' id='word_1_783' title='bbox 1786 5105 1834 5170; x_wconf 68' lang='lat' dir='ltr'><strong>Abi·</strong></span> 
     </span>
     <span class='ocr_line' id='line_1_68' title="bbox 1008 5191 1837 5275; baseline -0.001 -17"><span class='ocrx_word' id='word_1_784' title='bbox 1008 5205 1073 5259; x_wconf 93' lang='lat' dir='ltr'><strong>lius.</strong></span> <span class='ocrx_word' id='word_1_785' title='bbox 1089 5205 1185 5259; x_wconf 81' lang='lat' dir='ltr'><strong>Tertia</strong></span> <span class='ocrx_word' id='word_1_786' title='bbox 1200 5222 1267 5259; x_wconf 86' lang='lat' dir='ltr'><strong>vero</strong></span> <span class='ocrx_word' id='word_1_787' title='bbox 1289 5205 1370 5260; x_wconf 90' lang='lat' dir='ltr'><strong>sedes</strong></span> <span class='ocrx_word' id='word_1_788' title='bbox 1383 5205 1460 5275; x_wconf 90' lang='lat' dir='ltr'><strong>apud</strong></span> <span class='ocrx_word' id='word_1_789' title='bbox 1476 5205 1671 5270; x_wconf 88' lang='lat' dir='ltr'><strong>Antiochiam,</strong></span> <span class='ocrx_word' id='word_1_790' title='bbox 1698 5205 1766 5260; x_wconf 93' lang='lat' dir='ltr'><strong>item</strong></span> <span class='ocrx_word' id='word_1_791' title='bbox 1780 5191 1837 5259; x_wconf 76' lang='lat' dir='ltr'><strong>bul</strong></span> 
     </span>
     <span class='ocr_line' id='line_1_69' title="bbox 1008 5291 1839 5365; baseline -0.002 -18"><span class='ocrx_word' id='word_1_792' title='bbox 1008 5292 1084 5347; x_wconf 90' lang='lat' dir='ltr'><strong>Petri</strong></span> <span class='ocrx_word' id='word_1_793' title='bbox 1099 5293 1219 5364; x_wconf 88' lang='lat' dir='ltr'><strong>apostoli</strong></span> <span class='ocrx_word' id='word_1_794' title='bbox 1246 5292 1369 5349; x_wconf 88' lang='lat' dir='ltr'><strong>hahetur</strong></span> <span class='ocrx_word' id='word_1_795' title='bbox 1382 5293 1572 5359; x_wconf 88' lang='lat' dir='ltr'><strong>honorabilis,</strong></span> <span class='ocrx_word' id='word_1_796' title='bbox 1593 5294 1661 5365; x_wconf 88' lang='lat' dir='ltr'><strong>qnia</strong></span> <span class='ocrx_word' id='word_1_797' title='bbox 1682 5294 1739 5349; x_wconf 91' lang='lat' dir='ltr'><strong>illic</strong></span> <span class='ocrx_word' id='word_1_798' title='bbox 1764 5291 1839 5365; x_wconf 80' lang='lat' dir='ltr'><strong>prin</strong></span> 
     </span>
     <span class='ocr_line' id='line_1_70' title="bbox 1009 5376 1840 5453; baseline -0.005 -18"><span class='ocrx_word' id='word_1_799' title='bbox 1009 5396 1096 5452; x_wconf 89' lang='lat' dir='ltr'><strong>qnam</strong></span> <span class='ocrx_word' id='word_1_800' title='bbox 1112 5382 1235 5436; x_wconf 85' lang='lat' dir='ltr'><strong>Romam</strong></span> <span class='ocrx_word' id='word_1_801' title='bbox 1260 5381 1380 5436; x_wconf 86' lang='lat' dir='ltr'><strong>veniret.</strong></span> <span class='ocrx_word' id='word_1_802' title='bbox 1403 5380 1553 5448; x_wconf 87' lang='lat' dir='ltr'><strong>habitavit,</strong></span> <span class='ocrx_word' id='word_1_803' title='bbox 1570 5387 1599 5436; x_wconf 92' lang='lat' dir='ltr'><strong>et</strong></span> <span class='ocrx_word' id='word_1_804' title='bbox 1623 5381 1768 5453; x_wconf 80' lang='lat' dir='ltr'><strong>lgnatinm</strong></span> <span class='ocrx_word' id='word_1_805' title='bbox 1791 5376 1840 5450; x_wconf 90' lang='lat' dir='ltr'><strong>epi-</strong></span> 
     </span>
     <span class='ocr_line' id='line_1_71' title="bbox 1009 5469 1841 5541; baseline -0.004 -17"><span class='ocrx_word' id='word_1_806' title='bbox 1009 5485 1129 5540; x_wconf 89' lang='lat' dir='ltr'><strong>scopum</strong></span> <span class='ocrx_word' id='word_1_807' title='bbox 1146 5470 1306 5538; x_wconf 90' lang='lat' dir='ltr'><strong>constituit,</strong></span> <span class='ocrx_word' id='word_1_808' title='bbox 1323 5475 1351 5524; x_wconf 90' lang='lat' dir='ltr'><strong>et</strong></span> <span class='ocrx_word' id='word_1_809' title='bbox 1377 5470 1435 5524; x_wconf 87' lang='lat' dir='ltr'><strong>illic</strong></span> <span class='ocrx_word' id='word_1_810' title='bbox 1454 5470 1581 5541; x_wconf 90' lang='lat' dir='ltr'><strong>primum</strong></span> <span class='ocrx_word' id='word_1_811' title='bbox 1597 5486 1705 5525; x_wconf 90' lang='lat' dir='ltr'><strong>nomen</strong></span> <span class='ocrx_word' id='word_1_812' title='bbox 1720 5469 1841 5526; x_wconf 84' lang='lat' dir='ltr'><strong>Christia-</strong></span> 
     </span>
     <span class='ocr_line' id='line_1_72' title="bbox 1007 5559 1846 5630; baseline 0.002 -17"><span class='ocrx_word' id='word_1_813' title='bbox 1007 5574 1112 5614; x_wconf 89' lang='lat' dir='ltr'><strong>norum</strong></span> <span class='ocrx_word' id='word_1_814' title='bbox 1127 5559 1248 5614; x_wconf 71' lang='lat' dir='ltr'><strong>novellae</strong></span> <span class='ocrx_word' id='word_1_815' title='bbox 1263 5559 1356 5630; x_wconf 78' lang='lat' dir='ltr'><strong>gentis</strong></span> <span class='ocrx_word' id='word_1_816' title='bbox 1371 5566 1503 5615; x_wconf 86' lang='lat' dir='ltr'><strong>exortum</strong></span> <span class='ocrx_word' id='word_1_817' title='bbox 1521 5564 1572 5616; x_wconf 87' lang='lat' dir='ltr'><strong>est.</strong></span> <span class='ocrx_word' id='word_1_818' title='bbox 1589 5559 1661 5615; x_wconf 87' lang='lat' dir='ltr'><strong>Nam</strong></span> <span class='ocrx_word' id='word_1_819' title='bbox 1673 5563 1703 5615; x_wconf 90' lang='lat' dir='ltr'><strong>et</strong></span> <span class='ocrx_word' id='word_1_820' title='bbox 1718 5559 1846 5615; x_wconf 81' lang='lat' dir='ltr'><strong>Hieroso·</strong></span> 
     </span>
    </p>
   </div>
   <div class='ocr_carea' id='block_1_8' title="bbox 0 0 1970 6098">
    <p class='ocr_par' dir='ltr' id='par_1_8' title="bbox 0 0 1970 6098">
     <span class='ocr_line' id='line_1_73' title="bbox 0 0 1970 6098; baseline 0 1"><span class='ocrx_word' id='word_1_821' title='bbox 0 0 1970 6098; x_wconf 95' lang='lat' dir='ltr'><strong> </strong></span> 
     </span>
    </p>
   </div>
  </div>
 </body>
</html>
