3930 6098
158 285 192 336 au
740 279 918 336 anrssallrtl
938 277 1165 336 conualuisse
1185 277 1339 334 rouaclll
1656 352 1659 356 ι
1872 281 1906 331 oo

157 420 350 492 reproborum
364 418 422 473 rita
435 402 538 473 divinas
559 415 760 489 dispositionis
784 416 884 471 ordina
897 414 1042 486 dirige-A
1060 415 1156 486 coepit,
1173 413 1306 486 usquein
1334 413 1400 470 vitm
1429 414 1585 469 terminum
1613 429 1670 469 non
1689 414 1844 487 relinquat,
1861 415 1906 468 vel

157 511 206 565 tur
219 509 249 563 in
262 509 348 580 hujus
371 506 512 561 curriculo
534 506 679 578 temporis.
707 507 740 561 lit
760 505 1003 577 quemadmodum

159 598 340 670 singulorum
355 595 482 650 actiones
499 595 530 650 in
554 595 608 650 bac
631 595 688 649 vila
712 595 848 650 Conditor
871 593 1005 666 disponat

157 687 330 758 sempiterno
344 684 532 756 providentie
545 701 605 739 suae
619 684 748 752 consilio,
769 683 1003 755 praedestinatum

158 775 254 830 habet.
272 774 330 829 Etsi
351 775 430 829 enim
446 774 571 828 actiones
597 775 731 828 liumanae
751 789 832 827 rrovre
854 778 922 826 sunt
936 772 1004 844 quio

156 863 341 934 temperatae,
371 863 474 918 divinas
504 868 601 918 tamen
633 862 828 933 dispositionis
852 862 1003 916 consilium

73 968 80 975 ·
157 957 272 1007 nonest
286 968 403 1021 norum,
433 951 500 1022 quia
527 951 743 1006 ammonebit
771 956 892 1006 autem:
924 951 1004 1022 [llira

156 1045 200 1095 est
213 1040 310 1112 itaquo
319 1040 466 1112 dispositio
481 1056 612 1110 supernae
623 1039 842 1109 distributionis,
854 1056 1003 1111 perquam

157 1129 203 1184 bio
231 1130 322 1199 justus
355 1129 679 1201 ampliusjustilicatur,
700 1128 854 1201 olimpius
879 1128 1003 1200 emplius

156 1214 342 1284 sordidatum]
360 1213 437 1269 Unde
456 1213 590 1268 scribitur
611 1213 642 1268 in
655 1213 826 1286 Apocalypsi
843 1230 850 1268 ι
869 1235 883 1264 «
907 1215 1004 1269 luslus

153 1301 443 1375 justificeturadbuc‚
466 1303 566 1374 etqui
589 1302 618 1357 in
633 1303 766 1358 sordibus
792 1308 843 1371 est,
861 1302 1004 1358 sordescat

156 1391 249 1447 adhoc
265 1393 361 1461 (Aper.
378 1408 445 1459 xxrr,
459 1394 540 1460 lli.»
560 1392 649 1447 Malus
665 1393 699 1448 ad
716 1393 824 1448 bonum
847 1391 1002 1464 aliquando

1060 503 1125 576 quis
1140 519 1233 575 quove
1248 507 1377 574 tempore
1391 502 1426 557 de
1438 501 1513 557 molo
1525 501 1558 556 ad
1576 501 1684 557 bonurn
1699 504 1905 557 convertatur:

1060 607 1108 646 seu
1125 592 1188 663 quis
1203 591 1376 664 quandoque
1396 592 1431 646 de
1452 590 1579 647 bonoad
1600 591 1707 645 malum
1731 590 1905 657 reflectatur,

1059 679 1163 735 diriora
1192 681 1261 736 dicit
1287 679 1543 752 praedestinationis
1569 678 1669 734 ordine
1694 678 1817 750 disponi.
1851 680 1907 734 Nec

1059 770 1151 824 solum
1176 771 1239 838 ista,
1262 770 1463 824 verumetiam
1490 784 1604 822 cursum
1630 768 1699 823 rilae
1714 769 1850 823 bumauoe
1866 768 1907 824 di·

1059 858 1132 913 vinae
1160 859 1233 929 legis
1261 858 1457 913 moderatione
1484 861 1605 911 testatur
1632 856 1793 912 contineri:
1824 857 1906 928 cnjus

1058 962 1173 1020 quoquc
1199 946 1280 1002 dictis
1305 961 1449 1001 sacrarum
1471 944 1592 1018 paginas
1614 945 1827 1017 scripturarum
1842 962 1903 1001 cer-

1059 1036 1154 1091 nimus
1166 1035 1303 1090 attestari.
1318 1036 1385 1102 Qum
1406 1051 1471 1090 com
1487 1035 1526 1089 ite
1549 1033 1607 1089 sint
1631 1050 1737 1106 negare
1758 1033 1906 1106 geminem

1058 1125 1117 1180 lure
1131 1124 1411 1197 praedestinationem
1432 1123 1526 1178 nescio
1552 1139 1608 1195 qua
1630 1123 1723 1178 fronte
1748 1122 1903 1195 possimus.

1057 1214 1138 1280 Quod
1150 1214 1174 1268 si
1190 1213 1254 1285 quis
1268 1213 1391 1267 auctoris
1413 1213 1498 1284 liujus
1510 1212 1683 1266 sententium
1705 1211 1850 1282 repudiat,
1866 1213 1906 1266 ri-

1057 1302 1123 1357 deal
1144 1300 1389 1374 quemadmodum
1413 1300 1566 1372 Scripturae
1580 1304 1694 1354 vsanctor.
1716 1298 1904 1361 contradicat,

1057 1391 1138 1462 cujus
1161 1389 1324 1446 testimonia
1347 1389 1644 1471 condemnareqhujns
1669 1387 1794 1443 doctoris
1813 1388 1904 1443 sensi·

156 1480 343 1549 convertitur,
359 1480 451 1536 bonus
469 1481 504 1535 ad
524 1480 632 1536 malum
656 1481 811 1552 aliquando
834 1481 1000 1536 reflectitur.
1050 1469 1112 1535 'bus
1127 1479 1245 1534 omnino
1260 1479 1468 1550 cognoscimus.
1488 1477 1547 1533 Nisi
1569 1477 1641 1533 lurlc
1668 1477 1742 1532 dicat
1768 1475 1904 1548 eliquisa

157 1571 192 1625 Et
209 1569 384 1640 Apostolus:
405 1591 418 1618 a
435 1570 507 1641 Ergo
522 1569 604 1640 cujus
620 1570 679 1624 vult
693 1572 767 1625 lieris
791 1569 953 1636 miseretur,
975 1574 1003 1624 cl
1059 1570 1116 1624 Deo
1130 1569 1271 1623 nuendum
1285 1584 1344 1622 non
1361 1566 1431 1638 rugi.
1448 1565 1529 1631 Quod
1550 1566 1617 1638 quia
1631 1566 1837 1620 catholicorum
1854 1581 1904 1618 ue·

157 1672 245 1731 quem
261 1657 322 1712 vult
348 1657 466 1713 indurat
493 1659 579 1730 (ltom.
612 1675 649 1729 rx,
667 1661 718 1728 18).
736 1679 750 1709 ιι
768 1658 843 1730 [Vult
863 1659 928 1730 quis
942 1675 1003 1713 esse
1058 1672 1106 1712 mo
1122 1673 1228 1729 negare
1241 1656 1398 1728 praesumit,
1416 1656 1505 1711 claret
1520 1655 1587 1727 quia
1602 1654 1699 1710 divina
1713 1652 1904 1726 dispositione

126 1810 129 1817 ¹
157 1746 260 1813 bonus,
280 1747 493 1802 etnonralct:
524 1746 881 1818 rultalteresseimalus,¹
899 1751 927 1801 et
948 1763 1004 1802 non
1059 1761 1118 1801 non
1134 1747 1226 1800 solum
1240 1744 1402 1816 praesentia,
1419 1759 1519 1798 rerum
1535 1744 1622 1798 etiam
1637 1742 1785 1814 praeterita
1799 1757 1907 1813 regun-

157 1834 335 1907 permittitur
361 1834 501 1906 interire]
533 1835 566 1889 lit
596 1835 742 1907 Scriptura
779 1838 876 1889 sancta
912 1835 1002 1891 dicit:
1059 1839 1117 1902 tur,
1132 1839 1160 1889 et
1173 1834 1279 1889 lutura.
1295 1833 1376 1900 Quod
1392 1849 1458 1887 cum
1474 1832 1512 1886 ila
1525 1832 1562 1887 sit
1583 1835 1679 1887 nullus
1704 1831 1835 1886 lidelium
1854 1830 1907 1884 du-

157 1945 171 1973 ‹·
188 1923 343 1980 Considera
357 1938 444 1995 opera
466 1922 589 1988 Domini,
615 1923 683 1994 qnia
699 1939 784 1978 nemo
800 1926 893 1992 potest
915 1922 1003 1977 corri·
1059 1922 1132 1978 bitat
1145 1923 1176 1977 in
1193 1924 1248 1977 lico
1263 1921 1335 1977 nibil
1351 1922 1498 1989 mutabile,
1520 1921 1651 1993 nibilque
1668 1919 1806 1975 variabile
1821 1918 1905 1974 lieri:

157 2027 224 2084 gere
239 2028 326 2084 quem
341 2011 389 2067 illa
404 2010 565 2081 despexerit
579 2011 681 2080 (Ecclc.
693 2011 808 2080 victl).
828 2034 839 2059 »
858 2009 960 2082 [Datur
979 2010 1005 2064 ei
1060 2015 1138 2084 quod
1166 2026 1232 2066 cum
1258 2009 1413 2064 certissime
1441 2009 1583 2078 credatur,
1617 2009 1757 2080 sequitur,
1785 2006 1827 2062 uti
1854 2023 1907 2062 nec

158 2098 283 2172 quivult
299 2115 361 2154 esse
376 2099 482 2167 bonus;
498 2099 572 2154 alius
592 2114 642 2153 nec
667 2100 736 2166 vult,
760 2115 812 2152 nec
831 2098 859 2152 ei
874 2098 958 2153 datur
973 2103 1006 2153 ut
1059 2116 1164 2155 norum
1179 2100 1329 2155 consilium
1343 2112 1396 2153 uec
1411 2115 1513 2153 novam
1536 2097 1764 2170 dispositionem,
1787 2112 1839 2151 uec
1853 2112 1905 2150 no·

159 2185 322 2260 silbanus]
344 2187 498 2257 Apostolus
522 2201 657 2257 quoque:
677 2208 687 2235 ‹
705 2188 748 2240 An
766 2186 933 2240 non-babet
953 2203 1004 2258 po·
1059 2205 1127 2244 vum
1151 2190 1227 2260 apud
1255 2190 1346 2243 Deum
1369 2187 1502 2242 ordinem
1527 2203 1588 2241 esse
1617 2186 1786 2241 sentiamus.
1812 2186 1906 2251 Quare

157 2275 407 2347 testatemligulus
434 2274 534 2330 lutiex
557 2274 656 2329 eadem
684 2290 779 2329 messa
804 2275 897 2329 lacere
925 2276 1003 2329 aliud
1059 2277 1200 2349 sequitur,
1213 2283 1245 2331 ut
1260 2277 1401 2346 universa,
1418 2292 1483 2348 quae
1496 2291 1548 2346 per
1565 2274 1642 2330 varia
1658 2282 1820 2346 temporum
1840 2290 1906 2329 cur-

158 2363 337 2436 quidcmras
360 2364 390 2418 in
416 2364 568 2431 bonorem,
596 2363 675 2419 aliud
704 2380 770 2418 aero
797 2363 828 2418 in
849 2368 1002 2420 contume·
1059 2365 1271 2437 riculajudicat
1285 2367 1370 2432 Deus,
1387 2369 1437 2419 aut
1451 2364 1579 2436 disponit
1592 2368 1642 2418 aut
1657 2364 1770 2418 ordinat
1784 2363 1814 2418 in
1829 2379 1906 2418 crea·

158 2455 226 2509 liam
242 2454 332 2525 (Rom.
348 2470 384 2521 rx,
400 2454 453 2522 tl).
471 2475 485 2503 »
504 2452 572 2526 [lete
587 2451 754 2507 nasciturin
774 2469 871 2508 errore
897 2458 926 2509 et
940 2468 1004 2508 mo·
1059 2460 1196 2524 torosos,
1211 2470 1326 2526 semper
1347 2455 1377 2509 in
1405 2454 1565 2509 aeternitate
1592 2452 1703 2507 consilii
1717 2453 1771 2521 sui,
1798 2451 1838 2507 sic
1858 2453 1906 2523 ju·

158 2542 241 2609 ritur,
257 2543 305 2598 ille
321 2543 441 2597 inbono
456 2558 513 2613 quo
528 2541 718 2613 crepitusque
737 2541 768 2597 in
792 2542 890 2614 linem]
902 2542 1005 2613 perdu-
1060 2545 1163 2615 dicata,
1180 2545 1328 2616 disposita,
1349 2544 1481 2599 ordinata
1507 2543 1634 2609 luerunt,
1658 2543 1904 2614 quemadmodum

158 2631 224 2704 rat]
240 2633 273 2687 Et
287 2632 321 2688 de
337 2631 482 2702 Sapientia
496 2631 629 2702 psallitur
645 2648 651 2686 :
670 2653 684 2681 «
697 2632 766 2697 Qum
780 2631 884 2703 aperis,
912 2636 940 2687 et
955 2647 1005 2686 ne·
1059 2633 1090 2688 in
1105 2633 1282 2705 temporibus
1300 2633 1334 2688 ab
1349 2632 1412 2704 ipso
1425 2631 1600 2704 judicantur,
1627 2631 1829 2702 disponuntur,
1856 2647 1907 2684 or-

157 2737 206 2777 mo
217 2721 311 2792 aperit
334 2721 430 2790 (Apoc.
456 2737 496 2789 ιιι,
511 2722 549 2790 7).
564 2743 578 2770 ι
611 2719 735 2795 [Tandiu
765 2725 820 2775 stat
847 2721 910 2788 isle,
936 2738 1006 2793 quo·
1061 2720 1905 2791 dinantur.Finisautenrtammalorumquambonorum,

158 2821 249 2878 usqua
265 2808 363 2876 cadat3
378 2809 426 2863 ille
440 2808 489 2864 din
505 2809 578 2864 male
604 2808 724 2864 virendo
741 2809 770 2863 in
783 2810 840 2865 line
867 2810 1002 2878 salvatur,
1060 2810 1095 2866 ad
1111 2810 1235 2865 divinam
1251 2809 1367 2880 respicit
1381 2808 1600 2880 dispositionem
1607 2825 1615 2880 ;
1633 2809 1769 2864 humanm
1791 2824 1907 2880 quoque

158 2900 361 2968 respectusque
376 2896 575 2968 convestitam]
593 2898 625 2953 Et
640 2897 778 2952 Dominus
793 2914 844 2970 per
864 2900 979 2971 Moysen
995 2917 1001 2954 :
1060 2915 1159 2955 cursus
1172 2898 1237 2953 vitas
1251 2898 1355 2954 divium
1368 2896 1563 2969 dispositionis
1571 2897 1712 2968 judicium
1722 2913 1906 2969 nequequam

160 3004 174 3034 a
190 2985 248 3057 Ego
265 2986 392 3041 occidam
405 2991 433 3041 ct
447 2986 607 3054 virilicabo,
624 2988 784 3059 percutiam
799 2993 828 3042 ct
842 3004 894 3058 ego
910 2989 1003 3043 salra—
1020 3018 1040 3073 (Ξ
1058 2989 1133 3061 fugit
1150 3004 1156 3042 :
1175 2993 1295 3060 utraque
1306 2987 1395 3060 igilur
1410 2987 1579 3058 sempiterni
1591 2986 1778 3059 dispositione
1793 2986 1908 3042 consilii

159 3073 206 3140 bo',
220 3078 249 3129 et
263 3091 321 3129 non
337 3074 441 3147 estqui
456 3075 491 3130 de
506 3091 595 3130 manu
610 3091 674 3131 maa
689 3076 780 3147 possit
794 3093 894 3132 eruere
909 3077 1001 3150 (licut.
1061 3078 1264 3149 praedestinata
1275 3079 1350 3132 suut.
1369 3078 1498 3149 Cumque
1513 3092 1570 3131 non
1587 3076 1675 3144 idem,
1691 3092 1787 3130 rerum
1803 3076 1907 3132 distin-

156 3164 310 3234 inerrabili.
329 3163 689 3239 u[Vultprodessejustus
707 3165 838 3233 inbono,
861 3183 1003 3240 necprae·
1061 3166 1169 3221 ctussit
1186 3165 1251 3222 linis
1279 3166 1445 3234 electorum,
1475 3182 1526 3221 seu
1548 3167 1746 3237 reproborum,
1772 3165 1908 3238 quemad-

158 3251 244 3318 valct,
260 3252 321 3307 vult
345 3268 449 3307 nocere
474 3253 713 3309 melosetvalet:
737 3252 789 3308 iste
813 3255 873 3309 uult
890 3256 946 3310 lieo
961 3272 1005 3309 ra·
1060 3256 1179 3312 modum
1194 3255 1280 3310 eliam
1299 3255 1366 3310 vitae
1394 3271 1493 3309 cursus
1520 3271 1631 3324 eorum,
1658 3256 1798 3327 sequitur,
1821 3253 1909 3308 utdi·

157 3354 222 3394 care
252 3343 280 3394 el
303 3343 408 3396 saeculo
437 3341 608 3411 impeditur;
634 3342 682 3395 ille
710 3341 832 3411 negotiis
862 3343 1005 3413 implicari
1061 3344 1134 3399 rinae
1150 3344 1406 3415 praedestinationis
1423 3344 1505 3410 ordo,
1519 3360 1575 3415 quo
1600 3343 1820 3399 liuisbonorum
1846 3359 1906 3396 ma·

158 3427 248 3499 cupit,
269 3443 322 3482 nec
348 3428 470 3500 perlicit.
502 3428 778 3483 [luminaturmalus
808 3429 891 3497 bono,
913 3431 1006 3485 bonus
1061 3432 1213 3503 lorumque
1238 3431 1393 3501 dirimitur,
1424 3449 1483 3487 non
1515 3432 1589 3486 idom
1617 3434 1663 3500 sit,
1690 3432 1739 3487 sed
1767 3431 1905 3486 diversus.

159 3513 378 3586 damnaturpro
401 3515 503 3586 impio,
529 3515 635 3586 impius
657 3516 815 3571 honoratur
838 3519 1005 3591 projesta]
1060 3521 1310 3587 Quemadmodum
1341 3521 1466 3576 ductoris
1491 3521 1575 3576 istius
1598 3521 1741 3576 sententia
1769 3521 1909 3576 docemur

163 3602 343 3658 Ecclesiastes
364 3620 502 3676 quoque:
525 3627 538 3654 a
564 3605 613 3659 list
631 3605 750 3673 malum,
771 3607 848 3677 quod
872 3607 930 3663 vidi
953 3609 1006 3663 sub
1060 3609 1181 3665 dicentis
1197 3610 1335 3665 :Gemina
1349 3615 1393 3665 cst
1406 3609 1630 3681 praedestinatio,
1648 3616 1702 3665 etc.
1724 3610 1796 3666 Satis
1819 3609 1908 3680 igitur

159 3693 218 3746 sole
234 3691 315 3763 quasi
330 3708 382 3763 per
396 3708 522 3748 errorem
546 3693 728 3766 egrediausa
750 3695 821 3751 lucie
843 3697 1004 3769 principis:
1061 3697 1212 3753 doctorum
1240 3698 1408 3753 auctoritate
1435 3698 1640 3753 catholicorum
1660 3697 1791 3753 instructi
1807 3713 1908 3751 sumus

158 3779 285 3852 positum
300 3781 419 3836 stultum
434 3781 464 3835 in
484 3782 625 3854 dignitate
641 3783 770 3850 sublimi,
794 3789 823 3839 et
849 3784 950 3840 divites
965 3803 1006 3841 se·
1061 3786 1207 3858 geminam
1221 3802 1280 3841 esse
1294 3786 1586 3858 praedestinationem.
1601 3787 1706 3841 Verum
1722 3803 1758 3840 ne
1785 3785 1838 3841 ista
1853 3786 1909 3840 lur-

159 3869 227 3924 dcrc
251 3869 399 3938 deorsum;
421 3870 479 3926 ridi
503 3886 599 3926 servus
627 3871 658 3926 in
684 3872 776 3943 equis,
805 3878 832 3927 et
862 3874 1006 3946 principes
1060 3876 1241 3931 tassisalicui
1259 3875 1675 3943 mioussulficiant,addamus
1692 3875 1778 3930 etiam
1797 3873 1909 3945 aliquid

160 3958 340 4014 ambulantes
359 3959 440 4031 quasi
464 3975 558 4013 servos
583 3964 789 4031 superterram
818 3961 917 4032 (Eccle.
937 3980 961 4029 x,
977 3967 1005 4017 ὅ·
1061 3980 1095 4019 cx
1117 3964 1198 4019 libris
1221 3964 1303 4018 istius
1325 3964 1414 4034 ipsius
1433 3964 1569 4031 auctoris,
1590 3980 1662 4035 quos
1684 3979 1765 4018 nosse
1790 3963 1911 4033 cupien-

160 4047 197 4120 7).
215 4068 229 4097 »
246 4050 317 4104 item
333 4064 339 4102 :
358 4069 371 4096 a
387 4047 450 4101 Vidi
465 4048 518 4102 sub
534 4049 591 4103 sole
611 4048 643 4103 in
665 4048 728 4103 loco
746 4050 850 4120 judicii
873 4051 1005 4122 impieta·
1060 4053 1137 4109 tibus
1153 4052 1281 4119 satisfiat,
1295 4057 1324 4108 et
1337 4053 1517 4124 acquiescere
1532 4054 1663 4107 nolentes
1676 4052 1910 4108 testimoniorum

159 4141 229 4206 tem,
244 4135 313 4191 etin
327 4138 389 4191 loco
402 4135 522 4207 justitiae
546 4135 730 4208 iniquitatem
747 4137 843 4210 (Ecclc.
859 4157 900 4205 nr,
920 4144 1004 4209 16).»
1060 4139 1143 4214 copia
1170 4145 1352 4212 superentur.
1381 4142 1412 4196 ln
1443 4140 1515 4196 libro
1538 4141 1637 4212 itaque
1662 4140 1908 4208 Differentiarum,

161 4228 379 4296 bnoaeqnoque
398 4224 551 4297 prophetia
568 4241 604 4279 :‹
633 4227 770 4281 [lominus
797 4229 953 4284 mortificat
977 4237 1004 4286 et
1061 4231 1131 4285 dum
1153 4229 1260 4285 bivium
1284 4229 1385 4301 gratiae
1407 4229 1634 4285 inlusionemab
1662 4229 1782 4284 bumoui
1813 4229 1911 4285 distin·

161 4312 294 4375 ririllcat,
309 4312 425 4368 deducit
440 4313 586 4368 adinteros
601 4319 630 4371 et
645 4314 765 4370 reducit.
785 4317 922 4372 liominus
933 4326 1037 4390 pau-D
1057 4321 1157 4392 guenet
1183 4318 1295 4373 arbitrii
1328 4318 1471 4386 libertate,
1499 4319 1539 4374 sic
1569 4317 1611 4375 ait
1638 4318 1766 4390 (isidor,
1795 4318 1844 4373 lib.
1877 4336 1908 4383 ιι,

162 4401 455 4474 peromlacitelditat,
468 4402 892 4475 lirrmiliatetsublimat(Ilico.
912 4410 1005 4474 ¹¹.6l··
1063 4408 1121 4463 dili.
1136 4424 1220 4475 saxu,
1237 4409 1310 4463 lli-l
1322 4410 1359 4470 lu,
1378 4408 1439 4478 ιιι)
1455 4423 1462 4462 :

162 4491 289 4561 Cumque
303 4491 750 4564 hacomniadivinofierijuoicio
761 4496 1008 4553 nemocatlrolico-
1098 4496 1187 4568 [luter
1199 4495 1297 4566 gratiae
1314 4495 1418 4550 divium
1428 4495 1610 4562 inlusionem,
1622 4501 1651 4550 at
1666 4493 1785 4550 humani
1796 4493 1910 4550 arbitrii

162 4594 225 4634 rum
245 4578 377 4634 dubitare
387 4579 498 4648 debeat,
514 4597 600 4635 cause
615 4597 665 4636 cur
678 4582 718 4637 ita
729 4588 867 4653 gerentur
882 4584 935 4638 soli
952 4585 1008 4640 lico
1062 4585 1241 4640 voluntalem
1266 4584 1319 4639 hoc
1331 4584 1451 4639 interest
1467 4601 1473 4638 :
1503 4583 1655 4639 arbitrium
1676 4589 1720 4639 est
1733 4583 1865 4639 voluntas
1878 4583 1911 4638 li·

161 4673 287 4737 notaest,
297 4685 361 4742 quse
372 4670 768 4740 laniennonpotestessenisi
775 4672 864 4742 justa,
882 4673 1008 4728 estenim
1063 4673 1138 4728 berae
1154 4671 1313 4743 potestatis,
1330 4688 1394 4743 quae
1408 4688 1460 4742 per
1473 4688 1502 4725 se
1513 4677 1615 4742 sponte
1632 4672 1674 4726 rel
1688 4672 1764 4726 bona
1779 4671 1824 4726 rol
1835 4672 1912 4726 mala

162 4757 271 4823 abillo,
286 4757 367 4828 cujus
383 4758 532 4830 dispositio
556 4775 614 4813 non
640 4764 734 4831 polest
756 4776 816 4814 esse
838 4760 955 4832 injusta.
978 4764 1009 4817 El
1062 4765 1197 4833 appetere
1213 4765 1316 4833 polest.
1334 4762 1429 4817 Gratia
1440 4766 1536 4814 nutem
1554 4766 1597 4815 est
1617 4759 1720 4815 divinae
1744 4759 1910 4814 misericor·

162 4845 298 4918 quoniam
315 4846 440 4901 bantana
455 4847 555 4919 nequit
574 4846 692 4902 scientia
714 4848 929 4920 comprehendi,
950 4865 1010 4904 me·
1063 4851 1118 4906 diae
1133 4849 1293 4921 gratuitum
1308 4850 1426 4917 donum,
1440 4865 1491 4920 per
1507 4848 1584 4920 quod
1600 4853 1628 4903 ct
1648 4849 1730 4904 bonae
1754 4848 1912 4903 voluntatis

161 4936 217 4991 rito
236 4934 1008 5006 sichujussententiaelluenrbeatoslsidorustermi·
1063 4939 1189 5006 initium,
1221 4942 1250 4993 et
1278 4938 1374 5009 operis
1398 4953 1599 5008 promeremur
1626 4936 1775 4992 ellectum.
1811 4936 1913 4991 [lirina

162 5025 403 5096 natdicens:[llt
426 5024 456 5079 in
479 5024 532 5078 bac
556 5029 635 5079 tanta
655 5024 829 5080 obscuritate
852 5042 911 5080 non
933 5026 1010 5081 salet
1062 5029 1171 5102 quippe
1199 5026 1292 5098 gratia
1315 5027 1492 5097 praevenitur
1520 5027 1605 5080 homo
1631 5031 1661 5080 ut
1679 5026 1772 5080 bonus
1795 5024 1842 5091 sit,
1861 5041 1913 5079 nec

162 5112 248 5168 bomo
264 5112 391 5167 utrinam
416 5113 591 5184 perscrutari
615 5111 844 5184 dispositionem,
866 5119 896 5170 et
911 5116 1007 5170 occul·
1062 5118 1221 5173 humanum
1237 5114 1389 5169 arbitrium
1405 5114 1455 5170 liei
1474 5114 1598 5185 gratiam
1606 5114 1758 5179 antecedit,
1781 5113 1831 5168 sed
1847 5113 1912 5185 ipse

162 5204 224 5255 tum
257 5200 519 5272 predestinationis
544 5201 726 5272 perpendere
753 5202 908 5274 ordinem]
940 5205 1008 5258 Ecce
1063 5203 1915 5277 gratialleinolentembominempraevenitutetiamlre-

162 5287 298 5357 praefatus
312 5290 412 5345 doctor
427 5290 576 5345 manilesle
596 5307 648 5345 nos
661 5290 759 5345 docuit
785 5291 857 5347 lines
876 5296 935 5347 tam
949 5294 1009 5347 ele·
1063 5311 1099 5349 ne
1112 5294 1188 5349 velit.
1205 5295 1275 5348 Nam
1291 5293 1416 5364 pondero
1432 5292 1526 5347 carnis
1539 5293 1626 5349 homo
1653 5293 1693 5348 sic
1707 5291 1813 5364 egitur,
1831 5298 1863 5346 ut
1877 5292 1916 5349 sit

163 5379 387 5449 olorum,quern
408 5380 596 5451 reproborum
623 5380 872 5451 prmrlestinatosa
898 5384 1010 5447 Deo,ct
1063 5381 1371 5454 adpeccatnmfacilis,
1392 5382 1427 5436 ad
1451 5383 1649 5453 paenitendum
1676 5383 1784 5437 tardus.
1821 5382 1916 5438 Habet

164 5481 221 5520 uon
235 5466 325 5522 solum
345 5470 426 5537 lines,
442 5469 642 5525 verumetiam
657 5470 721 5543 quis
738 5471 857 5526 inbono
873 5488 937 5543 qum
952 5488 1008 5527 coe·
1063 5472 1097 5527 de
1113 5488 1141 5526 se
1159 5471 1232 5526 uode
1248 5474 1371 5537 corruat,
1392 5477 1420 5526 et
1435 5487 1493 5526 non
1515 5472 1601 5527 habat
1623 5471 1700 5526 unde
1724 5474 1835 5542 surgat,
1859 5470 1915 5525 nisi

164 5553 203 5620 pit
218 5569 308 5624 nsque
325 5557 352 5608 in
370 5559 457 5611 linem
471 5563 642 5626 perseveret,
659 5559 781 5629 quisque
798 5561 917 5615 malum.
931 5561 1007 5630 quod
1064 5561 1154 5625 oralia
1170 5559 1342 5626 Conditoris,
1361 5564 1392 5613 ut
1407 5560 1542 5630 erigatur.
1559 5576 1675 5615 maurim
1690 5558 1798 5629 jacenti
1811 5565 1913 5614 exten-
