3930 6098
466 200 510 256 tttt
535 200 700 260 CORPORE
726 205 769 260 Er
788 204 959 261 sensatus*
986 206 1116 261 llOlllh'l.
1616 215 1664 269 lili

81 326 797 397 damblexlructibusterrm‚sanctificaturetllta
816 332 942 389 inebriet
971 335 1129 402 hominem,
1154 335 1194 390 ita
1219 337 1340 392 Verbum
1373 338 1432 406 bet,
1464 340 1514 410 qui
1545 345 1588 396 est
1616 358 1662 412 pa·

81 414 762 490 am,operanteinvisibiliterSpirituDeillujus
816 421 861 476 nis
877 422 966 490 vivus,
983 422 1201 495 participatione
1230 425 1275 479 sui
1295 425 1424 481 fidelium
1453 432 1561 484 recreat
1585 446 1663 484 men·

81 502 146 559 ‚licis
162 509 372 557 sacramentum
389 505 479 558 Graeci
498 508 702 562 declinristium
719 509 761 562 di·
817 516 867 565 tes.
880 533 894 559 »

87 592 597 663 Latinebonnqrntininterpretalur
618 603 670 649 :et
693 597 761 667 quid
851 599 940 654 xttv.
968 599 1025 653 Ista
1050 598 1171 654 dicenda
1197 601 1369 654 conlitemur
1397 603 1472 673 quod
1508 603 1538 658 in
1566 621 1660 660 sacra·

81 681 182 753 nguine
209 687 239 736 et
270 682 762 752 corpor-anhelat?(Peuisveroet
816 691 912 741 mento
925 687 1052 757 corporis
1065 693 1094 742 el
1113 686 1263 759 sanguinis
1279 689 1403 753 Donrini,
1429 691 1569 763 quidquid
1585 700 1661 749 exte·

81 768 220 840 ieorpori
241 773 270 823 et
296 769 431 838 sanguini
453 775 667 840 comparantur,
693 774 761 844 qum
815 775 874 828 rins
902 775 1034 841 sumitur,
1064 775 1100 830 ad
1128 776 1255 847 eorporis
1282 776 1468 832 relectionem
1494 783 1656 850 aplatnrb:

81 856 219 912 vvisibilis
237 857 318 928 punis
332 856 448 928 vinique
464 858 624 912 substantia
639 860 759 914 euterio·
816 862 936 918 Verbum
952 868 1048 917 autem
1064 863 1121 930 llei,
1134 864 1183 935 qui
1199 869 1242 918 est
1255 863 1336 934 panis
1361 865 1543 921 invisibiliter
1558 869 1587 922 iu
1609 869 1657 923 illo

93 949 122 1000 et
136 945 258 1000 inebriat
273 945 430 1011 hominem,
443 947 482 1000 ila
495 947 619 1000 Verbum
634 947 694 1016 bei,
710 950 760 1019 qui
814 949 938 1005 existens
959 957 1148 1019 sacramento,
1173 952 1355 1007 invisibiliter
1378 953 1596 1025 participatione
1613 959 1658 1011 sui

81 1033 170 1100 rivus,
200 1034 419 1105 participatione
445 1033 490 1089 sui
518 1035 617 1091 lideles
650 1041 760 1092 recreat
812 1039 940 1093 fidelium
959 1044 1068 1093 mentes
1084 1039 1249 1095 rivilleando
1265 1040 1361 1111 pascit.

91 1141 106 1172 u
847 1128 921 1182 XLV.
939 1127 1009 1182 lliuc
1031 1127 1115 1183 etiam
1134 1128 1210 1182 idem
1234 1128 1333 1183 doctor
1359 1128 1429 1183 dicit
1445 1131 1534 1200 (Orio.
1552 1129 1602 1184 lib.
1618 1148 1655 1197 vn,

81 1208 130 1265 ists
144 1209 242 1264 doctor
256 1209 413 1265 catholicus
435 1227 547 1265 sacrum
569 1211 640 1266 illud
658 1211 758 1267 [lomi-
811 1230 872 1285 cap.
895 1218 934 1283 19)
952 1231 959 1270 :
978 1215 1219 1271 «Sacramentum
1233 1221 1274 1270 est
1290 1217 1320 1270 iu
1334 1217 1431 1288 aliqua
1452 1210 1654 1287 celebratione,

81 1297 137 1353 >nis
153 1298 331 1369 mysterium,
347 1298 377 1352 in
406 1299 575 1353 memoriam
601 1316 652 1371 pro
676 1299 757 1354 nohis
812 1304 1174 1374 cumresgeslnilalltut
1200 1305 1307 1375 aliquid
1332 1305 1655 1376 signihcareinlelliga·

96 1387 236 1458 passionis
264 1387 347 1441 ducet
380 1387 534 1457 agendum.
563 1389 619 1443 lloc
660 1387 757 1443 dicens
812 1395 860 1445 tur
873 1391 947 1461 quod
973 1397 1069 1446 saneta
1095 1391 1294 1463 accipiendum
1309 1399 1351 1446 est
1365 1402 1412 1448 e·
1445 1395 1508 1448 llaec
1536 1393 1655 1449 dicendo

81 1475 242 1530 taminieam
270 1475 432 1546 passionem
454 1476 540 1530 semel
557 1492 617 1530 esse
641 1476 755 1544 iactam,
811 1478 933 1533 ostendit
946 1494 1032 1549 omne
1056 1487 1266 1535 sacramentum
1285 1480 1315 1534 in
1329 1480 1434 1536 divinis
1447 1486 1531 1536 rebus
1545 1483 1654 1555 aliquid
1713 1484 1718 1493 “

84 1563 753 1636 emoriamiosacrissolemnibusrepraesentari.
810 1567 911 1622 secreti
936 1566 1097 1634 continere;
1135 1572 1163 1623 et
1195 1568 1275 1623 aliud
1308 1585 1369 1623 esse
1402 1570 1479 1640 quod
1507 1569 1656 1626 visibiliter

81 1651 132 1706 nde
160 1657 188 1706 et
216 1650 297 1721 panis
320 1651 371 1723 qui
398 1652 528 1717 ollertur,
559 1668 590 1709 aa
616 1653 754 1707 fructibus
773 1634 791 1687 Β
809 1655 1047 1727 appareat‚alind
1064 1671 1129 1710 vero
1149 1658 1225 1728 ‹prroil
1247 1655 1427 1712 invisibiliter
1450 1657 1487 1713 sit
1510 1658 1653 1729 accipien-

87 1740 124 1794 sit
136 1745 308 1810 assumptus,
324 1740 354 1793 in
370 1739 475 1794 Christi
490 1756 592 1812 eorpus
612 1740 680 1795 dum
693 1758 755 1796 san·
808 1744 886 1798 dum.

81 1828 274 1898 transponitur
291 1844 298 1881 :
317 1828 388 1881 sicut
400 1833 428 1881 el
439 1827 548 1895 vinum,
564 1844 629 1883 cum
645 1845 677 1883 ex
699 1829 754 1885 vite
843 1832 930 1887 xtvt.
951 1832 1019 1896 Quae
1035 1836 1101 1886 sunt
1113 1836 1208 1886 antem
1233 1838 1411 1887 sacramenta
1429 1833 1561 1887 lidelibns
1576 1833 1651 1887 cele·

110 1915 200 1971 divini
232 1920 328 1971 tamen
365 1917 588 1971 sanctificatione
626 1917 755 1989 mysterii
808 1919 1138 1992 brandaconseqnenler
1161 1920 1380 1986 ostendens‚ail
1404 1921 1651 1990 (Ibid.):uSurrt

81 2005 165 2076 aguis
178 2003 296 2070 Christi;
312 2020 371 2058 non
388 2003 504 2075 qnidam
520 2004 679 2072 visibiliter,
693 2007 753 2073 sed,
809 2012 903 2062 aulem
915 2013 1092 2061 sacramenta
1117 2007 1276 2078 baptismus
1299 2012 1328 2063 ct
1346 2007 1482 2075 chrisma,
1507 2024 1610 2078 corpus
1625 2012 1653 2061 et

81 2108 176 2148 reseas
200 2093 308 2159 doctor,
328 2097 465 2164 operante
486 2093 668 2148 invisibiliter
691 2094 754 2165 Spi-
809 2095 934 2167 sanguis.
969 2092 1068 2166 [Apud
1096 2095 1231 2151 isidorum
1257 2095 1356 2150 ibidem
1379 2096 1506 2160 additur,
1527 2096 1651 2165 Christi]

81 2181 114 2251 l.‚
130 2181 250 2251 sanetol.
808 2184 875 2248 Ouae
891 2183 928 2237 ob
943 2183 971 2237 id
990 2187 1161 2239 sacramenta
1175 2183 1319 2251 dicuntur,
1336 2183 1405 2256 quia
1419 2183 1471 2238 sub
1487 2187 1653 2255 tegumento

81 2269 131 2324 ude
141 2268 258 2339 sanguis
268 2268 520 2340 etcorpnsChristi
532 2268 675 2336 dicautur,
687 2269 755 2341 quia
807 2271 999 2342 corporalium
1015 2287 1112 2325 rerum
1137 2271 1227 2326 virtus
1251 2271 1348 2326 divina
1378 2271 1513 2327 secretius
1532 2271 1653 2326 salutem

81 2356 353 2421 exteriusridentur,
368 2357 416 2411 sed
428 2358 504 2429 qnod
517 2356 645 2423 interius,
657 2357 754 2412 divino
808 2360 975 2414 eorumdem
991 2366 1234 2421 sacramentorum
1261 2365 1406 2430 operatur.
1434 2360 1555 2414 Undeet
1581 2376 1654 2413 ase·

81 2448 170 2512 rante,
182 2445 340 2512 factasunt,
353 2445 754 2518 accipinutur.litquialonge
808 2447 893 2502 cretis
919 2447 1072 2502 virtutibus
1099 2448 1140 2501 vel
1163 2464 1249 2501 sacrus
1276 2454 1447 2504 sncrnmentn
1476 2447 1619 2502 dicuutur.
1638 2467 1651 2494 u

81 2533 217 2589 atentiam
234 2533 405 2587 invisibilem
421 2532 647 2604 existuntquam
664 2533 756 2588 risibi-
810 2536 885 2590 Elin
910 2535 1096 2607 sequentibus
1120 2535 1160 2590 ait
1186 2536 1303 2608 (lbid.):
1332 2558 1346 2587 o
1373 2537 1469 2591 Graece
1495 2537 1652 2603 mysterium

81 2622 311 2689 eantgdiscerult,
325 2621 394 2675 dum
405 2620 485 2688 dicit,
497 2637 602 2692 panem
617 2626 644 2674 et
654 2622 754 2676 vinum
807 2623 912 2678 dicitnr
926 2624 1003 2695 quud
1017 2628 1153 2679 secretam
1169 2627 1198 2678 et
1221 2624 1396 2679 reconditam
1414 2623 1516 2678 habeut
1531 2622 1652 2695 disposi-

81 2709 244 2780 risanguini
262 2709 374 2764 Domini
389 2709 560 2780 comparari,
574 2731 587 2759 n
601 2710 666 2781 quia
683 2710 754 2765 sicul
808 2712 927 2765 tionem.
943 2734 957 2761 »

81 2797 125 2853 nis
140 2803 170 2851 et
187 2797 247 2851 vini
263 2797 422 2852 substantia
436 2798 609 2852 exteriorem
625 2797 754 2853 nutritei

843 2800 943 2855 xtvtl.
957 2798 1032 2865 Quid
1044 2799 1147 2855 isthinc
1161 2800 1358 2873 perducemur,
1375 2799 1430 2853 uisi
1454 2799 1530 2870 quod
1547 2814 1653 2869 corpus

81 2951 148 3008 tima
161 2953 247 3007 verba
272 2954 435 3025 parenthesi
458 2953 564 3021 clavrsa,
589 2971 646 3009 uon
670 2971 751 3026 repe·
768 2931 788 2986 C
807 2957 896 3011 velata
912 2961 939 3011 ct
954 2956 1111 3024 recondita,
1127 2958 1211 3011 modo
1228 2957 1317 3012 oculis
1334 2973 1392 3012 non
1414 2956 1542 3027 subjecto
1559 2958 1587 3011 in
1603 2976 1652 3014 eo·

81 3023 113 3078 nd
127 3024 279 3086 lsidorum,
297 3026 345 3078 lib.
362 3026 537 3094 Etymulog.;
555 3027 603 3080 sed
619 3025 668 3080 lib.
687 3027 751 3091 1,de

81 3110 104 3166 p.
124 3098 166 3153 l8.
182 3095 241 3149 brec
257 3096 400 3149 hahentur
422 3113 428 3150 :
448 3097 543 3162 Panis,
568 3100 635 3164 quin
658 3098 752 3163 eorrfir·

81 3167 164 3232 ,ideo
180 3181 276 3234 cerpus
300 3168 407 3220 Christi
434 3173 631 3235 rtnrteupntnr:
657 3170 752 3221 υἰηωη

81 3239 261 3302 tanripuinem
275 3243 403 3307 operatur
419 3239 548 3305 incarne,
563 3238 623 3291 idco
636 3239 673 3291 nd
687 3253 752 3290 sun·

81 3308 268 3372 istirescrtar.

81 3383 193 3432 sautem
217 3380 266 3433 Dei
291 3380 340 3447 qni
362 3384 400 3432 est
422 3380 504 3446 panis
524 3378 679 3442 inuisibilis,
696 3382 749 3432 etc.

81 3449 215 3503 latramui
235 3454 279 3501 est
297 3449 417 3502 verbum
437 3449 567 3502 divinum
585 3449 705 3504 asistere
722 3449 751 3503 in

81 3540 84 3564 i
99 3518 185 3572 modo
201 3519 345 3585 invisibili,
363 3518 391 3572 id
406 3525 448 3572 est
463 3519 597 3584 mirilico,
611 3520 751 3589 singulari

81 3588 108 3643 rb
123 3605 157 3642 eo
173 3605 229 3659 quo
245 3605 296 3659 per
311 3605 393 3642 snam
411 3591 631 3644 immensitatem
655 3591 752 3643 omniu

81 3675 110 3714 us
129 3660 205 3713 enim
228 3663 263 3714 ab
287 3659 349 3713 aliis
372 3661 512 3714 creaturis
541 3667 752 3714 sacramentum

81 3729 167 3784 lmine
181 3730 318 3785 ditlerret.
334 3735 371 3783 At
394 3747 461 3784 vero
482 3731 584 3785 mundus
600 3731 752 3800 singularis

105 3799 221 3855 aliunde
245 3817 301 3854 vion
330 3801 456 3871 erumpit
479 3817 566 3871 qnam
586 3817 619 3854 ex
643 3801 752 3856 unione

81 3871 182 3925 ,Verbi
196 3888 260 3925 cum
281 3888 401 3941 corpore
429 3873 566 3939 humano,
591 3887 642 3943 per
665 3888 752 3942 qnam

81 3941 182 4005 dicere,
200 3947 224 3995 el
242 3943 357 3997 Verbum
380 3958 442 3997 caro
462 3947 566 4010 snctrtm
582 3944 680 3997 estssx
694 3958 752 4012 quo

83 4017 128 4066 est
141 4012 275 4080 Verbum,
289 4014 342 4067 hoc
354 4013 476 4067 Verbum
492 4014 673 4067 exstitissem
688 4013 751 4066 siun

81 4097 96 4136 n
120 4099 203 4135 cruce
219 4083 274 4136 alia
299 4083 409 4137 ratione
437 4084 561 4138 ctmudo
588 4100 674 4154 quam
703 4099 754 4154 pur

81 4158 133 4206 tem
149 4153 178 4205 in
194 4155 327 4207 universo
340 4155 447 4208 mundo
458 4160 486 4208 et
497 4156 525 4207 lu
539 4155 754 4208 omnibnscrea-

806 3028 872 3082 dem
889 3032 1078 3081 sacramento.

842 3097 941 3162 οΟιιοά
967 3102 1059 3151 sancte
1086 3097 1272 3165 crepandum
1295 3102 1343 3151 est.
1369 3098 1401 3151 at
1417 3096 1491 3151 infra
1519 3097 1650 3153 ibidem:

807 3167 885 3232 Quod
899 3167 1076 3221 invisibiliter
1098 3169 1135 3221 sit
1150 3167 1345 3235 accipiendum,
1370 3167 1513 3235 interpres
1527 3168 1651 3221 Gallicus

807 3239 892 3308 hujus
904 3236 969 3292 lihri
988 3237 1135 3291 ltalramni
1154 3237 1222 3290 anui
1242 3240 1316 3302 ltili,
1333 3236 1456 3290 intendit
1480 3237 1576 3289 auimo
1599 3238 1653 3291 huc

806 3308 990 3380 participium
1004 3308 1189 3376 decipiendum
1203 3323 1259 3360 uon
1285 3307 1445 3376 signiticare
1459 3306 1653 3376 recipiendum,

806 3379 855 3432 sed
871 3377 1062 3434 assumendum
1075 3383 1103 3431 el
1124 3377 1338 3443 inteltinendnm.
1365 3378 1501 3447 Adeoque
1527 3378 1652 3432 traduxit

807 3449 911 3504 Gallice
924 3447 1051 3504 deterius
1065 3448 1137 3516 quod
1156 3453 1246 3502 sancte
1260 3448 1447 3517 accipiendum
1462 3453 1487 3502 ct
1502 3449 1651 3503 inuisibili-

807 3524 896 3575 tersit
910 3518 1106 3588 decipiendum.
1132 3517 1210 3584 Quod
1227 3523 1319 3573 surreie
1338 3519 1529 3573 assumendam
1549 3524 1574 3574 et
1595 3522 1652 3587 sni·

805 3591 945 3644 ritualiter
974 3589 1187 3658 intelligendum.
1217 3589 1287 3655 Qu'it
1319 3591 1382 3655 snut
1407 3589 1525 3658 prendre
1548 3593 1650 3644 seinte·

806 3665 886 3726 ment,
900 3665 925 3714 et
939 3659 1007 3730 qn’il
1020 3661 1082 3724 sent
1093 3659 1219 3713 entendre
1233 3661 1465 3727 spirilnettement,
1482 3660 1563 3729 qnasi
1579 3661 1651 3730 qrtod

806 3737 898 3786 snrrcte
915 3728 1132 3785 subandiendum
1147 3734 1172 3783 el
1186 3731 1371 3797 spirituniter
1386 3730 1569 3795 repetundum.
1596 3730 1650 3786 Sed

806 3818 840 3856 ex
856 3802 899 3856 his
915 3800 1095 3856 abundanter
1109 3802 1184 3869 patet
1206 3800 1258 3852 hac
1272 3799 1416 3853 scribendi
1439 3801 1546 3854 ratione
1567 3816 1650 3854 nsum

806 3888 867 3927 esse
882 3872 1069 3942 interpretem
1085 3869 1222 3926 Gallicam
1237 3869 1355 3923 diversas
1371 3870 1459 3938 partis
1482 3869 1651 3939 scriptorem

807 3943 1000 4013 ntavrspicato
1030 3948 1059 3995 et
1087 3955 1222 4011 prospere
1249 3939 1455 4011 suihagarotur
1484 3941 1650 4010 errorique

807 4030 873 4067 suos
889 4013 1042 4068 fascinaret
1055 4016 1208 4065 sectatores
1220 4010 1342 4073 lucilius,
1359 4010 1463 4079 quihus
1478 4009 1650 4079 persuadere

806 4083 899 4138 voluit
913 4099 985 4153 opus
1001 4098 1061 4136 esse
1076 4081 1230 4137 subaudire
1251 4087 1278 4135 et
1291 4079 1451 4151 intelligere
1466 4083 1556 4134 lotum
1571 4081 1648 4151 quod

808 4153 837 4207 in
854 4153 1028 4208 Eucharistia
1041 4155 1109 4206 solet
1125 4151 1217 4207 allieri
1237 4167 1298 4206 esse
1317 4151 1474 4221 figuratum
1496 4155 1526 4206 et
1544 4150 1649 4222 imagi-

83 4223 133 4276 hus
148 4224 271 4278 dilucide
285 4226 470 4295 consequitur
484 4225 559 4296 qnod
575 4241 638 4278 crini
651 4240 755 4293 eorpus
767 4225 787 4279 ll
807 4239 929 4290 nosum;
949 4239 1014 4279 cnm
1039 4228 1153 4278 econtra
1178 4224 1349 4279 llatramnus
1368 4222 1484 4275 adnotet
1506 4226 1568 4292 post
1588 4238 1651 4275 sun·

82 4309 130 4349 um
154 4300 183 4347 et
199 4311 262 4347 rere
278 4293 306 4347 iu
322 4294 386 4349 sinu
403 4296 497 4349 traria
524 4294 665 4348 ex=titerit
680 4300 708 4348 et
724 4295 751 4348 in

81 4364 125 4418 lus
148 4364 296 4418 dubitandi
321 4364 397 4417 locus
418 4365 542 4436 relinqui
568 4371 661 4445 potest
682 4366 751 4436 qnin

81 4434 152 4488 rsibi
167 4436 340 4504 persuaserit
355 4435 431 4489 idem
447 4452 550 4505 eorpus
565 4452 594 4488 rn
617 4435 753 4490 Euchari-

80 4505 209 4559 asienem
235 4506 349 4567 habere,
375 4506 640 4575 propteriutimam
666 4522 753 4576 quam

91 4576 182 4630 Verbo
209 4576 305 4629 divino
322 4578 458 4630 outonem
474 4593 480 4630 :
497 4593 562 4630 cnm
588 4582 629 4631 tot
642 4576 673 4630 in
687 4576 755 4631 locis

81 4661 168 4700 smero
186 4647 217 4700 l's'
244 4647 413 4716 prraesertim,
429 4649 507 4713 rietus
520 4663 575 4701 csse
592 4663 645 4701 non
669 4653 755 4702 sotum

81 4733 117 4771 rm
128 4719 210 4770 etiem
229 4721 348 4784 copitare
363 4733 458 4787 corpus
476 4716 627 4772 christiin
645 4720 755 4773 Eucha-

81 4802 123 4841 sse
135 4803 182 4842 seu
196 4804 302 4854 riepure.
320 4789 353 4841 Et
368 4789 480 4856 repetit,
497 4804 577 4842 num.
595 4791 640 4853 ab,
658 4804 756 4859 panem

81 4862 238 4926 ncorporis
255 4863 280 4912 et
301 4861 443 4923 senprtinis
467 4862 520 4912 mci
540 4875 667 4914 converse
689 4860 754 4914 snb·

81 4927 154 4982 tddit
174 4928 292 4996 insuper
307 4943 387 4982 unm.
408 4933 442 4984 30
461 4935 489 4983 et
506 4931 539 4984 ts
556 4931 631 5000 quod
655 4945 756 4999 corpus

88 4998 190 5054 Christi
212 5001 307 5066 neure
336 5004 399 5053 sunt
427 5001 573 5054 secundnm
595 5002 757 5069 speciemui·

87 5085 149 5123 nere
172 5070 318 5123 secundum
334 5070 498 5124 invisibilem
521 5071 712 5137 substantium,
727 5070 758 5124 id

94 5143 245 5209 potentium
275 5142 366 5205 Verbi,
392 5156 453 5194 cere
476 5157 572 5209 cerpus
588 5146 614 5195 el
645 5143 757 5208 sanquis

81 5215 162 5266 stttnl.
184 5212 221 5265 Ex
240 5210 285 5264 his
301 5211 394 5264 verbis
409 5211 579 5279 intelligitur
594 5211 674 5264 lacile
690 5211 756 5265 snb·

81 5281 249 5335 invisibilem
280 5281 463 5336 Eucharistiae
487 5297 548 5335 esse
578 5297 642 5335 vere
664 5281 757 5352 ipsum

81 5351 152 5410 risti.
164 5358 192 5406 et
206 5353 279 5407 banc
293 5352 482 5407 substantiam
497 5352 675 5416 spiritualem
699 5367 758 5405 esse

88 5421 184 5489 Verbi,
208 5424 336 5494 adeoque
351 5439 416 5476 cnm
436 5424 475 5476 ait
501 5423 673 5477 llalrumaus
691 5423 759 5475 Ver·

81 5508 124 5548 tre
136 5492 166 5546 in
183 5498 360 5548 sacramento
375 5494 482 5547 sentire
498 5501 527 5547 et
555 5493 715 5547 existimare
732 5493 758 5546 id

81 5564 162 5619 rionis
184 5569 214 5618 et
234 5564 426 5636 colligationis
440 5580 504 5619 cum
527 5580 611 5619 carne
633 5565 761 5620 humana

807 4301 884 4349 ctum
901 4293 1041 4349 lsidurum
1062 4295 1255 4365 hispalensem
1277 4297 1487 4347 sacramentum
1503 4307 1563 4345 rem
1590 4309 1650 4346 esse

807 4381 871 4436 qnae
884 4368 989 4430 sancte,
1006 4365 1059 4419 boc
1073 4370 1115 4418 est
1135 4365 1180 4434 pie
1195 4363 1390 4418 administrari
1405 4367 1432 4417 et
1447 4362 1556 4433 percipi
1567 4363 1651 4417 debet

806 4451 871 4489 cnm
887 4434 1072 4505 apparatione
1087 4441 1182 4488 saneta
1196 4451 1203 4489 ε
1218 4435 1327 4505 quippe
1346 4450 1410 4488 cnm
1425 4432 1503 4487 alind
1517 4433 1554 4487 sit
1572 4433 1650 4504 quod

807 4507 837 4560 in
852 4522 885 4560 eo
898 4509 1057 4575 apparetet
1069 4504 1148 4559 aliud
1171 4506 1246 4576 quod
1265 4506 1396 4561 sensibus
1415 4505 1540 4573 subjecto
1563 4504 1650 4558 modo

808 4576 991 4648 percipimus.
1007 4575 1170 4630 Porrohaec
1196 4577 1292 4630 omnia
1321 4576 1400 4630 valde
1423 4579 1584 4646 congruunt
1616 4574 1651 4628 iis

809 4664 872 4718 quae
886 4646 954 4701 dicit
963 4651 1077 4700 sanctas
1092 4645 1310 4716 chrysostomus
1324 4646 1445 4701 homilia
1460 4651 1475 4700 7
1492 4645 1521 4699 in
1542 4644 1653 4715 Episto-

810 4720 865 4772 lam
877 4717 999 4784 primam
1014 4715 1049 4770 ad
1070 4715 1243 4780 Corinthios,
1260 4732 1325 4787 pag.
1346 4719 1420 4772 ata:
1448 4718 1651 4773 Sacramentum

809 4788 988 4857 appellamus,
1004 4789 1133 4856 queniam
1147 4785 1226 4840 alind
1240 4785 1377 4840 intuemur
1388 4789 1417 4840 tn
1430 4803 1460 4843 eo
1476 4802 1559 4856 quam
1572 4785 1652 4840 uide-

809 4874 878 4925 mus,
895 4864 921 4912 et
932 4872 1077 4913 reuernres
1091 4858 1163 4913 alins
1177 4856 1321 4923 credimus,
1337 4871 1419 4925 qnam
1433 4873 1501 4924 quas
1519 4856 1651 4910 uidemus.

811 4929 957 4995 Ejusmodi
970 4930 1040 4984 eslim
1054 4934 1094 4984 est
1116 4935 1219 4984 notura
1241 4932 1470 4982 sacramentorum
1488 4933 1649 4981 nostrorum.

809 4998 910 5060 ”Altae
941 4996 971 5052 di
1018 5004 1140 5073 υστήριον
1163 4997 1294 5064 καλεῖται,
1318 5001 1359 5050 ὅτι
1381 4995 1428 5048 οὐκ
1455 4996 1518 5071 ἅπερ
1544 4999 1650 5071 ὁρῶμεν,

812 5068 947 5142 phineem
976 5019 1032 5122 tiit·
1062 5071 1136 5144 ἕτερα
1163 5072 1274 5143 ipsium,
1307 5072 1352 5120 καὶ
1387 5067 1460 5141 ἕτερα
1488 5070 1650 5139 πιστεύομεν.

811 5122 922 5199 Τοιαύιτή
946 5139 1054 5214 hispani
1076 5149 1126 5192 τῶν
1149 5122 1300 5214 μυστιηρίων
1329 5141 1401 5212 ἡμῶν
1434 5139 1522 5208 φύσις.
1549 5140 1654 5191 Auctor

812 5210 951 5266 versionis
962 5211 1073 5267 Gallicas
1093 5212 1161 5265 anni
1178 5213 1256 5275 tna-t,
1273 5227 1338 5266 cum
1353 5209 1398 5264 sui
1411 5207 1517 5263 erroris
1537 5222 1581 5261 res
1597 5224 1655 5262 uon

812 5288 946 5352 ageretur
971 5297 1080 5352 suaque
1106 5298 1164 5335 non
1194 5281 1313 5337 ulterius
1336 5280 1474 5335 interesse
1497 5277 1653 5342 rideretur,

812 5352 994 5424 participium
1009 5354 1200 5422 decipientium
1222 5352 1252 5407 in
1274 5354 1328 5406 reci
1352 5352 1475 5418 initium,
1498 5348 1656 5412 transtulit,

813 5422 970 5477 continenti
985 5439 1118 5477 sermone
1136 5440 1214 5478 num
1231 5424 1266 5478 48
1282 5439 1289 5476 :
1335 5426 1404 5476 irtus
1419 5420 1516 5475 diuina
1529 5420 1655 5475 secretins

812 5496 927 5549 satutem
940 5495 1129 5562 accipientium
1146 5495 1264 5564 ttdetitcr
1276 5493 1425 5562 dispensat.
