3930 6098
90 230 145 284 457
873 227 1052 287 EPlSTOLAE
1616 278 1618 281 .
1794 235 1847 292 458

127 367 171 421 to.
187 366 238 423 Sin
252 367 346 432 aliter,
357 365 426 439 quid
437 364 552 437 cupiam
571 365 729 421 edisserere
742 382 799 420 non
812 366 943 421 moreris.
962 369 986 421 A
1139 371 1141 376 ’
1402 366 1445 420 vt.

88 456 238 526 interrogo
254 456 343 521 euim,
366 459 395 510 et
418 456 485 509 satis
508 454 655 526 desquiro,
680 456 744 527 quis
758 471 792 509 ex
820 461 942 526 utroque
1041 469 1100 507 rrae
1120 469 1241 508 arrsroaa
1260 470 1372 508 ioannis
1391 471 1529 510 sraaansrs
1552 473 1657 513 ravano
1678 475 1798 515 orauere.

88 544 209 598 bomine
223 552 237 579 ⁸
249 545 404 599 mundetur
414 543 566 614 baptismo,
583 548 680 598 utrum
696 559 810 615 corpus,
827 544 876 614 qni
890 559 942 598 ex·
1031 540 1159 607 Inlustri,
1183 540 1288 595 eximio
1312 544 1445 613 celsoque
1470 544 1580 599 AnvAno
1599 546 1733 615 loannes,
1759 547 1843 615 mini·

88 632 181 686 terior
195 633 231 687 ab
245 632 381 704 Apostolo
395 634 439 685 est
457 631 549 686 dictus
565 631 657 703 (Rom.
680 635 739 700 ru),
756 648 793 686 an
808 631 940 699 interior,
996 642 1060 682 mus
1075 629 1219 697 omuibus,
1235 629 1265 683 in
1280 629 1390 684 cunetis
1404 634 1561 685 extremus.

89 721 140 791 qui
159 720 288 792 spiritus,
303 720 348 774 vel
366 719 462 774 anima
477 723 521 774 est
539 720 718 790 appellatus?
735 720 769 775 lit
783 720 807 774 si
836 735 942 791 corpus
1033 719 1057 771 t.
1073 717 1143 771 Cum
1157 716 1258 772 diebus
1272 718 1408 772 omnibus
1426 724 1453 772 et
1469 721 1622 775 momentis
1643 721 1772 778 studium
1797 741 1844 779 sa-

88 813 205 864 tantum
220 813 250 863 et
263 825 320 864 non
335 808 443 877 anime,
458 824 523 863 curn
538 824 666 880 corpore,
687 807 820 878 superius
834 808 941 864 dictum
995 803 1113 875 pientiae
1125 810 1227 860 vestre
1237 812 1265 860 et
1287 806 1509 861 sollicitudinem
1523 808 1691 880 pervigilem
1704 811 1778 866 circa
1788 812 1844 866 uti·

89 910 256 950 recenseam
268 895 432 967 Augustini.
449 896 506 952 Cur
524 911 585 950 non
605 895 788 966 baptizantur
808 900 837 950 et
859 911 940 950 mor·
996 892 1105 948 litatem
1132 893 1199 948 fidei
1228 895 1374 949 catholicae
1395 895 1658 967 comprobaremus,
1678 904 1772 971 grates
1787 900 1845 955 Deo

89 984 159 1039 tui?
180 985 215 1039 nt
230 984 253 1038 si
273 984 381 1052 anima,
400 983 469 1056 quid
488 984 608 1040 diluitur
632 984 662 1038 in
684 984 744 1053 ille,
763 1000 829 1055 quse
850 1000 941 1039 nona
995 981 1108 1052 egimus
1123 982 1191 1054 quia
1215 984 1313 1038 trrmen
1332 989 1456 1038 restrum
1473 983 1522 1038 diu
1539 984 1647 1039 redolet
1666 986 1696 1040 in
1715 988 1843 1055 occultis,

88 1072 186 1144 primo
200 1073 317 1128 bomine
329 1071 449 1127 existitit
464 1077 630 1144 propagata,
657 1073 707 1128 sed
722 1073 833 1128 noviter
852 1074 940 1128 abeo
995 1072 1136 1141 perpetim
1152 1072 1229 1126 lucet
1252 1077 1280 1126 et
1301 1071 1332 1125 in
1354 1072 1486 1144 publicis,
1512 1073 1685 1145 plerumque
1707 1075 1787 1131 radio
1800 1077 1844 1132 sui

89 1161 261 1232 singillatim
281 1159 438 1232 unicuique
462 1161 578 1215 creata?
595 1161 651 1215 Hac
665 1160 858 1231 disputatione
873 1175 940 1230 pro·
994 1159 1115 1231 fulgoris
1141 1160 1172 1214 in
1198 1160 1305 1216 finibus
1333 1162 1497 1232 resplendet
1519 1162 1670 1228 universis,
1699 1163 1844 1220 interdum

89 1250 162 1304 clive
175 1250 349 1317 ostenditur,
373 1265 476 1321 corpus
491 1255 605 1304 tantum
622 1265 655 1304 ex
672 1248 805 1320 originali
833 1265 941 1320 propa·
994 1249 1150 1303 concrescit
1165 1253 1196 1303 ut
1210 1249 1308 1319 pluvia
1331 1249 1361 1303 in
1375 1249 1496 1320 eloquiis
1523 1250 1690 1321 cunctisque
1714 1251 1841 1307 divinis:

88 1342 191 1408 getam
208 1337 412 1410 delicte,quod
425 1337 540 1392 exAdae
561 1336 720 1409 propagine
735 1352 787 1408 per
809 1336 941 1391 traduces
994 1337 1094 1391 crebro
1114 1337 1196 1408 quasi
1220 1337 1313 1392 imber
1338 1353 1425 1409 super
1445 1337 1578 1409 gramine
1600 1339 1717 1410 eloquia
1742 1340 1843 1408 mittis,

88 1426 204 1497 liquore
221 1427 348 1497 quodam
364 1426 455 1481 oritur
490 1425 616 1481 saecuto:
637 1424 734 1480 anima
753 1430 849 1480 tamen
874 1441 939 1496 quae
994 1429 1022 1479 et
1036 1424 1109 1479 sicut
1133 1424 1215 1479 stillae
1240 1441 1326 1496 super
1346 1425 1448 1481 herbas
1469 1427 1628 1482 doctrinam
1649 1428 1782 1484 eximiam
1798 1429 1843 1484 in·

87 1530 163 1568 nova
178 1518 208 1569 et
230 1515 339 1586 absque
361 1516 457 1586 aliqua
471 1513 587 1584 corpori
602 1514 765 1568 infunditur
780 1515 873 1582 culpa,
890 1530 941 1568 cur
994 1511 1098 1566 fundis.
1114 1513 1145 1566 Et
1166 1512 1234 1582 quia
1248 1513 1277 1565 in
1302 1513 1346 1566 his
1358 1513 1492 1567 omnibus
1505 1515 1611 1584 presul
1636 1515 1743 1583 existis,
1758 1516 1843 1578 faeiat

86 1601 227 1674 baptismi
242 1603 397 1658 mundetur
418 1602 633 1673 abundeque
655 1618 706 1657 nec
719 1602 750 1656 in
783 1602 940 1673 primordio
960 1604 1022 1694 Bte
1039 1600 1176 1654 Dominus
1190 1600 1397 1671 longitudinem
1411 1601 1523 1655 dierum
1543 1601 1664 1673 implere
1687 1603 1717 1656 in
1747 1604 1840 1671 annis,

88 1692 199 1747 exstitit
227 1692 461 1764 transgressionis
475 1691 612 1762 praecepti
637 1691 666 1744 in
694 1690 863 1762 protoplasti
887 1691 940 1746 de·
994 1692 1024 1742 et
1039 1688 1204 1757 [ostendere
1221 1703 1307 1758 super
1324 1693 1352 1742 te
1375 1689 1557 1744 vultumsuee
1580 1690 1702 1762 pietatis,
1718 1694 1841 1747 utele-

87 1779 157 1835 licto
172 1782 348 1837 comestione
368 1780 513 1836 interdicti
537 1779 798 1846 arborisseucieta,
828 1795 881 1834 nec
908 1779 939 1834 in
992 1775 1043 1830 tris
1069 1778 1167 1829 erutus
1182 1775 1351 1846 caliginibus
1377 1789 1399 1840 ο,
1430 1777 1576 1832 sodalibus
1604 1777 1636 1832 in
1665 1779 1733 1833 locis
1762 1779 1841 1835 ocius

87 1860 200 1914 mundo
214 1861 332 1916 veniens
351 1862 382 1915 in
400 1876 517 1932 corpore
543 1860 611 1915 vitio
629 1860 820 1915 concretionis
848 1860 939 1916 sative
992 1863 1183 1918 conscendere
1197 1865 1344 1920 merearis.
1361 1866 1463 1919 Arnen.

87 1953 239 2020 compecto
251 1953 342 2005 exstet
355 1949 475 2004 incluse.
491 1950 654 2006 Absurdum
675 1951 754 2004 enim
769 1955 821 2017 est,
839 1950 908 2004 satis
922 1967 940 2004 a
1028 1954 1054 2007 2.
1070 1954 1218 2007 Postremo
1234 1952 1374 2023 quidquid
1387 1953 1526 2024 sapientie
1540 1958 1633 2008 restra
1653 1954 1687 2009 de
1710 1954 1839 2027 quinqua

86 2037 937 2106 veritatislineadevium,etomuibusmodisestalienum,
992 2057 1143 2096 causarum
1180 2042 1344 2096 animarum
1378 2043 1557 2097 counexione
1593 2043 1772 2115 multiplicat,
1811 2049 1839 2099 et

86 2129 140 2178 aut
162 2125 261 2181 eluere
286 2143 344 2181 non
369 2126 483 2198 penitus
506 2126 701 2197 inquinatum,
726 2130 776 2181 eut
798 2126 939 2182 mundare
992 2129 1289 2200 quaestionesdiversa
1306 2129 1402 2184 ‘inter
1417 2147 1446 2184 se
1460 2130 1658 2198 defendentes,
1676 2136 1703 2185 et
1717 2131 1747 2186 in
1765 2133 1839 2188 mul·

87 2215 252 2285 cujuspiam
276 2215 443 2271 insensibile
470 2215 643 2270 membrum.
670 2215 700 2271 si
730 2216 807 2270 enim
836 2230 938 2286 corpus
991 2216 1027 2271 tis
1050 2217 1162 2271 diversa
1175 2216 1341 2281 sentientes,
1361 2225 1506 2288 utcunque
1532 2217 1679 2288 potuimus
1712 2219 1841 2275 animad-

87 2306 204 2356 tantnm
219 2303 384 2370 mundetur,
405 2302 482 2373 quod
497 2301 677 2357 immobilem
691 2302 765 2374 gerit
779 2306 894 2371 statum,
911 2306 939 2357 et
991 2303 1138 2371 vertimus,
1157 2308 1184 2358 et
1197 2320 1319 2376 quaeque
1337 2321 1370 2358 er
1386 2304 1452 2358 inde
1466 2304 1583 2374 majoris
1599 2305 1689 2358 nostri
1700 2306 1842 2362 senserint

86 2389 144 2443 nisi
158 2389 247 2445 inerit
270 2389 371 2462 spiritu
395 2390 555 2445 vivificante
575 2391 748 2461 animarum,
772 2391 938 2446 insensibile
991 2392 1195 2448 intelleximus.
1222 2392 1308 2447 Addit
1331 2397 1428 2447 tamen
1455 2393 1607 2463 prudentia
1630 2397 1732 2463 vestre,
1760 2399 1793 2451 ut
1816 2395 1840 2450 si

87 2479 184 2550 magis
198 2479 359 2546 metallum,
375 2495 461 2551 quem
471 2479 593 2550 alicujus
608 2480 650 2535 rei
663 2480 829 2535 invenietur
843 2496 938 2535 neces
991 2481 1097 2536 alicubi
1112 2481 1329 2553 responsionem
1351 2481 1427 2535 beati
1453 2481 1619 2553 Hieronymi
1643 2482 1759 2554 egregio
1781 2486 1839 2539 Au·

87 2567 299 2639 sanoeptum:
316 2568 937 2640 ergofatendumest,uonadredimendas
991 2571 1106 2641 guetino
1131 2570 1317 2641 perlegimus,
1343 2569 1487 2645 dulcedini
1517 2575 1617 2624 vestre
1646 2571 1839 2628 transmittere

86 2657 201 2711 animes
216 2657 361 2712 Christum
376 2657 531 2712 Dominum
546 2657 860 2725 descendissedecoelo,
873 2673 937 2729 ques
991 2674 1049 2711 non
1064 2658 1220 2713 tardemus.
1242 2658 1317 2712 Vivit
1345 2657 1495 2720 Dominus,
1520 2663 1548 2712 et
1568 2658 1645 2712 vivat
1668 2658 1840 2728 animatus,
1874 2647 1890 2667 ‘

86 2763 148 2800 non
163 2750 231 2800 sunt
246 2746 314 2801 Adae
329 2746 446 2801 infactas
463 2746 598 2817 originali
614 2747 726 2813 delicto,
751 2746 799 2800 sed
820 2751 851 2801 ut
874 2763 937 2800 cor·
991 2747 1059 2817 quia
1072 2745 1144 2801 nihil
1160 2746 1261 2802 exinde
1276 2745 1396 2816 legerim
1412 2745 1581 2817 rescriptum
1602 2759 1627 2813 a,
1644 2745 1700 2800 nisi
1727 2752 1839 2804 tentum
1872 2766 1882 2774 ⁸

85 2848 162 2904 pora
186 2838 300 2888 uatum
319 2833 485 2903 redimeret,
505 2850 569 2906 quae
594 2835 768 2889 extraduce
793 2834 937 2905 peccantis
991 2834 1067 2889 beati
1090 2835 1234 2890 Ambrosii
1254 2834 1373 2905 legerim
1398 2835 1503 2905 dogma
1532 2835 1684 2889 adversum
1717 2837 1840 2908 eosqui

87 2927 153 2975 urta
167 2926 320 2977 manerent
340 2925 363 2976 b.
379 2924 413 2978 Et
427 2924 491 2995 quis
509 2924 563 2978 hoc
586 2922 725 2994 iusipiens
744 2925 786 2977 vel
810 2924 935 2995 cogitare
956 2922 1118 2994 ganimem
1133 2938 1191 2976 non
1215 2921 1386 2977 confitemur
1410 2922 1459 2976 ttei
1477 2938 1537 2977 esse
1561 2922 1712 2990 facturam,
1732 2930 1783 2979 aut
1805 2941 1838 2980 ex

87 3010 191 3065 leviter
204 3011 326 3066 audeat?
340 3011 421 3077 Quod
437 3012 460 3065 si
476 3011 638 3067 animarum
655 3013 851 3084 potiusquam
870 3028 935 3067 cor·
989 3009 1106 3065 traduce
1120 3009 1219 3064 dicunt
1238 3024 1300 3063 esse
1315 3012 1452 3076 exortem,
1468 3013 1518 3063 atat
1540 3009 1702 3080 portionem
1722 3010 1771 3066 Dei
1790 3029 1838 3067 as·

85 3115 194 3169 porum
208 3103 299 3154 exstat
320 3101 496 3172 redemptor,
519 3100 667 3156 reddenda
691 3106 735 3155 est
757 3117 842 3156 causa
854 3117 935 3155 crea·
991 3101 1090 3150 serunt
1105 3111 1165 3151 esse
1180 3096 1375 3167 praedicatam.
1387 3095 1459 3160 Quid
1476 3096 1543 3151 iude
1557 3099 1719 3168 suprafatus
1740 3098 1839 3154 doctor

84 3186 179 3241 tionis
190 3187 281 3258 ipsius
294 3199 316 3255 e,
332 3203 368 3243 ne
383 3188 413 3243 in
429 3188 548 3243 duilium
564 3188 660 3244 veniat
677 3188 882 3260 redemptionis
896 3188 936 3243 il·
991 3184 1124 3256 egregius
1150 3183 1281 3250 senserit,
1304 3183 1409 3255 quidve
1433 3184 1569 3239 institerit
1592 3186 1661 3256 quid
1679 3187 1836 3243 tenendum

85 3274 154 3329 lius.
170 3275 200 3331 Si
215 3277 328 3346 cecidit,
343 3276 481 3348 erigitur;
494 3277 518 3331 si
532 3276 726 3332 coenoinfecta
747 3281 798 3346 est,
815 3277 935 3343 eluitur;
991 3289 1051 3328 esse
1073 3272 1211 3338 docuerit,
1234 3272 1357 3326 breviter
1381 3272 1606 3345 summatimque
1632 3275 1713 3330 rubis
1740 3280 1836 3330 trans-

86 3363 112 3417 si
126 3364 268 3435 captivata
284 3369 327 3420 est
349 3369 521 3438 eserpente,
538 3364 699 3421 redimitur.
713 3365 742 3420 Si
762 3369 857 3419 eutem
884 3379 936 3419 uec
989 3359 1130 3427 misimus,
1157 3359 1225 3431 quia
1242 3360 1364 3431 sapienti
1393 3376 1426 3415 er
1447 3361 1546 3416 multis
1562 3362 1725 3434 sapientam
1754 3363 1852 3419 dictis'

86 3452 188 3508 cecidit
201 3453 232 3508 in
247 3457 375 3525 parente,
390 3470 443 3509 nec
457 3470 539 3509 coeno
551 3454 656 3509 infecta
671 3458 713 3508 est
725 3452 869 3525 originali,
883 3468 937 3508 nec
990 3449 1121 3505 sufficere
1136 3449 1280 3504 credimus
1296 3464 1392 3519 parra.

86 3541 206 3613 decepta
222 3548 265 3597 est
288 3542 318 3597 in
339 3541 442 3614 primis
460 3543 659 3598 hominibusa
678 3546 820 3613 serpente,
842 3558 892 3597 cur
912 3542 936 3597 si
1026 3541 1052 3594 3.
1069 3537 1206 3594 Sicorim
1231 3538 1260 3591 in
1282 3537 1366 3592 initio
1393 3537 1527 3594 dictionis
1553 3554 1613 3593 snae
1639 3539 1740 3594 allatus
1769 3545 1834 3597 est:

85 3645 145 3684 nou
158 3629 378 3703 tingitureqnis,
388 3630 684 3703 mergiturssammis?
695 3631 831 3702 Nunquid
841 3630 935 3686 alieno
990 3648 1004 3676 u
1020 3628 1043 3681 A
1058 3642 1103 3680 me
1116 3625 1192 3681 exiet
1206 3626 1334 3697 spiritus,
1347 3626 1414 3681 dicit
1436 3627 1585 3693 Dominus,
1598 3631 1627 3682 θῑ
1650 3643 1766 3683 Omnem
1780 3629 1836 3684 Πᾶ-

81 3721 201 3789 peccato
216 3718 381 3786 damnetur,
398 3725 427 3774 et
440 3736 493 3790 pro
515 3735 636 3791 corpore
653 3719 702 3790 qni
717 3719 754 3773 ab
768 3719 935 3774 eorumdem
989 3720 1050 3770 tum
1067 3731 1121 3785 ego
1133 3730 1209 3768 creo.
1227 3715 1326 3769 Nonne
1340 3715 1394 3769 iste
1415 3719 1458 3769 est
1479 3715 1565 3784 Deus,
1585 3716 1636 3786 qui
1659 3721 1741 3771 vocat
1763 3734 1836 3789 pue·

81 3812 238 3877 pareutum
265 3807 403 3862 hactenus
427 3808 549 3880 origitur
567 3809 591 3876 d,
615 3808 676 3879 igni
699 3812 839 3879 perpetuo
862 3823 936 3861 mer·
989 3819 1054 3858 rum
1069 3803 1254 3857 snumtacob
1278 3803 1406 3857 etlsreel
1432 3818 1546 3857 servum
1572 3820 1667 3869 sunm,
1686 3805 1736 3875 qui
1753 3805 1837 3860 linxit

82 3895 184 3965 gitur?
197 3899 227 3951 et
240 3896 600 3967 curteueturetieno,quae
614 3895 705 3950 libera
720 3901 763 3951 est
775 3896 844 3950 suo?
856 3895 934 3950 Unde
989 3906 1056 3947 eum
1072 3891 1101 3945 iu
1124 3891 1226 3945 utero?
1249 3893 1349 3946 Nonne
1369 3890 1415 3945 hic
1436 3896 1479 3945 est
1503 3891 1591 3945 factor
1606 3890 1779 3960 animarum,
1799 3894 1835 3949 de

80 3987 150 4053 peto
165 3988 198 4038 nt
212 3983 237 4037 si
252 3985 327 4039 banc
343 3984 531 4056 questionem
546 3984 712 4055 ubicunque
732 3982 771 4038 ite
786 3987 865 4037 aute
888 3999 934 4039 me
989 3995 1047 4050 quo
1062 3979 1170 4033 dictum
1190 3983 1251 4033 0³l²
1267 3978 1319 4044 Qui
1340 3980 1421 4047 fideli
1448 3979 1611 4044 tludlllallm
1625 3978 1708 4032 007'4‘2
1726 3980 1835 4035 mmm?

10 4070 12 4076 ’
82 4072 258 4142 proponitur
280 4073 430 4128 enodatam
453 4072 571 4143 legistis,
594 4088 640 4127 me
661 4072 837 4143 reciprocare
851 4071 935 4126 citius
989 4068 1072 4136 (Pset.
1090 4083 1186 4135 xxxin,
1203 4065 1261 4136 lb.)
1283 4066 1317 4121 Et
1338 4066 1490 4137 Apostolus
1513 4065 1574 4120 ait:
1601 4066 1654 4132 Qui
1675 4082 1717 4121 me
1744 4081 1833 4135 segre-
1888 4073 1892 4078 ’

82 4166 144 4204 non
157 4152 281 4206 moreris
295 4168 303 4206 ε
317 4151 357 4206 sic
368 4168 482 4224 semper
491 4157 629 4224 perpetuo
646 4151 782 4207 floreatis.
799 4153 848 4206 Vel
864 4152 934 4223 quid
989 4157 1067 4224 pauit
1080 4156 1112 4210 de
1126 4161 1202 4210 utero
1215 4158 1313 4209 metris
1326 4170 1392 4210 meae
1412 4155 1480 4225 (del.
1500 4171 1520 4223 1,
1543 4153 1596 4225 15).
1613 4153 1668 4219 Qui
1681 4153 1768 4209 babet
1784 4170 1835 4225 po·

82 4237 153 4292 inde
166 4239 326 4295 tenendum
342 4240 388 4308 sit,
403 4241 448 4295 rel
462 4239 647 4300 credendum,
666 4240 710 4295 vel
726 4239 851 4310 qualiter
871 4242 932 4310 J'ns-
952 4234 1117 4298 Dtestatem
1134 4242 1316 4314 segregandi,
1332 4242 1418 4297 babet
1440 4246 1469 4297 et
1483 4245 1513 4295 iu
1536 4248 1618 4296 utero
1631 4241 1768 4314 fingendi.
1785 4242 1833 4298 Vi·

81 4324 149 4379 titia
162 4325 215 4381 Ilei
238 4327 268 4381 in
293 4327 533 4383 condemnatione
551 4326 749 4381 innocentium
770 4327 932 4381 animarum
987 4331 1037 4386 des
1052 4347 1120 4402 ergo
1138 4332 1228 4385 Deum
1245 4335 1274 4385 et
1287 4330 1474 4385 formatorem
1493 4346 1553 4383 esse
1568 4329 1598 4383 iu
1614 4333 1704 4395 utero,
1720 4334 1748 4384 et
1762 4328 1833 4384 linc·

82 4413 121 4467 sit
136 4413 325 4482 defendenda,
340 4417 413 4487 stylo
426 4416 607 4482 evidentiori,
623 4420 652 4470 et
670 4415 843 4471 documento
859 4415 933 4469 veri·
986 4422 1076 4473 torem
1092 4419 1266 4485 animarum,
1291 4418 1359 4489 quia
1380 4418 1441 4489 ipse
1465 4417 1605 4472 Dominus
1625 4417 1665 4472 sic
1681 4418 1832 4488 loquitur:

82 4502 140 4557 lico
163 4501 305 4573 indicetis,
331 4508 417 4576 atque
438 4503 621 4560 luminositer
643 4507 746 4559 cuncte
770 4503 853 4559 nobis
876 4503 933 4558 oris
986 4509 1067 4562 Pater
1090 4522 1164 4562 meus
1191 4521 1275 4575 usque
1295 4505 1373 4560 modo
1391 4509 1532 4575 operetur,
1554 4510 1580 4560 et
1593 4521 1640 4573 ege
1658 4520 1755 4575 operor
1774 4506 1834 4578 (tub

84 4590 171 4644 vestri
186 4590 931 4663 apertesententiareveletserenitatimdeprumpta.
986 4610 1013 4661 r,
1035 4594 1090 4665 tr).
1108 4595 1140 4648 et
1156 4595 1264 4666 Moyses
1288 4594 1360 4648 tator
1376 4592 1446 4663 tegis
1461 4609 1467 4647 :
1485 4593 1537 4659 Qui
1557 4595 1721 4662 percusserit
1741 4595 1835 4648 mulie

83 4678 132 4733 Sic
149 4679 312 4735 caelestibus
330 4680 499 4735 mereamini
514 4679 560 4734 hic
574 4685 602 4735 et
620 4679 650 4734 in
678 4679 773 4735 futuro
787 4677 934 4734 munerari
986 4699 1043 4738 rem
1066 4684 1146 4750 culce,
1171 4688 1198 4737 et
1222 4683 1375 4736 abortiuum
1389 4681 1555 4752 hprejecerit
1577 4684 1736 4752 puerulum,
1752 4682 1832 4739 dubit

83 4765 120 4820 de
135 4767 256 4836 praemio
271 4767 370 4839 vigore
386 4768 520 4836 aethereo,
537 4772 566 4823 et
579 4767 714 4823 felicitate
736 4768 858 4824 caelestis
882 4782 933 4838 pe·
987 4772 1079 4828 omniu
1092 4771 1236 4827 muliebrio
1247 4770 1394 4826 secundum
1416 4771 1583 4825 uoluntatem
1599 4773 1656 4825 uiri
1669 4774 1722 4827 eui.
1739 4772 1770 4826 Si
1784 4785 1834 4824 ou·

82 4853 332 4927 trieeindisrupte.
348 4857 449 4912 Amen.
463 4856 546 4912 Finit¹
987 4865 1039 4917 tem
1069 4859 1214 4930 projecerit
1243 4860 1305 4929 jum
1344 4861 1502 4928 figuratum,
1541 4858 1618 4913 dubit
1650 4859 1756 4914 oculum
1784 4872 1834 4928 pro

120 5037 135 5064 ⁸
154 5030 384 5101 tfs.,eautroque
399 5033 530 5087 nomines.
1024 5041 1035 5068 ⁰
1055 5032 1116 5099 tls,
1133 5033 1271 5100 caliginis.

119 5102 136 5144 b
154 5100 185 5154 F.
200 5107 361 5157 manarunt.
1023 5101 1034 5139 f
1053 5103 1113 5170 tls,
1131 5104 1308 5172 quaestionum
1319 5102 1499 5159 clientarum.

120 5179 133 5204 ⁶
152 5171 182 5226 ld
196 5178 237 5226 est
251 5172 368 5239 animae,
384 5188 418 5228 ne
430 5171 544 5228 dubium
562 5175 665 5239 ueniet,
688 5176 754 5240 etc,
780 5189 934 5244 suppresso
1024 5185 1039 5229 a
1058 5175 1119 5241 us,
1139 5177 1282 5243 rescripte.

81 5245 125 5297 in.
143 5240 192 5296 Vel
207 5243 269 5314 tege
284 5244 381 5299 statim
399 5243 558 5314 redemptio,
575 5244 625 5299 ubi
645 5243 838 5314 redemptionis
862 5245 935 5299 seri·
1023 5246 1037 5287 ¹¹
1057 5245 1086 5299 F.
1119 5246 1229 5300 calceet
1257 5245 1420 5311 abortiuum,
1457 5245 1500 5298 vet
1535 5246 1654 5300 naiadum
1681 5241 1837 5314 projecerit

82 5314 176 5368 bitur.
987 5317 1156 5384 pensatum:
1182 5316 1313 5387 sequitur
1335 5316 1432 5371 enim:
1452 5315 1586 5371 Stantem
1609 5316 1754 5384 pripecrrrt
1774 5314 1837 5387 jem

120 5381 137 5418 ⁶
157 5383 186 5437 F.
202 5387 301 5454 mitte,
316 5385 373 5453 vel,
387 5384 411 5440 si
425 5385 527 5454 meris,
536 5387 701 5454 supinatur.
986 5388 1149 5454 figuratum.

248 5566 396 5631 Parnon.
418 5567 531 5631 CXXI.
1640 5570 1680 5631 15
