3930 6098
586 267 691 327 elenu
712 268 891 326 ADVERSUS
909 268 1068 326 GRAEGOS.
1651 281 1703 334 738

85 399 174 464 indm,
191 397 262 453 nihil
278 397 352 452 desit
370 397 529 464 industries,
551 399 600 453 sed
619 400 693 454 adsit
708 400 801 454 omnis
820 405 957 458 Acontea
979 399 1066 454 fidem
1096 400 1225 454 Ecclesioe
1253 401 1339 457 unius
1367 405 1517 473 tyrannica
1547 409 1700 462 auctoritas

85 495 106 542 Lo
121 503 269 552 sensuum,
286 487 360 541 adsit
378 487 472 540 omnis
487 488 673 558 congregatio
689 495 800 542 sancta·
855 489 1016 542 moliretur.
1043 489 1166 559 Ideoque
1187 489 1222 543 ab
1241 490 1375 545 omnibus
1397 491 1633 549 convenientibus
1657 495 1702 549 in-

87 575 249 642 italionum,
268 581 298 628 ut
312 574 380 644 quid
396 574 433 627 sit
447 574 587 645 pontifex,
607 575 673 645 quid
690 575 799 641 unctio,
856 577 994 644 stituilur,
1009 583 1041 630 nt
1055 591 1114 630 nou
1131 577 1225 630 minus
1239 594 1256 631 a
1270 578 1362 632 tribus
1379 581 1575 648 praesentibus,
1591 583 1701 637 caeteris

85 668 207 719 ‚orneuta
219 663 281 733 ejus
301 661 460 726 conferant,
477 663 554 717 iutra
569 663 726 717 sacrarium
739 678 800 716 cor·
855 670 951 719 tamen
973 664 1217 719 consentientibus
1239 666 1403 720 testimonio
1425 666 1596 723 litterarum.
1630 670 1700 725 Huic

85 753 155 808 ossii
169 751 360 814 advertero.»
853 758 950 806 autam
966 751 1035 806 dum
1056 757 1249 818 consecratur,
1270 751 1354 807 detur
1374 755 1500 822 baculus,
1523 762 1554 810 ut
1571 757 1633 827 ejus
1654 758 1700 812 in-

298 865 361 920 est·
378 864 463 918 0pr
855 839 929 894 dicio
945 839 1088 894 subditam
1104 840 1217 910 plebem
1230 840 1273 894 vol
1289 844 1368 911 regat
1382 843 1425 896 vol
1440 844 1573 913 corrigat,
1594 846 1638 899 vel
1655 845 1702 900 in-

854 927 1006 983 firmitates
1024 927 1208 982 infirmorum
1231 929 1380 982 sustineat.
1408 931 1497 985 Detur
1519 937 1548 986 et
1576 934 1701 989 annulus

854 1021 973 1087 propter
987 1016 1102 1087 signnm
1117 1016 1289 1087 pontificalis
1307 1017 1433 1087 honoris,
1454 1018 1497 1072 vel
1520 1019 1700 1088 signaculum

854 1110 1040 1159 secretorum.
1057 1125 1068 1153 ι

85 978 157 1035 mem
178 979 209 1033 in
233 979 336 1033 eodem
360 979 454 1033 libro:
474 979 605 1033 «Octava
629 978 736 1049 specics
760 978 801 1033 ihi

85 1072 251 1137 campestre,
268 1067 338 1132 sive,
351 1071 383 1119 ut
404 1066 473 1120 alibi
495 1066 631 1136 legimus,
649 1065 799 1120 femoralia

85 1169 159 1225 rquo
174 1152 220 1207 hic
235 1153 311 1207 inter
325 1157 427 1206 caetera
438 1151 517 1206 siluit
532 1150 712 1206 indumenta.
727 1151 800 1216 Quid

85 1241 180 1297 smus‘l
194 1240 375 1296 Oblivionem
390 1239 523 1295 dabimus
541 1240 572 1293 in
591 1239 686 1294 verbis
706 1239 800 1310 Spiri-

85 1329 117 1397 ti,
130 1334 161 1384 ut
181 1344 246 1384 cum
267 1334 369 1383 castora
388 1328 485 1383 omnia
505 1327 629 1382 secundo
648 1343 799 1382 enarrare·

109 1432 176 1472 eum
201 1417 310 1487 species
334 1417 465 1486 superins
490 1415 565 1470 dicte
584 1415 717 1470 latuerit?
736 1415 799 1469 Non

85 1521 133 1560 seso
155 1506 189 1558 de
214 1505 301 1581 sacris
322 1504 430 1559 sentire
460 1503 652 1569 sermonibus,
679 1502 728 1556 sed
755 1502 799 1555 ri-

91 1609 128 1648 ne
149 1593 224 1648 forte
249 1593 387 1665 quoniam
410 1592 441 1646 in
460 1591 658 1662 superioribus
676 1591 800 1645 diximus

85 1697 111 1736 rs
126 1680 289 1736 indumenti
310 1680 448 1736 iudicium
468 1679 604 1732 castitatis
625 1678 724 1745 videri,
742 1694 798 1749 quo
820 1693 840 1747 g

85 1786 128 1824 rra
145 1771 252 1841 operiri
273 1770 317 1824 rel
336 1768 494 1839 constringi
516 1784 599 1822 renes
618 1767 750 1821 videntur
768 1782 800 1820 ac

1181 1194 1245 1248 Cre.
1262 1192 1372 1248 Cbllllf.

890 1300 960 1353 ltem
974 1297 1051 1352 idem
1070 1298 1100 1352 iu
1115 1298 1217 1352 eodem
1229 1298 1300 1352 libro
1317 1314 1324 1352 τ
1342 1320 1356 1346 n
1373 1298 1425 1362 Qui
1442 1299 1519 1354 enim
1533 1301 1702 1357 erudiendis

854 1392 940 1458 atque
960 1385 1144 1441 instituendis
1162 1386 1199 1440 ad
1218 1386 1352 1440 virtutem
1373 1387 1488 1457 populis
1507 1387 1633 1457 praeerit,
1649 1403 1701 1441 ue-

854 1489 929 1529 cesse
944 1479 988 1528 est
1002 1478 1033 1528 nt
1053 1474 1084 1528 iu
1104 1474 1237 1528 omnibus
1253 1478 1368 1528 sanctus
1382 1474 1428 1536 sit,
1450 1480 1479 1528 et
1503 1475 1534 1528 in
1549 1475 1629 1530 nullo
1652 1490 1700 1529 re-

853 1561 1055 1634 prehensibilis
1070 1562 1218 1627 habeatur,
1236 1582 1250 1610 u
1266 1567 1332 1630 etc.,
1348 1562 1487 1631 usquead,
1501 1562 1702 1618 distributione

855 1656 972 1706 secrete.

1180 1738 1244 1792 Car.
1261 1737 1373 1793 ccxli.

85 1874 106 1912 le
120 1859 204 1925 forte,
219 1858 349 1929 inquam,
366 1873 425 1911 non
438 1872 552 1927 semper
566 1857 595 1909 in
606 1856 722 1926 illisqui
733 1863 801 1909 tunc
889 1845 959 1898 stem
974 1843 1050 1898 idem
1062 1844 1092 1897 in
1108 1843 1207 1898 eodem
1218 1842 1291 1897 1ῑῦΓο
1305 1842 1377 1911 (Mlt-
1395 1842 1438 1914 Π)
1456 1860 1462 1898 ῑ
1478 1864 1492 1893 ¹<
1509 1845 1632 1914 ΡΘΐΒθΠῑ
1646 1845 1701 1916 igi-

85 1946 213 2001 cerdoles
236 1946 288 2000 has
311 1952 408 2016 partes
433 1944 509 1998 dicat
533 1960 594 1998 osse
621 1943 798 1997 constrictus.
853 1932 1037 2003 turvirgiues
1059 1931 1136 1986 riom
1157 1930 1350 1997 sublimitatis,
1371 1932 1442 2002 pede
1465 1932 1636 1986 humilitatis
1652 1950 1700 1989 se-

85 2033 116 2089 10
131 2034 208 2088 enim
224 2038 251 2088 er
265 2035 299 2088 de
316 2032 482 2104 posterum
497 2033 611 2103 generi,
633 2037 661 2086 „r
680 2031 715 2085 ὼ,
736 2047 800 2084 suc.
853 2026 980 2093 quantur
998 2019 1155 2084 Christum,
1179 2019 1303 2073 tenendo
1320 2025 1537 2089 perseveranter
1556 2022 1632 2091 quod
1647 2037 1700 2076 ro-

85 2120 163 2176 ›bolis
186 2121 362 2190 indulgetur,
393 2120 441 2174 sed
470 2135 524 2190 ego
546 2120 577 2173 iu
607 2119 799 2173 sacerdotibus
851 2113 956 2162 verunt
969 2107 1125 2162 ardenter:
1143 2107 1182 2160 ita
1198 2111 1229 2160 ut
1245 2105 1364 2175 professi
1389 2108 1440 2160 hac
1461 2109 1701 2180 serrateiutegri·
1743 2128 1747 2134 ·

98 2208 495 2279 hujusmgdrjnrefljgenfiam
509 2223 567 2261 „011
579 2207 797 2263 introduxerim,
852 2201 919 2263 tate,
932 2195 1042 2250 caeleris
1058 2196 1143 2249 eliam
1165 2195 1292 2249 moribus
1313 2200 1482 2266 congruant,
1508 2197 1570 2250 siue
1595 2197 1700 2268 quibus

85 2312 153 2366 ,que
167 2312 227 2350 rem
245 2295 657 2351 ,ideocummsacmmen10,
677 2296 799 2349 prmum
852 2285 950 2355 procul
968 2284 1056 2339 dubio
1072 2284 1162 2338 otiosa
1172 2287 1200 2336 et
1211 2282 1305 2337 inanis
1315 2289 1414 2338 manet
1423 2284 1583 2355 virginitas,
1603 2307 1614 2335 ι
1630 2290 1696 2353 eta,

86 2383 118 2437 in
140 2384 263 2438 Ecclesia
280 2383 441 2438 sacerdotes
458 2387 487 2437 et
508 2384 637 2437 doctores
656 2382 729 2436 filios
748 2397 797 2453 ge·
851 2387 936 2442 ¹1th
949 2371 995 2440 Μ,
1013 2386 1129 2426 carnem
1144 2369 1257 2425 Viflssefe
1275 2374 1440 2441 Ρθῑΰθῑῦὓῑ·

88 2471 160 2526 sicut
180 2477 207 2526 el
235 2471 283 2526 ille
306 2471 356 2542 qui
375 2470 509 2525 dicebat:
531 2470 622 2524 rittotr'
645 2472 707 2538 inei,
733 2484 799 2539 quos
1188 2477 1252 2532 Cur.
1266 2476 1362 2532 CLXV.

85 2562 211 2628 mium,
237 2561 319 2615 ‘¹⁰²²00
351 2561 485 2627 smihein?
517 2559 642 2614 Cimini
669 2561 699 2612 in
723 2559 798 2613 ”⁰⁶5⁸
888 2577 957 2631 ltem
972 2575 1049 2630 idem
1062 2575 1201 2629 ineodam
1214 2574 1304 2628 libror.
1318 2595 1332 2622 α
1343 2578 1415 2627 Ante
1427 2573 1582 2628 adrentum
1593 2574 1699 2647 qnippe

101 2650 157 2718 Ι9)·
180 2649 212 2702 Et
230 2649 336 2703 iterum
361 2647 428 2701 ‘stibi
452 2647 545 2702 ἆῑθίῑῑ
573 2649 692 2701 Tal'tessi
712 2649 798 2701 muna
853 2664 958 2721 Christi
978 2663 1114 2734 conjugio
1127 2662 1259 2733 placuere
1276 2662 1343 2727 ileo,
1359 2668 1425 2732 post
1442 2662 1595 2717 adventurn
1608 2665 1697 2735 virgi-

85 2736 285 2803 ³2d⁰d⁰d⁰fl⁴m
312 2736 435 2791 hstbfflil‘f
471 2738 500 2789 ἴῃ
527 2736 650 2801 Chfifih
680 2735 728 2789 fed
746 2751 799 2790 '¹⁰⁷²
852 2752 966 2813 nitas»
983 2749 1320 2819 cto.,usqneod,coelum
1338 2749 1537 2819 adimpleatur.

85 2829 172 2879 anes.
201 2827 273 2881 Nom
296 2828 325 2878 in
351 2826 457 2881 Christo
482 2826 544 2878 lesu
558 2839 607 2893 per
622 2825 798 2892 Enonpelr'um
1189 2854 1251 2908 cst·
1271 2853 1378 2907 CLXV,-

85 2916 155 2976 renni
172 2915 200 2982 (1
217 2916 276 2971 Gor.
298 2930 335 2981 iv,
367 2913 420 2983 15).
443 2912 491 2966 lsti
511 2927 580 2982 ergo
599 2913 728 2966 doctores
749 2913 797 2966 lic·

85 3023 87 3055 ι
110 3002 275 3072 hujusmodi
295 3001 527 3072 generationibus
546 3002 730 3071 procreandis
744 3000 796 3055 ali-

85 3091 242 3145 constrictis
254 3090 442 3144 femoralibus
460 3095 594 3157 utuntur,
610 3096 638 3143 ct
652 3088 798 3143 abstinent

85 3181 157 3247 ndo,
173 3196 238 3232 cum
255 3179 326 3233 tales
347 3178 509 3232 invenerint
523 3179 669 3232 auditores
683 3179 714 3231 in
733 3177 797 3248 qui·

85 3273 110 3322 rt
123 3285 153 3321 se
173 3268 296 3321 fructum
318 3268 422 3321 habero
442 3284 499 3321 nou
518 3283 609 3338 posse.
628 3265 756 3336 Denique
770 3270 798 3319 et

85 3344 113 3409 ss
126 3356 319 3425 apostolorum
337 3355 458 3409 refertur
473 3356 508 3409 de
520 3355 689 3426 quibusdam
704 3371 710 3408 :
723 3353 798 3420 Quod

85 3448 181 3512 nimus,
212 3445 316 3515 inquit,
349 3447 378 3498 iu
409 3447 477 3499 Asin
501 3445 610 3498 uerbum
644 3446 695 3498 Dei
725 3444 800 3512 loqui

85 3530 114 3603 ι).
136 3533 193 3586 lloc
211 3538 254 3586 est
276 3532 410 3603 imposita
431 3533 565 3586 habuisse
588 3532 745 3599 femoralia,
771 3537 799 3586 et

85 3634 125 3673 sse
138 3637 168 3673 se
183 3635 219 3674 ne
241 3620 316 3673 tilios
331 3625 512 3690 generarent,
535 3619 585 3691 qui
608 3619 714 3674 scilicet
728 3620 799 3674 tales

85 3709 201 3773 ditores,
218 3709 249 3763 iu
269 3708 373 3779 quibus
389 3714 417 3762 el
436 3725 535 3763 semen
556 3708 674 3779 periret,
695 3712 723 3762 et
740 3725 799 3762 non

85 3797 157 3851 iberi
173 3798 322 3851 successio.
339 3798 384 3852 Sic
398 3814 466 3868 ergo
488 3797 618 3851 Ecclesiae
639 3797 798 3851 sacerdotes

85 3900 191 3955 sapaces
220 3901 304 3940 aures
332 3886 464 3954 viderint,
492 3891 621 3940 autcum
648 3885 798 3939 simulatos

85 3973 138 4040 int,
153 3980 182 4027 et
198 3973 361 4045 hypocritas
375 3974 530 4041 auditores,
553 3975 706 4044 imponant
722 3990 798 4027 cam·

85 4067 188 4116 itautur
203 4062 400 4129 femoralibus,
416 4080 474 4117 uon
491 4069 588 4135 pereat
602 4078 701 4118 semen
720 4062 799 4117 verbi

85 4155 142 4205 ¹⁰⁸
165 4151 302 4205 omnus
324 4151 424 4252 ,eadm
446 4152 561 4207 mandat
585 4156 613 4206 οἱ
626 4152 706 4253 ,Μ
722 4168 728 4206 ⁵
744 4153 797 4208 N0'
852 4187 935 4256 gulos
948 4186 1021 4240 dics.
1037 4184 1073 4239 Et
1084 4188 1148 4255 post
1167 4181 1284 4253 aliquod
1304 4186 1418 4251 tempus
1443 4180 1498 4234 ilde
1520 4185 1548 4233 et
1567 4178 1697 4233 oratioue

85 4255 116 4292 η’
129 4243 251 4293 mmm
266 4241 389 4306 mmm
404 4255 489 4308 “eque
506 4247 673 4341 mammas
692 4246 797 4295 ”mm
817 4256 938 4345 Dcoepit
962 4272 1081 4344 propria
1101 4287 1189 4325 rnanu
1208 4270 1331 4325 scrihere
1351 4267 1569 4324 ministrationis
1589 4272 1698 4339 myste-

85 4341 134 4393 Μ’
154 4343 187 4382 ’¹⁶
204 4329 277 4393 sm
299 4328 511 4446 mmmcmfas
534 4329 648 4398 pedm
687 4334 712 4384 θ’
735 4344 796 4383 Μ’
850 4363 907 4429 rin;
933 4369 1020 4433 atque
1043 4361 1073 4414 in
1096 4376 1155 4414 una
1174 4366 1258 4413 nocte
1282 4358 1477 4412 advenieusei
1507 4357 1647 4412 Dominus
1667 4357 1698 4411 in

85 4420 163 4485 'pam
178 4430 223 4470 ”⁰⁸
239 4415 347 4486 maun·
363 4432 411 4481 ω’
425 4418 464 4485 θ’]
481 4437 495 4466 '
849 4451 960 4506 visione
981 4465 1048 4505 cum
1066 4448 1211 4520 apostolis,
1238 4447 1465 4518 propositionem
1488 4445 1571 4515 panis
1591 4445 1699 4501 faciens

279 4532 345 4587 Cet·
362 4531 464 4586 CLXII·
850 4541 881 4594 in
898 4550 996 4593 sancto
1020 4537 1113 4606 altari,
1136 4537 1268 4591 excitavit
1290 4536 1425 4590 Basiliam
1447 4535 1543 4590 diceus
1568 4534 1616 4588 ei:
1646 4535 1698 4589 Se·

85 4643 122 4695 rs,
152 4629 295 4698 Spoleusis
322 4630 451 4684 Ecclesia
482 4628 642 4700 episcopus,
670 4629 699 4682 iu
721 4628 796 4683 libro
849 4628 967 4683 cundum
982 4632 1057 4682 tuom
1071 4628 1279 4696 postulationem
1293 4626 1431 4694 replentur
1457 4639 1485 4678 os
1509 4629 1585 4678 tuum
1606 4623 1697 4688 laude,

87 4731 117 4769 m
151 4717 286 4770 secundo'
309 4720 379 4787 (cop.
409 4720 436 4788 5)
470 4719 509 4772 sic
543 4719 632 4773 dicit:
670 4741 682 4764 α
711 4718 794 4782 Quod
849 4722 881 4771 ut
903 4717 1090 4786 perproprios
1109 4728 1241 4769 semones
1260 4713 1359 4782 effuse
1381 4715 1591 4779 insanguineum
1610 4712 1698 4765 socri-

86 4803 130 4857 ius
154 4804 301 4874 virginalis
326 4806 502 4860 matrimonii
528 4807 585 4860 siut
609 4807 657 4877 qui
685 4806 794 4876 oligau-
848 4807 950 4873 tioium.
980 4803 1033 4868 Qui
1067 4818 1125 4857 non
1158 4802 1251 4857 ferens
1277 4801 1367 4855 oculis
1393 4801 1544 4867 visionem,
1575 4798 1699 4853 surrexit

85 4891 185 4945 *dinem
209 4893 403 4962 pontificatus,
429 4899 457 4948 et
478 4894 507 4948 in
534 4895 623 4948 reteri
640 4896 702 4964 lege
720 4909 797 4947 mau-
850 4909 915 4947 cum
931 4898 1067 4956 tremore,
1090 4895 1119 4945 ct
1139 4891 1274 4945 accedeus
1290 4890 1323 4945 ad
1348 4894 1477 4944 sanctum
1496 4889 1596 4954 altere,
1612 4886 1699 4957 erepit

887 2955 919 3007 lu
942 2950 1005 3005 Vite
1029 2950 1106 3005 beati
1132 2949 1236 3011 Basilii,
1266 2947 1449 3003 Caesariensis
1478 2949 1696 3019 archiepiseopi,

852 3056 917 3111 quae
932 3039 966 3092 de
981 3037 1078 3092 Graeco
1092 3037 1122 3090 iu
1139 3035 1299 3090 Latinuma
1314 3036 1439 3105 quodam
1452 3037 1548 3089 Grrnco
1559 3037 1696 3091 vocabulo

852 3126 1010 3198 Euphemio
1024 3133 1068 3180 ast
1078 3125 1217 3180 voraciter
1233 3124 1268 3178 de
1277 3124 1364 3178 verbo
1376 3123 1412 3177 ad
1426 3124 1697 3191 verbumtranslata,

851 3216 927 3270 inter
945 3219 1047 3269 catera
1072 3213 1112 3267 sic
1139 3212 1245 3284 legitur
1261 3211 1377 3282 (Eustot
1407 3212 1484 3280 opud
1508 3212 1629 3276 Surium,
1650 3215 1700 3280 qui

851 3305 952 3372 stylum
965 3304 1115 3369 mutuato:
1138 3300 1375 3355 «Convenientes
1396 3316 1464 3369 ergo
1484 3308 1572 3354 coetus
1590 3299 1697 3369 cpisco-

850 3407 966 3465 porum,
992 3390 1083 3446 sancti
1108 3390 1229 3460 Spiritus
1253 3390 1451 3459 cooperatione
1474 3389 1623 3458 elegerunt
1646 3390 1697 3442 Be·

851 3483 949 3537 silium
964 3480 1000 3535 ed
1012 3480 1192 3551 episcopatus
1205 3478 1319 3544 sedcm;
1341 3481 1369 3531 et
1387 3481 1568 3531 consecratus
1591 3477 1697 3547 guber·

851 3571 939 3625 nabat
967 3568 1118 3624 Ecclesiam
1154 3567 1204 3620 liei
1232 3565 1421 3637 providentia.
1455 3566 1521 3619 Post
1554 3564 1699 3635 quoddam

851 3663 949 3712 eutem
961 3661 1077 3726 tempus
1090 3653 1245 3724 postulavit
1257 3654 1359 3718 Derim,
1373 3660 1405 3706 ut
1419 3652 1501 3706 daret
1515 3651 1558 3705 illi
1573 3651 1694 3722 gratiam

852 3750 938 3816 atque
959 3743 1148 3807 intellectum,
1178 3741 1302 3811 propriis
1323 3739 1505 3793 sermonibus
1526 3738 1630 3794 offerre
1651 3739 1697 3793 in·

852 3833 1045 3903 sanguineum
1069 3828 1239 3883 sacrificium
1264 3828 1318 3894 illi,
1347 3833 1376 3882 et
1397 3827 1494 3881 venire
1521 3842 1699 3897 supereum

853 3922 943 3978 sancti
964 3919 1089 3990 Spiritus
1107 3918 1270 3972 adventum.
1292 3917 1359 3970 Post
1383 3916 1444 3971 dies
1464 3931 1530 3969 vero
1553 3930 1600 3968 sex
1625 3914 1699 3969 sicut

852 4013 883 4067 in
915 4008 1020 4064 exstasi
1043 4006 1142 4074 factus,
1165 4003 1289 4059 adventu
1315 4003 1406 4058 sancti
1430 4003 1552 4074 Spiritus
1577 4003 1699 4073 septima

853 4100 898 4155 die
921 4096 1163 4169 apprehendente,
1185 4094 1271 4164 coepit
1293 4093 1455 4147 ministrare
1480 4092 1538 4145 Deo
1566 4105 1618 4162 per
1639 4090 1697 4145 sin-

85 4984 134 5046 est,
168 4986 195 5034 el
229 4980 341 5052 plenius
371 4983 470 5036 scribit
495 4983 647 5054 Apostolus
676 4982 794 5037 diceus:
849 4979 953 5046 dicere,
978 4978 1105 5033 scribens
1128 4979 1157 5032 in
1176 4980 1274 5033 charta
1296 4978 1358 5033 sic:
1384 4979 1583 5047 llcpleoturos
1610 4991 1697 5030 meum
1783 5004 1786 5008 ,

85 5070 172 5122 moris
217 5071 316 5123 uirum.
364 5069 544 5124 Sacerdotem
589 5069 667 5123 enim
714 5085 794 5140 quao-
850 5068 940 5133 laude,
969 5072 1001 5122 ut
1019 5068 1147 5136 hymnum
1175 5067 1250 5121 duat
1276 5069 1372 5135 ploriae
1394 5072 1456 5132 tua,
1480 5065 1593 5118 Domine
1616 5065 1696 5129 Deus,

85 5155 131 5209 ssia
156 5159 205 5208 aut
231 5158 265 5210 do
291 5159 474 5229 monogamia
495 5159 671 5224 ordinatum,
692 5164 741 5212 aut
761 5158 796 5212 de
850 5159 899 5226 qui
914 5158 1014 5210 creasti
1027 5170 1075 5209 nos
1089 5158 1115 5209 ct
1127 5154 1273 5208 adducisti
1289 5154 1320 5207 in
1338 5157 1423 5208 nilum
1439 5154 1518 5218 hono,
1536 5156 1563 5206 et
1581 5155 1698 5205 caeteras

85 5248 139 5298 tete
165 5250 306 5299 sanctum.
339 5248 363 5300 A
394 5248 511 5316 digamo
540 5253 636 5300 aulem
667 5246 797 5300 aufertur
850 5245 995 5298 orationes
1009 5244 1099 5298 sancti
1115 5243 1278 5298 ministerii.
1296 5244 1328 5297 Et
1340 5248 1404 5309 post
1423 5242 1511 5294 finem
1532 5239 1697 5294 orationum

85 5332 257 5387 cerdonum.
284 5335 372 5389 Porro
396 5336 474 5406 quod
501 5335 653 5406 episcopus
676 5351 735 5388 non
762 5335 796 5388 nb
850 5333 984 5386 exaltavit
997 5349 1113 5404 panem,
1126 5333 1186 5386 sine
1200 5331 1413 5387 intermissione
1426 5345 1511 5383 orans
1533 5334 1561 5383 et
1574 5327 1693 5382 dicens:

98 5419 238 5473 acnnctis
248 5421 470 5490 provincialibus
482 5422 623 5492 episcopis
635 5422 794 5489 ordinatur,
849 5423 970 5490 Respice,
992 5423 1100 5476 Domine
1122 5422 1185 5474 lesu
1209 5421 1318 5474 Christe
1340 5421 1409 5472 Deus
1422 5423 1523 5483 noster,
1546 5433 1581 5471 en·
1604 5421 1697 5472 saneto

85 5521 110 5560 sr
124 5506 246 5561 haereses
262 5510 426 5580 agnoscitur
446 5510 619 5577 institutum,
635 5526 672 5566 ue
686 5510 795 5581 aliquid
850 5508 1003 5565 habitaculo
1032 5514 1087 5574 tuo,
1111 5514 1136 5561 et
1164 5509 1227 5562 neni
1248 5506 1286 5560 od
1309 5504 1536 5573 scncdltcondum
1559 5520 1620 5574 nos,
1650 5509 1699 5576 gui
