3930 6098
497 303 542 361 DE
562 304 612 361 xit
630 304 784 362 eleustus
804 301 1001 370 coeruleus,
1019 299 1139 368 situle,
1160 300 1235 357 E'l'C.
1685 307 1737 359 630
1811 293 1813 296 ⁴

85 450 175 506 noque
192 449 291 490 mense
304 433 384 506 pyris
400 450 512 489 mensas
524 451 627 490 ornare
643 435 782 491 secudans
851 441 875 494 A
888 433 1018 501 Sumere,
1034 435 1063 487 el
1073 433 1207 486 autumni
1222 432 1376 487 fecundum
1392 449 1509 504 poscere
1521 434 1676 502 Bncchum,

85 523 185 593 tlcique
199 522 265 577 licet
279 522 432 594 decerpere
447 523 557 592 persica
571 527 658 595 gustu
889 523 992 578 ilcllita
1003 526 1090 592 atque
1102 520 1195 593 epulis
1210 525 1325 591 gustare
1340 521 1492 592 absynthia
1507 523 1639 594 sumptis,

89 629 144 684 per
158 613 272 668 restivos
287 613 414 684 primum
429 618 543 667 matura
557 615 665 668 calores
891 610 1026 665 Dulcibus
1040 615 1127 682 atque
1142 609 1213 664 iaris
1225 608 1321 663 latices
1333 610 1413 680 juvat
1426 611 1531 666 addere
1543 628 1641 683 puros.

85 705 215 771 existunt,
241 703 355 774 reliqua
382 712 522 757 autumno
548 719 616 757 nam
642 703 762 863 cedgplem
771 718 833 846 ceesrt·
1180 754 1226 809 DE
1242 752 1448 809 SEPTEMBRL

88 881 176 936 etism
187 880 282 951 prime
297 880 421 935 imbutas
433 880 525 936 libere
540 897 592 953 per
602 896 666 935 eres
889 890 1004 945 Nonum
1018 902 1096 942 nunc
1111 887 1181 941 anni
1194 900 1343 941 censemus
1357 885 1388 940 in
1405 886 1505 942 ordine
1516 902 1664 944 mensem:

85 975 163 1036 noct,
181 986 213 1024 ac
229 971 309 1025 laetos
324 971 392 1024 anni
407 969 560 1040 deposcere
573 971 692 1036 tructus,
888 978 1032 1050 Septimus
1045 977 1168 1044 cuorus,
1182 975 1288 1046 primo,
1304 977 1448 1029 statuente
1462 974 1594 1045 Quirino,

85 1058 209 1114 necdum
232 1059 348 1130 plenam
375 1058 502 1114 tundunt
525 1076 578 1114 sua
605 1065 738 1131 tempora
761 1074 835 1113 mes·
888 1067 943 1132 Qui
958 1066 1023 1135 luit,
1039 1065 1157 1136 antiquo
1172 1078 1326 1119 numerum
1339 1063 1375 1117 de
1389 1064 1506 1118 nomine
1517 1064 1643 1135 priscum

763 1147 835 1217 [sem
889 1156 970 1211 Nunc
986 1167 1114 1226 quoque,
1134 1156 1163 1207 et
1182 1151 1313 1207 autumni
1336 1151 1449 1223 pluvias
1472 1168 1538 1206 cum
1557 1157 1688 1223 tempore
1702 1155 1737 1208 si-

85 1251 141 1302 tus,
155 1240 185 1291 et
198 1235 262 1290 coeli
275 1234 361 1290 facies
377 1235 484 1290 oranda
497 1236 591 1290 sereni
605 1239 657 1289 est.
1624 1241 1737 1313 [gneus.

86 1327 150 1378 tum
164 1325 242 1378 hunc
256 1324 352 1379 studio
369 1324 491 1395 pingues
508 1324 617 1393 agitare
635 1326 782 1394 repertum
888 1333 985 1404 virgo,
999 1330 1137 1386 cuidonis
1151 1330 1237 1384 simul
1251 1329 1419 1401 octonisque
1436 1344 1589 1384 coruscans

85 1430 100 1480 ¹·
120 1414 186 1468 hine
200 1413 317 1468 eessibee
331 1414 408 1468 Sillii
424 1415 546 1468 insilere
562 1414 615 1467 ³¹¹1)
630 1414 706 1478 eliis·
889 1421 993 1486 stellis,
1009 1420 1172 1474 flectentem
1184 1419 1303 1489 praefert
1314 1418 1374 1488 jam
1390 1417 1501 1472 lumina
1512 1417 1665 1473 Phoebum.

85 1517 112 1556 te
128 1508 197 1556 teme
209 1502 330 1557 meeiem
341 1502 470 1573 primum
486 1503 607 1556 Vliefllie
622 1502 749 1571 longam,
890 1512 947 1565 iloc
963 1524 1059 1563 mense
1073 1511 1202 1578 Auguste
1213 1512 1329 1578 superat
1338 1506 1389 1576 qui
1400 1507 1470 1560 torte
1485 1506 1613 1561 laborem

93 1591 187 1645 Venus
204 1595 232 1644 el
245 1590 337 1645 sterili
351 1596 526 1662 pepererunt
539 1590 648 1661 frigere
662 1595 755 1660 pastu,
888 1597 1028 1669 Agricoloe
1042 1595 1152 1662 messis,
1168 1595 1271 1649 clausis
1284 1609 1402 1665 quoque
1416 1593 1548 1665 frugibus
1563 1595 1694 1665 implent.

85 1695 159 1734 novo
173 1684 266 1734 certos
279 1685 434 1751 postquem
449 1681 545 1734 vineis
556 1694 685 1733 racemos
890 1688 948 1743 lloe
961 1700 1077 1757 quoque
1091 1683 1194 1737 vinetis
1209 1681 1342 1737 custodes
1357 1698 1465 1752 ponere
1480 1687 1604 1754 tempus,

85 1773 127 1832 nt.
145 1768 207 1823 haec
226 1784 354 1824 mensem
378 1768 454 1823 hunc
475 1768 571 1839 potior
585 1785 653 1823 nam
672 1768 765 1840 gratia
786 1783 833 1822 co·
854 1740 1067 1840 BQuiaccessu
1081 1771 1282 1827 furesvaleaut
1297 1770 1449 1841 prohibere
1469 1777 1615 1842 vagantes,

760 1857 833 1928 [mit
888 1867 928 1918 Ac
936 1863 1042 1934 laqueo
1057 1865 1086 1916 et
1099 1859 1184 1915 nodis
1196 1860 1296 1930 vulpes
1310 1874 1445 1929 prensare
1460 1859 1583 1913 dolosas.

294 1983 339 2036 DE
357 1980 527 2037 AUGUSTO·
888 1954 961 2008 Tum
992 1951 1092 2017 funda,
1125 1949 1278 2004 horrisono
1307 1953 1336 2002 et
1363 1947 1482 2019 crepitu,
1517 1952 1627 2002 terrere
1657 1949 1736 2003 rolu-

1665 2037 1737 2108 [cres

85 2137 103 2176 ΙΙ
131 2137 217 2193 quem
251 2137 374 2176 numere
397 2126 427 2175 el
456 2121 585 2176 senilem
612 2121 751 2176 Remulus
779 2136 833 2174 au·
888 2129 1014 2186 Sollicita
1027 2126 1299 2183 uvarumsvarism
1313 2124 1458 2180 uudemia
1473 2127 1594 2195 pestem,

760 2209 834 2284 [etet
888 2218 1048 2274 Prredulces
1062 2219 1136 2272 celso
1155 2217 1288 2270 redolent
1302 2215 1372 2270 dum
1385 2214 1455 2268 colle
1468 2213 1587 2280 racemi,

85 2296 253 2360 redemerit,
266 2299 359 2354 Caesar
373 2302 439 2369 peel
449 2298 541 2353 Julius
554 2298 624 2352 enni
889 2309 1021 2378 Dumque
1037 2310 1136 2378 legens
1150 2305 1242 2376 carpit
1255 2308 1381 2359 maturas
1396 2301 1502 2356 vinitor
1514 2317 1593 2368 uras,

85 2384 104 2439 st
121 2391 263 2453 melum,
276 2387 400 2458 desueti
414 2387 585 2457 e⁰8¹¹⁰ffll¹¹e
601 2386 692 2441 fleme
888 2398 984 2451 Donec
999 2395 1144 2468 spumanti
1159 2394 1242 2448 sudet
1257 2390 1402 2446 vindemia
1416 2394 1523 2457 musto,

85 2490 107 2540 s,
123 2474 277 2529 Octaviano
291 2475 437 2546 insignem
454 2475 584 2546 principe
603 2475 686 2531 dixit.
887 2487 925 2540 Ac
939 2486 1057 2555 plenum
1072 2482 1175 2538 fundat
1191 2480 1280 2553 praelo
1293 2481 1447 2550 torquente
1462 2478 1582 2549 lyaeum,

85 2561 101 2616 li
116 2563 162 2616 hie
173 2565 265 2634 spelte
278 2565 350 2619 Meie
366 2580 431 2618 eum
447 2579 544 2618 meme
560 2567 681 2628 letetur,
887 2574 1022 2639 Quamvis
1033 2588 1109 2642 smpe
1125 2587 1177 2642 per
1190 2569 1354 2624 imbriferos
1363 2566 1505 2638 tepefacta
1520 2566 1629 2621 calores

85 2667 190 2723 umque
205 2652 258 2707 tibi
269 2654 420 2707 moderans
434 2658 609 2723 auctumque
623 2651 745 2706 remittit
889 2665 961 2717 Luce
975 2661 1028 2716 sub
1044 2660 1185 2732 aequanda
1204 2673 1364 2713 messuram
1379 2656 1463 2709 vinea
1477 2655 1580 2710 falcem

85 2755 111 2795 tc
124 2742 336 2812 flammigerum
353 2742 513 2796 volventem
530 2740 663 2810 lamp-ede
679 2739 796 2809 solem;]
886 2747 1010 2813 Quaerat,
1026 2752 1054 2802 et
1068 2747 1178 2816 abjecto
1190 2745 1279 2799 nudet
1291 2760 1342 2799 sua
1353 2757 1438 2797 crura
1452 2742 1593 2796 cothurno

95 2831 263 2900 octonisque
275 2830 381 2884 micent
395 2829 441 2883 cui
453 2829 536 2899 signa
549 2828 652 2883 Leonis
888 2836 999 2890 Vinitor
1013 2839 1144 2907 aggestas
1154 2833 1274 2905 pedibus
1286 2832 1336 2903 qui
1351 2835 1481 2886 conterat
1494 2845 1577 2891 uras„

85 2933 111 2983 e,
131 2918 245 2972 mefites
260 2919 382 2973 flendum
398 2935 461 2990 (1¹1oe
476 2923 604 2972 extreme
618 2924 744 2986 lebetes,
886 2925 1032 2980 Servanda
1042 2923 1110 2978 hinc
1124 2922 1211 2977 etiam
1224 2922 1335 2976 brumae
1351 2920 1404 2973 sub
1420 2918 1528 2988 frigore
1543 2933 1629 2988 poma

85 3021 170 3060 erem
186 3006 291 3060 flelem
306 3011 432 3061 meieres
447 3006 588 3076 stringere
599 3006 699 3059 erielee
854 3014 1019 3094 CCarpera
1036 3015 1065 3066 et
1078 3010 1183 3081 apricis
1198 3025 1261 3063 mos
1274 3013 1319 3063 est
1332 3022 1505 3076 componere
1517 3006 1608 3060 tectis.

86 3084 121 3162 t'
144 3095 271 3167 sericeis
298 3095 334 3150 ed
359 3111 482 3151 messem
520 3111 585 3149 eum
619 3094 747 3165 cingitur
774 3109 834 3148 em·
888 3100 958 3156 ilinc
989 3114 1103 3171 quoque
1134 3098 1210 3153 lurra
1236 3095 1295 3149 suis
1324 3094 1439 3166 prodest
1466 3093 1645 3148 committere
1673 3095 1733 3146 sul-

766 3182 832 3254 [nis‚
1672 3180 1733 3252 [cis.

85 3288 150 3345 tque
164 3272 300 3328 sudantes
314 3273 480 3345 producunt
494 3289 561 3327 ersa
575 3273 702 3327 colonus·
887 3276 1045 3348 Pinguihus
1055 3274 1220 3346 atquearvis
1232 3283 1242 3308 ²
1255 3272 1353 3343 fruges
1367 3269 1503 3325 mandare
1518 3268 1640 3324 iuturus.

85 3376 155 3416 men
173 3361 332 3416 immensus
344 3363 436 3416 aether
450 3362 517 3416 licet
530 3376 636 3415 aureus
649 3361 732 3432 ignes
887 3365 958 3420 ilinc
973 3379 1071 3419 cervos
1084 3364 1223 3417 Venerem
1237 3359 1342 3431 pingui
1355 3358 1466 3413 terrore
1484 3362 1615 3428 petentes

85 3463 132 3503 ¹¹⁰¹
144 3455 274 3520 defleret,
287 3451 381 3504 'elide
396 3451 559 3520 eoelemqiee
575 3452 727 3504 ireesseeeet
887 3456 941 3511 Per
955 3468 1075 3508 nemore
1088 3455 1117 3505 et
1127 3451 1231 3507 densas
1245 3447 1364 3520 spiculis
1378 3446 1523 3516 contigere
1536 3445 1632 3512 silvas,

85 3553 139 3604 ete,
155 3542 184 3592 ct
198 3538 280 3592 effusi
294 3540 456 3594 convellunt
468 3555 534 3594 aere
547 3538 647 3602 nimbi,
887 3541 957 3599 Cum
972 3541 1090 3596 canibus
1100 3543 1169 3594 noto
1179 3540 1296 3609 delapsa
1311 3542 1354 3592 est
1367 3550 1438 3590 aura
1453 3534 1560 3600 lavore,

85 3641 121 3681 rm
133 3627 265 3681 autumni
280 3633 457 3698 componunt
471 3634 601 3697 tempora
617 3626 692 3692 laeti;
886 3629 1014 3684 Venandi
1030 3630 1152 3683 Francos
1168 3627 1266 3683 docuit
1276 3625 1405 3680 studiosa
1420 3624 1562 3695 voltrptas.

85 3713 146 3769 riria
161 3730 277 3769 summo
292 3719 321 3770 et
333 3716 419 3770 celeri
432 3716 559 3771 curanda
572 3715 671 3770 labore
684 3719 726 3769 est
886 3720 967 3773 Hunc
1002 3732 1129 3772 mensem
1152 3716 1214 3787 jam
1241 3719 1311 3769 tunc
1340 3714 1424 3769 bibra
1453 3711 1619 3767 moderante
1646 3727 1733 3766 ruen-

85 3808 134 3870 ‚et
149 3803 179 3857 iu
194 3808 321 3874 segetem
337 3809 439 3859 cuncta
455 3804 613 3859 exercenda
624 3805 772 3874 jurrentus,
1650 3798 1732 3871 [tem‚
1815 3798 1828 3802 ”

85 3907 105 3945 ts
119 3890 215 3946 imber
229 3891 341 3947 subitus
355 3907 392 3946 ne
408 3891 586 3962 prehendere
601 3890 698 3961 fruges
884 3898 1005 3966 AEquato
1020 3892 1112 3965 spatio
1124 3892 1287 3963 junguntur
1299 3904 1412 3961 noxque
1424 3888 1554 3960 diesque,

100 3978 253 4036 incautum
268 3979 632 4048 deludatterralaborem.
885 3983 1021 4039 Cursibus
1048 3981 1175 4052 hincque
1206 3979 1283 4035 diem
1308 3981 1424 4048 superat
1454 3992 1510 4033 nox
1531 3974 1647 4031 horrida
1669 3973 1733 4028 lon·

85 4067 461 4124 rrissolumstimulattunc
475 4066 684 4123 curametendi
1678 4059 1733 4133 [gis

85 4157 120 4211 tre
133 4157 273 4225 studium,
289 4158 409 4229 parilem
423 4157 472 4212 sed
484 4162 586 4212 cuncta
599 4158 755 4226 reposcunt
886 4161 997 4215 Vernali
1014 4159 1067 4214 sub
1081 4159 1141 4213 sole
1157 4156 1220 4228 pari
1233 4155 1387 4226 conjuncta
1401 4170 1529 4221 recursu,

85 4244 165 4315 imni,
181 4248 261 4302 vario
277 4247 384 4302 dudum
402 4262 467 4319 qum
481 4245 591 4300 semine
606 4246 693 4312 culta,
887 4251 943 4305 Lux
957 4250 1062 4303 iterum
1075 4247 1167 4302 donec
1182 4244 1310 4300 tenebris
1324 4243 1438 4315 potiora
1451 4247 1551 4297 tenere

85 4331 168 4387 triam
183 4333 325 4399 tribuunt,
341 4333 453 4387 diverso
465 4336 598 4401 tempure
614 4344 749 4385 messem.
851 4332 872 4385 il
887 4337 1007 4412 Incipiat
1020 4335 1122 4407 spatia,
1138 4333 1332 4404 etlugientem
1348 4331 1492 4403 deprimat
1504 4331 1646 4385 umbram.

85 4435 141 4474 tum
154 4436 284 4492 campus,
303 4421 399 4476 laetum
410 4421 486 4492 gerit
500 4420 549 4474 ille
561 4420 706 4490 legumen,

85 4507 159 4564 uitat
173 4524 273 4574 avena,
288 4514 392 4564 vocant
405 4510 462 4563 huc
474 4509 583 4563 hordea
594 4508 705 4562 falcem.
1197 4484 1243 4539 DE
1261 4482 1424 4539 OCTOBRL

85 4595 237 4651 ueisvieiae
251 4596 324 4652 feius
339 4597 460 4652 lentisve
475 4597 595 4652 minulae
885 4602 961 4659 Anni
985 4617 1060 4657 nunc
1074 4600 1219 4656 decimum
1242 4597 1417 4655 Octimbrem
1438 4600 1515 4651 rotat
1532 4595 1626 4652 orbita
1648 4610 1732 4650 men·

85 4688 135 4740 tur
148 4684 237 4756 inqua
251 4701 317 4740 snos
331 4686 504 4753 rediguntur
516 4686 629 4757 singula
643 4701 769 4740 acervos.
1649 4684 1731 4755 [sem.

85 4789 262 4847 quoquere·
276 4791 404 4830 mensem
418 4780 546 4830 maturos
560 4789 676 4845 carpere
690 4773 779 4829 ramis
886 4781 1023 4838 courum
1038 4782 1119 4833 votus
1133 4776 1258 4832 instituit
1272 4791 1359 4848 qoem
1373 4774 1487 4846 spnors
1499 4773 1600 4828 vocari.

85 4879 115 4930 ¹⁵2
130 4867 215 4935 eique
230 4864 323 4935 epulis
337 4865 379 4918 fes
392 4869 433 4918 eei
446 4863 636 4934 superaddere
651 4863 784 4934 sumplis·
886 4871 911 4925 ls
927 4884 1042 4940 quoqne
1056 4868 1092 4923 de
1106 4882 1227 4921 numero
1238 4865 1364 4937 priscum
1380 4863 1505 4918 retinere
1519 4874 1654 4915 vocamen

85 4951 117 5007 lei
130 4952 197 5018 fiee,
211 4953 379 5025 prunisque,
395 4953 531 5025 Wieillle
540 4953 670 5006 V0le¹¹¹¹¹⁸
684 4961 707 5018 ⁸,
886 4957 1029 5025 Noscitur‚
1063 4962 1149 5028 atque
1177 4955 1284 5009 imbres
1317 4953 1427 5024 pariter
1453 4951 1567 5022 signare
1595 4948 1726 5017 frequen·

86 5057 119 5097 us
135 5047 164 5096 et
178 5043 288 5098 nucleis
303 5048 399 5114 gratos
410 5043 529 5097 miscere
544 5057 672 5113 sapores,
1667 5031 1729 5106 [tes.

84 5131 200 5205 mosque
217 5133 274 5187 mis
286 5132 411 5188 modicos
425 5132 531 5188 devite
545 5147 674 5186 racemos
887 5135 971 5192 Libra
984 5133 1032 5190 cui
1046 5150 1129 5206 pares
1138 5134 1209 5188 coelc
1224 5147 1290 5188 cum
1305 5129 1404 5186 fecerit
1419 5128 1513 5192 horas,

85 5310 141 5377 uria
181 5311 342 5365 curemus.
380 5310 538 5380 tegebatur
564 5311 684 5373 euentu,
716 5309 832 5366 mallem
886 5311 1021 5375 sollicitet,
1047 5323 1183 5378 quorum:
1212 5323 1263 5361 nec
1286 5309 1384 5359 tamen
1406 5301 1582 5356 affirmamus
1604 5297 1645 5352 ita
1662 5313 1731 5352 scri·

85 5395 124 5436 ua.
156 5380 222 5435 nfra
244 5397 278 5435 ex
300 5381 398 5436 codice
419 5382 510 5452 Bigot.
534 5380 701 5449 scripsimus
717 5395 830 5450 summ,
886 5381 976 5452 psisse
991 5379 1233 5445 Wandalberturn‚
1250 5384 1283 5431 ut
1297 5374 1481 5446 conjecimus.
1572 5441 1578 5453 ·

85 5451 163 5505 litum
175 5457 236 5506 erat
251 5457 362 5519 tumne,
376 5458 405 5507 et
417 5469 449 5506 ex
465 5452 583 5521 ingenio
606 5453 710 5506 mellito
725 5450 832 5508 ubire·
922 5461 933 5487 ⁰
951 5455 1044 5521 Atque
1064 5453 1150 5506 urvis.
1175 5447 1368 5506 Posteriorcm
1393 5459 1490 5525 vocem
1514 5442 1656 5507 addimus,
1675 5455 1731 5523 'nec

85 5525 283 5578 rmnsurelitn.
886 5523 979 5576 rrllum
1004 5521 1066 5577 lore
1090 5521 1244 5594 opinamur
1260 5516 1311 5588 qui
1335 5531 1399 5570 eam
1423 5529 1518 5569 minus
1539 5528 1729 5569 necessarium

85 5593 185 5651 tilietm
196 5609 323 5651 murum.
343 5592 390 5651 Sic
407 5593 575 5662 maluimus,
599 5609 687 5666 quam
702 5597 735 5650 ut
748 5599 834 5650 antea
886 5608 947 5648 esse
958 5591 1079 5664 judicet.
