<?xml version="1.0" encoding="UTF-8"?>
<!DOCTYPE html PUBLIC "-//W3C//DTD XHTML 1.0 Transitional//EN"
    "http://www.w3.org/TR/xhtml1/DTD/xhtml1-transitional.dtd">
<html xmlns="http://www.w3.org/1999/xhtml" xml:lang="en" lang="en">
 <head>
  <title>
</title>
<meta http-equiv="Content-Type" content="text/html;charset=utf-8" />
  <meta name='ocr-system' content='tesseract 3.04.00' />
  <meta name='ocr-capabilities' content='ocr_page ocr_carea ocr_par ocr_line ocrx_word'/>
</head>
<body>
  <div class='ocr_page' id='page_1' title='image "./patrologiaecurs04unkngoog_0091.png"; bbox 0 0 3930 6098; ppageno 0'>
   <div class='ocr_carea' id='block_1_1' title="bbox 160 194 1908 281">
    <p class='ocr_par' dir='ltr' id='par_1_1' title="bbox 160 194 1908 281">
     <span class='ocr_line' id='line_1_1' title="bbox 160 194 1908 281; baseline -0.006 0"><span class='ocrx_word' id='word_1_1' title='bbox 160 228 205 281; x_wconf 82' lang='lat' dir='ltr'>iar</span> <span class='ocrx_word' id='word_1_2' title='bbox 747 220 926 278; x_wconf 80' lang='lat' dir='ltr'>riariiaiiiir</span> <span class='ocrx_word' id='word_1_3' title='bbox 944 219 1174 278; x_wconf 74' lang='lat' dir='ltr'>Cuhettttrtsts</span> <span class='ocrx_word' id='word_1_4' title='bbox 1199 215 1354 273; x_wconf 79' lang='lat' dir='ltr'>ironicas</span> <span class='ocrx_word' id='word_1_5' title='bbox 1860 194 1908 271; x_wconf 80' lang='lat' dir='ltr'>isa</span> 
     </span>
    </p>
   </div>
   <div class='ocr_carea' id='block_1_2' title="bbox 159 345 1910 427">
    <p class='ocr_par' dir='ltr' id='par_1_2' title="bbox 159 345 1910 427">
     <span class='ocr_line' id='line_1_2' title="bbox 159 345 1910 427; baseline -0.007 -15"><span class='ocrx_word' id='word_1_6' title='bbox 159 358 279 414; x_wconf 84' lang='lat' dir='ltr'>veritate</span> <span class='ocrx_word' id='word_1_7' title='bbox 305 357 399 414; x_wconf 89' lang='lat' dir='ltr'>carnis</span> <span class='ocrx_word' id='word_1_8' title='bbox 424 370 512 427; x_wconf 90' lang='lat' dir='ltr'>quam</span> <span class='ocrx_word' id='word_1_9' title='bbox 536 358 698 425; x_wconf 88' lang='lat' dir='ltr'>sumpserat</span> <span class='ocrx_word' id='word_1_10' title='bbox 711 353 745 408; x_wconf 91' lang='lat' dir='ltr'>de</span> <span class='ocrx_word' id='word_1_11' title='bbox 762 353 887 422; x_wconf 88' lang='lat' dir='ltr'>Virgine,</span> <span class='ocrx_word' id='word_1_12' title='bbox 900 351 1043 407; x_wconf 75' lang='lat' dir='ltr'>diceretb</span> <span class='ocrx_word' id='word_1_13' title='bbox 1062 355 1123 406; x_wconf 91' lang='lat' dir='ltr'>tum</span> <span class='ocrx_word' id='word_1_14' title='bbox 1146 365 1250 421; x_wconf 89' lang='lat' dir='ltr'>corpas</span> <span class='ocrx_word' id='word_1_15' title='bbox 1287 364 1348 404; x_wconf 87' lang='lat' dir='ltr'>csse</span> <span class='ocrx_word' id='word_1_16' title='bbox 1377 346 1480 404; x_wconf 90' lang='lat' dir='ltr'>Christi</span> <span class='ocrx_word' id='word_1_17' title='bbox 1514 347 1675 402; x_wconf 87' lang='lat' dir='ltr'>cantitetur.</span> <span class='ocrx_word' id='word_1_18' title='bbox 1712 347 1765 404; x_wconf 88' lang='lat' dir='ltr'>Sed</span> <span class='ocrx_word' id='word_1_19' title='bbox 1793 345 1910 402; x_wconf 87' lang='lat' dir='ltr'>attende</span> 
     </span>
    </p>
   </div>
   <div class='ocr_carea' id='block_1_3' title="bbox 160 442 1007 778">
    <p class='ocr_par' dir='ltr' id='par_1_3' title="bbox 160 442 1007 778">
     <span class='ocr_line' id='line_1_3' title="bbox 160 442 1006 513; baseline -0.012 -9"><span class='ocrx_word' id='word_1_20' title='bbox 160 464 227 504; x_wconf 91' lang='lat' dir='ltr'>eum</span> <span class='ocrx_word' id='word_1_21' title='bbox 250 452 279 501; x_wconf 91' lang='lat' dir='ltr'>et</span> <span class='ocrx_word' id='word_1_22' title='bbox 301 444 477 509; x_wconf 81' lang='lat' dir='ltr'>crucifixum,</span> <span class='ocrx_word' id='word_1_23' title='bbox 503 446 532 496; x_wconf 84' lang='lat' dir='ltr'>ct</span> <span class='ocrx_word' id='word_1_24' title='bbox 553 442 712 512; x_wconf 88' lang='lat' dir='ltr'>sepultum,</span> <span class='ocrx_word' id='word_1_25' title='bbox 736 443 813 513; x_wconf 89' lang='lat' dir='ltr'>quod</span> <span class='ocrx_word' id='word_1_26' title='bbox 839 457 904 495; x_wconf 86' lang='lat' dir='ltr'>iero</span> <span class='ocrx_word' id='word_1_27' title='bbox 929 456 1006 495; x_wconf 90' lang='lat' dir='ltr'>nunc</span> 
     </span>
     <span class='ocr_line' id='line_1_4' title="bbox 161 529 1005 608; baseline -0.012 -16"><span class='ocrx_word' id='word_1_28' title='bbox 161 537 255 608; x_wconf 82' lang='lat' dir='ltr'>agitur</span> <span class='ocrx_word' id='word_1_29' title='bbox 270 536 298 588; x_wconf 92' lang='lat' dir='ltr'>in</span> <span class='ocrx_word' id='word_1_30' title='bbox 323 531 445 588; x_wconf 78' lang='lat' dir='ltr'><strong>Ecclesia</strong></span> <span class='ocrx_word' id='word_1_31' title='bbox 468 531 649 602; x_wconf 73' lang='lat' dir='ltr'><strong>mysterium,</strong></span> <span class='ocrx_word' id='word_1_32' title='bbox 670 547 743 585; x_wconf 80' lang='lat' dir='ltr'>verre</span> <span class='ocrx_word' id='word_1_33' title='bbox 765 530 842 586; x_wconf 91' lang='lat' dir='ltr'>illius</span> <span class='ocrx_word' id='word_1_34' title='bbox 856 529 960 595; x_wconf 91' lang='lat' dir='ltr'>caruis,</span> <span class='ocrx_word' id='word_1_35' title='bbox 977 529 1005 583; x_wconf 95' lang='lat' dir='ltr'>in</span> 
     </span>
     <span class='ocr_line' id='line_1_5' title="bbox 162 620 1004 697; baseline -0.008 -19"><span class='ocrx_word' id='word_1_36' title='bbox 162 643 218 697; x_wconf 88' lang='lat' dir='ltr'>qna</span> <span class='ocrx_word' id='word_1_37' title='bbox 245 623 396 676; x_wconf 84' lang='lat' dir='ltr'>eroeitiiius</span> <span class='ocrx_word' id='word_1_38' title='bbox 419 624 471 688; x_wconf 88' lang='lat' dir='ltr'>est,</span> <span class='ocrx_word' id='word_1_39' title='bbox 498 620 593 673; x_wconf 89' lang='lat' dir='ltr'>dicere</span> <span class='ocrx_word' id='word_1_40' title='bbox 616 636 677 672; x_wconf 88' lang='lat' dir='ltr'>esse</span> <span class='ocrx_word' id='word_1_41' title='bbox 701 625 929 674; x_wconf 87' lang='lat' dir='ltr'>sacramentum:</span> <span class='ocrx_word' id='word_1_42' title='bbox 956 636 1004 689; x_wconf 91' lang='lat' dir='ltr'>pa-</span> 
     </span>
     <span class='ocr_line' id='line_1_6' title="bbox 163 708 1007 778; baseline -0.008 -11"><span class='ocrx_word' id='word_1_43' title='bbox 163 722 255 768; x_wconf 90' lang='lat' dir='ltr'>tenter·</span> <span class='ocrx_word' id='word_1_44' title='bbox 276 710 375 764; x_wconf 88' lang='lat' dir='ltr'>lideles</span> <span class='ocrx_word' id='word_1_45' title='bbox 397 709 561 772; x_wconf 89' lang='lat' dir='ltr'>instituens,</span> <span class='ocrx_word' id='word_1_46' title='bbox 586 709 663 778; x_wconf 85' lang='lat' dir='ltr'>qnod</span> <span class='ocrx_word' id='word_1_47' title='bbox 680 708 730 761; x_wconf 92' lang='lat' dir='ltr'>illa</span> <span class='ocrx_word' id='word_1_48' title='bbox 751 724 829 773; x_wconf 90' lang='lat' dir='ltr'>caru,</span> <span class='ocrx_word' id='word_1_49' title='bbox 849 708 1007 761; x_wconf 77' lang='lat' dir='ltr'>secuudum</span> 
     </span>
    </p>
   </div>
   <div class='ocr_carea' id='block_1_4' title="bbox 79 796 1011 870">
    <p class='ocr_par' dir='ltr' id='par_1_4' title="bbox 79 796 1011 870">
     <span class='ocr_line' id='line_1_7' title="bbox 79 796 1011 870; baseline 0 -22"><span class='ocrx_word' id='word_1_50' title='bbox 79 820 84 828; x_wconf 38' lang='lat' dir='ltr'>s</span> <span class='ocrx_word' id='word_1_51' title='bbox 162 816 248 870; x_wconf 84' lang='lat' dir='ltr'>quain</span> <span class='ocrx_word' id='word_1_52' title='bbox 273 807 302 853; x_wconf 89' lang='lat' dir='ltr'>et</span> <span class='ocrx_word' id='word_1_53' title='bbox 320 797 471 853; x_wconf 87' lang='lat' dir='ltr'>crucitiiius</span> <span class='ocrx_word' id='word_1_54' title='bbox 492 802 533 851; x_wconf 89' lang='lat' dir='ltr'>est</span> <span class='ocrx_word' id='word_1_55' title='bbox 556 797 682 851; x_wconf 86' lang='lat' dir='ltr'>Christus</span> <span class='ocrx_word' id='word_1_56' title='bbox 695 802 724 850; x_wconf 90' lang='lat' dir='ltr'>et</span> <span class='ocrx_word' id='word_1_57' title='bbox 739 796 876 866; x_wconf 90' lang='lat' dir='ltr'>sepultus,</span> <span class='ocrx_word' id='word_1_58' title='bbox 899 812 956 849; x_wconf 91' lang='lat' dir='ltr'>non</span> <span class='ocrx_word' id='word_1_59' title='bbox 973 796 1011 848; x_wconf 84' lang='lat' dir='ltr'>sit</span> 
     </span>
    </p>
   </div>
   <div class='ocr_carea' id='block_1_5' title="bbox 164 885 1014 1574">
    <p class='ocr_par' dir='ltr' id='par_1_5' title="bbox 164 885 1012 1382">
     <span class='ocr_line' id='line_1_8' title="bbox 164 885 1009 959; baseline -0.007 -16"><span class='ocrx_word' id='word_1_60' title='bbox 164 888 343 959; x_wconf 73' lang='lat' dir='ltr'>mysterium,</span> <span class='ocrx_word' id='word_1_61' title='bbox 358 886 406 939; x_wconf 90' lang='lat' dir='ltr'>sed</span> <span class='ocrx_word' id='word_1_62' title='bbox 422 885 525 938; x_wconf 86' lang='lat' dir='ltr'>raritas</span> <span class='ocrx_word' id='word_1_63' title='bbox 542 889 665 947; x_wconf 78' lang='lat' dir='ltr'>uatiiras3</span> <span class='ocrx_word' id='word_1_64' title='bbox 682 885 744 938; x_wconf 78' lang='lat' dir='ltr'>haec</span> <span class='ocrx_word' id='word_1_65' title='bbox 759 900 835 949; x_wconf 85' lang='lat' dir='ltr'>iero,</span> <span class='ocrx_word' id='word_1_66' title='bbox 853 900 929 946; x_wconf 88' lang='lat' dir='ltr'>earo,</span> <span class='ocrx_word' id='word_1_67' title='bbox 946 899 1009 954; x_wconf 84' lang='lat' dir='ltr'>qaae</span> 
     </span>
     <span class='ocr_line' id='line_1_9' title="bbox 164 971 1010 1042; baseline -0.008 -9"><span class='ocrx_word' id='word_1_68' title='bbox 164 993 241 1033; x_wconf 92' lang='lat' dir='ltr'>nanc</span> <span class='ocrx_word' id='word_1_69' title='bbox 255 974 474 1029; x_wconf 88' lang='lat' dir='ltr'>similitudinem</span> <span class='ocrx_word' id='word_1_70' title='bbox 490 973 567 1027; x_wconf 93' lang='lat' dir='ltr'>illius</span> <span class='ocrx_word' id='word_1_71' title='bbox 577 971 607 1025; x_wconf 91' lang='lat' dir='ltr'>in</span> <span class='ocrx_word' id='word_1_72' title='bbox 619 973 754 1042; x_wconf 87' lang='lat' dir='ltr'>mysterio</span> <span class='ocrx_word' id='word_1_73' title='bbox 769 974 905 1036; x_wconf 88' lang='lat' dir='ltr'>continet,</span> <span class='ocrx_word' id='word_1_74' title='bbox 925 982 1010 1026; x_wconf 77' lang='lat' dir='ltr'>⁸non</span> 
     </span>
     <span class='ocr_line' id='line_1_10' title="bbox 165 1060 1011 1135; baseline -0.007 -15"><span class='ocrx_word' id='word_1_75' title='bbox 165 1068 201 1120; x_wconf 90' lang='lat' dir='ltr'>sit</span> <span class='ocrx_word' id='word_1_76' title='bbox 215 1064 309 1135; x_wconf 91' lang='lat' dir='ltr'>specie</span> <span class='ocrx_word' id='word_1_77' title='bbox 330 1078 406 1130; x_wconf 88' lang='lat' dir='ltr'>caro,</span> <span class='ocrx_word' id='word_1_78' title='bbox 427 1061 476 1114; x_wconf 87' lang='lat' dir='ltr'>scd</span> <span class='ocrx_word' id='word_1_79' title='bbox 492 1067 683 1117; x_wconf 89' lang='lat' dir='ltr'>sacramento:</span> <span class='ocrx_word' id='word_1_80' title='bbox 700 1060 725 1115; x_wconf 86' lang='lat' dir='ltr'>si</span> <span class='ocrx_word' id='word_1_81' title='bbox 740 1060 857 1131; x_wconf 88' lang='lat' dir='ltr'>quidem</span> <span class='ocrx_word' id='word_1_82' title='bbox 872 1060 902 1114; x_wconf 90' lang='lat' dir='ltr'>in</span> <span class='ocrx_word' id='word_1_83' title='bbox 917 1060 1011 1131; x_wconf 90' lang='lat' dir='ltr'>specie</span> 
     </span>
     <span class='ocr_line' id='line_1_11' title="bbox 166 1149 1011 1225; baseline -0.008 -18"><span class='ocrx_word' id='word_1_84' title='bbox 166 1153 248 1225; x_wconf 86' lang='lat' dir='ltr'>penis</span> <span class='ocrx_word' id='word_1_85' title='bbox 263 1155 315 1216; x_wconf 89' lang='lat' dir='ltr'>est,</span> <span class='ocrx_word' id='word_1_86' title='bbox 338 1151 366 1204; x_wconf 91' lang='lat' dir='ltr'>iii</span> <span class='ocrx_word' id='word_1_87' title='bbox 381 1155 561 1204; x_wconf 87' lang='lat' dir='ltr'>sacramente</span> <span class='ocrx_word' id='word_1_88' title='bbox 584 1165 683 1202; x_wconf 84' lang='lat' dir='ltr'>rerum</span> <span class='ocrx_word' id='word_1_89' title='bbox 709 1149 812 1204; x_wconf 78' lang='lat' dir='ltr'><strong>Christi</strong></span> <span class='ocrx_word' id='word_1_90' title='bbox 830 1166 944 1220; x_wconf 88' lang='lat' dir='ltr'>eorpus,</span> <span class='ocrx_word' id='word_1_91' title='bbox 959 1149 1011 1202; x_wconf 88' lang='lat' dir='ltr'>siu-</span> 
     </span>
     <span class='ocr_line' id='line_1_12' title="bbox 167 1235 1012 1311; baseline -0.006 -16"><span class='ocrx_word' id='word_1_92' title='bbox 167 1246 198 1295; x_wconf 91' lang='lat' dir='ltr'>nt</span> <span class='ocrx_word' id='word_1_93' title='bbox 229 1241 288 1311; x_wconf 90' lang='lat' dir='ltr'>ipse</span> <span class='ocrx_word' id='word_1_94' title='bbox 318 1240 422 1293; x_wconf 91' lang='lat' dir='ltr'>clamat</span> <span class='ocrx_word' id='word_1_95' title='bbox 454 1238 592 1293; x_wconf 82' lang='lat' dir='ltr'>Dominus</span> <span class='ocrx_word' id='word_1_96' title='bbox 623 1235 733 1292; x_wconf 84' lang='lat' dir='ltr'>iesus:</span> <span class='ocrx_word' id='word_1_97' title='bbox 769 1240 823 1292; x_wconf 87' lang='lat' dir='ltr'>lloe</span> <span class='ocrx_word' id='word_1_98' title='bbox 851 1243 891 1292; x_wconf 90' lang='lat' dir='ltr'>cst</span> <span class='ocrx_word' id='word_1_99' title='bbox 916 1251 1012 1306; x_wconf 86' lang='lat' dir='ltr'>corpus</span> 
     </span>
     <span class='ocr_line' id='line_1_13' title="bbox 166 1344 262 1382; baseline 0 0"><span class='ocrx_word' id='word_1_100' title='bbox 166 1344 262 1382; x_wconf 81' lang='lat' dir='ltr'>incarn.</span> 
     </span>
    </p>

    <p class='ocr_par' dir='ltr' id='par_1_6' title="bbox 168 1413 1014 1574">
     <span class='ocr_line' id='line_1_14' title="bbox 203 1413 1011 1486; baseline -0.005 -15"><span class='ocrx_word' id='word_1_101' title='bbox 203 1416 293 1471; x_wconf 88' lang='lat' dir='ltr'>LVlll.</span> <span class='ocrx_word' id='word_1_102' title='bbox 325 1416 395 1470; x_wconf 92' lang='lat' dir='ltr'>ltem</span> <span class='ocrx_word' id='word_1_103' title='bbox 431 1416 461 1471; x_wconf 91' lang='lat' dir='ltr'>iii</span> <span class='ocrx_word' id='word_1_104' title='bbox 494 1415 734 1486; x_wconf 75' lang='lat' dir='ltr'>consequentibus</span> <span class='ocrx_word' id='word_1_105' title='bbox 758 1414 871 1485; x_wconf 74' lang='lat' dir='ltr'>(ibidis</span> <span class='ocrx_word' id='word_1_106' title='bbox 904 1435 914 1462; x_wconf 82' lang='grc' dir='ltr'>ι</span> <span class='ocrx_word' id='word_1_107' title='bbox 941 1413 1011 1477; x_wconf 87' lang='lat' dir='ltr'>Quid</span> 
     </span>
     <span class='ocr_line' id='line_1_15' title="bbox 168 1501 1014 1574; baseline -0.004 -15"><span class='ocrx_word' id='word_1_108' title='bbox 168 1505 361 1570; x_wconf 80' lang='lat' dir='ltr'>comedamus,</span> <span class='ocrx_word' id='word_1_109' title='bbox 377 1503 446 1574; x_wconf 91' lang='lat' dir='ltr'>quid</span> <span class='ocrx_word' id='word_1_110' title='bbox 465 1503 607 1568; x_wconf 90' lang='lat' dir='ltr'>bihamus,</span> <span class='ocrx_word' id='word_1_111' title='bbox 624 1503 694 1557; x_wconf 90' lang='lat' dir='ltr'>alibi</span> <span class='ocrx_word' id='word_1_112' title='bbox 709 1501 760 1556; x_wconf 91' lang='lat' dir='ltr'>tibi</span> <span class='ocrx_word' id='word_1_113' title='bbox 777 1518 827 1571; x_wconf 90' lang='lat' dir='ltr'>per</span> <span class='ocrx_word' id='word_1_114' title='bbox 843 1503 1014 1572; x_wconf 75' lang='lat' dir='ltr'>l’rophetam</span> 
     </span>
    </p>
   </div>
   <div class='ocr_carea' id='block_1_6' title="bbox 1060 435 1917 1571">
    <p class='ocr_par' dir='ltr' id='par_1_7' title="bbox 1060 435 1912 1204">
     <span class='ocr_line' id='line_1_16' title="bbox 1060 435 1909 511; baseline -0.005 -18"><span class='ocrx_word' id='word_1_115' title='bbox 1060 438 1302 511; x_wconf 72' lang='lat' dir='ltr'>quemadmodum</span> <span class='ocrx_word' id='word_1_116' title='bbox 1346 436 1508 506; x_wconf 87' lang='lat' dir='ltr'>subjungit:</span> <span class='ocrx_word' id='word_1_117' title='bbox 1552 436 1613 490; x_wconf 88' lang='lat' dir='ltr'>Nun</span> <span class='ocrx_word' id='word_1_118' title='bbox 1648 451 1715 505; x_wconf 88' lang='lat' dir='ltr'>ergo</span> <span class='ocrx_word' id='word_1_119' title='bbox 1752 435 1909 506; x_wconf 87' lang='lat' dir='ltr'>corporalis</span> 
     </span>
     <span class='ocr_line' id='line_1_17' title="bbox 1060 524 1909 598; baseline -0.006 -15"><span class='ocrx_word' id='word_1_120' title='bbox 1060 544 1134 593; x_wconf 88' lang='lat' dir='ltr'>esca,</span> <span class='ocrx_word' id='word_1_121' title='bbox 1147 528 1196 581; x_wconf 90' lang='lat' dir='ltr'>sed</span> <span class='ocrx_word' id='word_1_122' title='bbox 1217 526 1373 598; x_wconf 89' lang='lat' dir='ltr'>spiritualis</span> <span class='ocrx_word' id='word_1_123' title='bbox 1394 530 1445 579; x_wconf 89' lang='lat' dir='ltr'>est.</span> <span class='ocrx_word' id='word_1_124' title='bbox 1466 546 1476 572; x_wconf 76' lang='lat' dir='ltr'>r</span> <span class='ocrx_word' id='word_1_125' title='bbox 1494 526 1555 578; x_wconf 82' lang='lat' dir='ltr'>Nori</span> <span class='ocrx_word' id='word_1_126' title='bbox 1578 524 1667 594; x_wconf 86' lang='lat' dir='ltr'>igitur</span> <span class='ocrx_word' id='word_1_127' title='bbox 1681 541 1797 580; x_wconf 89' lang='lat' dir='ltr'>sensum</span> <span class='ocrx_word' id='word_1_128' title='bbox 1815 525 1909 580; x_wconf 88' lang='lat' dir='ltr'>carnis</span> 
     </span>
     <span class='ocr_line' id='line_1_18' title="bbox 1061 614 1906 683; baseline -0.002 -12"><span class='ocrx_word' id='word_1_129' title='bbox 1061 617 1207 683; x_wconf 87' lang='lat' dir='ltr'>adhibeas,</span> <span class='ocrx_word' id='word_1_130' title='bbox 1225 615 1295 669; x_wconf 89' lang='lat' dir='ltr'>nihil</span> <span class='ocrx_word' id='word_1_131' title='bbox 1312 615 1388 667; x_wconf 80' lang='lat' dir='ltr'>enini</span> <span class='ocrx_word' id='word_1_132' title='bbox 1408 614 1563 668; x_wconf 90' lang='lat' dir='ltr'>secundum</span> <span class='ocrx_word' id='word_1_133' title='bbox 1579 630 1645 667; x_wconf 88' lang='lat' dir='ltr'>euui</span> <span class='ocrx_word' id='word_1_134' title='bbox 1668 614 1713 667; x_wconf 90' lang='lat' dir='ltr'>hic</span> <span class='ocrx_word' id='word_1_135' title='bbox 1732 614 1906 669; x_wconf 78' lang='lat' dir='ltr'>decernitur.</span> 
     </span>
     <span class='ocr_line' id='line_1_19' title="bbox 1061 703 1910 777; baseline -0.002 -17"><span class='ocrx_word' id='word_1_136' title='bbox 1061 719 1071 743; x_wconf 71' lang='lat'><em>⁰</em></span> <span class='ocrx_word' id='word_1_137' title='bbox 1088 708 1133 760; x_wconf 66' lang='lat' dir='ltr'>Est</span> <span class='ocrx_word' id='word_1_138' title='bbox 1148 706 1265 777; x_wconf 87' lang='lat' dir='ltr'>quidem</span> <span class='ocrx_word' id='word_1_139' title='bbox 1288 720 1391 774; x_wconf 63' lang='lat' dir='ltr'>cai-pus</span> <span class='ocrx_word' id='word_1_140' title='bbox 1407 703 1529 770; x_wconf 67' lang='lat' dir='ltr'>tibristi3</span> <span class='ocrx_word' id='word_1_141' title='bbox 1547 703 1596 758; x_wconf 89' lang='lat' dir='ltr'>sed</span> <span class='ocrx_word' id='word_1_142' title='bbox 1615 720 1672 757; x_wconf 88' lang='lat' dir='ltr'>nou</span> <span class='ocrx_word' id='word_1_143' title='bbox 1686 704 1844 774; x_wconf 87' lang='lat' dir='ltr'>corporale,</span> <span class='ocrx_word' id='word_1_144' title='bbox 1861 705 1910 758; x_wconf 89' lang='lat' dir='ltr'>sed</span> 
     </span>
     <span class='ocr_line' id='line_1_20' title="bbox 1063 792 1911 866; baseline -0.006 -17"><span class='ocrx_word' id='word_1_145' title='bbox 1063 795 1228 866; x_wconf 75' lang='lat' dir='ltr'>spirituale:</span> <span class='ocrx_word' id='word_1_146' title='bbox 1252 798 1295 847; x_wconf 89' lang='lat' dir='ltr'>est</span> <span class='ocrx_word' id='word_1_147' title='bbox 1315 795 1432 862; x_wconf 85' lang='lat' dir='ltr'>sanguis</span> <span class='ocrx_word' id='word_1_148' title='bbox 1458 792 1576 858; x_wconf 77' lang='lat' dir='ltr'>Cliristi3</span> <span class='ocrx_word' id='word_1_149' title='bbox 1595 792 1643 846; x_wconf 91' lang='lat' dir='ltr'>sed</span> <span class='ocrx_word' id='word_1_150' title='bbox 1663 808 1719 846; x_wconf 90' lang='lat' dir='ltr'>non</span> <span class='ocrx_word' id='word_1_151' title='bbox 1743 793 1911 862; x_wconf 89' lang='lat' dir='ltr'>corporalis,</span> 
     </span>
     <span class='ocr_line' id='line_1_21' title="bbox 1063 880 1911 953; baseline -0.005 -15"><span class='ocrx_word' id='word_1_152' title='bbox 1063 884 1112 938; x_wconf 89' lang='lat' dir='ltr'>sed</span> <span class='ocrx_word' id='word_1_153' title='bbox 1132 880 1296 953; x_wconf 89' lang='lat' dir='ltr'>spiritualis.</span> <span class='ocrx_word' id='word_1_154' title='bbox 1321 880 1395 935; x_wconf 89' lang='lat' dir='ltr'>Nihil</span> <span class='ocrx_word' id='word_1_155' title='bbox 1412 880 1498 950; x_wconf 84' lang='lat' dir='ltr'>igitur</span> <span class='ocrx_word' id='word_1_156' title='bbox 1512 880 1558 934; x_wconf 90' lang='lat' dir='ltr'>hic</span> <span class='ocrx_word' id='word_1_157' title='bbox 1570 881 1768 950; x_wconf 77' lang='lat' dir='ltr'>corporaliter,</span> <span class='ocrx_word' id='word_1_158' title='bbox 1782 882 1830 935; x_wconf 88' lang='lat' dir='ltr'>sed</span> <span class='ocrx_word' id='word_1_159' title='bbox 1849 880 1911 952; x_wconf 93' lang='lat' dir='ltr'>spi-</span> 
     </span>
     <span class='ocr_line' id='line_1_22' title="bbox 1063 969 1912 1038; baseline -0.005 -12"><span class='ocrx_word' id='word_1_160' title='bbox 1063 972 1206 1027; x_wconf 88' lang='lat' dir='ltr'>ritualiter</span> <span class='ocrx_word' id='word_1_161' title='bbox 1228 970 1425 1024; x_wconf 91' lang='lat' dir='ltr'>sentiendum:</span> <span class='ocrx_word' id='word_1_162' title='bbox 1451 985 1555 1038; x_wconf 89' lang='lat' dir='ltr'>corpus</span> <span class='ocrx_word' id='word_1_163' title='bbox 1577 969 1681 1025; x_wconf 84' lang='lat' dir='ltr'>Christi</span> <span class='ocrx_word' id='word_1_164' title='bbox 1706 975 1758 1031; x_wconf 86' lang='lat' dir='ltr'>cst,</span> <span class='ocrx_word' id='word_1_165' title='bbox 1781 969 1829 1023; x_wconf 90' lang='lat' dir='ltr'>sed</span> <span class='ocrx_word' id='word_1_166' title='bbox 1853 985 1912 1023; x_wconf 91' lang='lat' dir='ltr'>riori</span> 
     </span>
     <span class='ocr_line' id='line_1_23' title="bbox 1064 1045 1912 1130; baseline -0.008 -14"><span class='ocrx_word' id='word_1_167' title='bbox 1064 1060 1267 1130; x_wconf 89' lang='lat' dir='ltr'>corporaliter:</span> <span class='ocrx_word' id='word_1_168' title='bbox 1294 1065 1322 1113; x_wconf 88' lang='lat' dir='ltr'>ct</span> <span class='ocrx_word' id='word_1_169' title='bbox 1345 1059 1461 1129; x_wconf 81' lang='lat' dir='ltr'>sanguis</span> <span class='ocrx_word' id='word_1_170' title='bbox 1477 1059 1580 1113; x_wconf 79' lang='lat' dir='ltr'>Christi</span> <span class='ocrx_word' id='word_1_171' title='bbox 1605 1065 1657 1124; x_wconf 90' lang='lat' dir='ltr'>est,</span> <span class='ocrx_word' id='word_1_172' title='bbox 1674 1059 1723 1112; x_wconf 92' lang='lat' dir='ltr'>scd</span> <span class='ocrx_word' id='word_1_173' title='bbox 1738 1075 1796 1113; x_wconf 88' lang='lat' dir='ltr'>nun</span> <span class='ocrx_word' id='word_1_174' title='bbox 1809 1045 1912 1128; x_wconf 85' lang='lat' dir='ltr'>corpo-</span> 
     </span>
     <span class='ocr_line' id='line_1_24' title="bbox 1065 1149 1172 1204; baseline -0.019 -1"><span class='ocrx_word' id='word_1_175' title='bbox 1065 1149 1172 1204; x_wconf 87' lang='lat' dir='ltr'>raliter.</span> 
     </span>
    </p>

    <p class='ocr_par' dir='ltr' id='par_1_8' title="bbox 1066 1234 1917 1571">
     <span class='ocr_line' id='line_1_25' title="bbox 1102 1234 1917 1306; baseline -0.005 -15"><span class='ocrx_word' id='word_1_176' title='bbox 1102 1237 1165 1291; x_wconf 85' lang='lat' dir='ltr'>Lh&#39;l.</span> <span class='ocrx_word' id='word_1_177' title='bbox 1197 1236 1266 1289; x_wconf 91' lang='lat' dir='ltr'>ltem</span> <span class='ocrx_word' id='word_1_178' title='bbox 1293 1239 1499 1305; x_wconf 87' lang='lat' dir='ltr'>consequenter</span> <span class='ocrx_word' id='word_1_179' title='bbox 1524 1235 1637 1302; x_wconf 79' lang='lat' dir='ltr'>(lbid.):</span> <span class='ocrx_word' id='word_1_180' title='bbox 1662 1253 1675 1284; x_wconf 84' lang='lat' dir='ltr'>a</span> <span class='ocrx_word' id='word_1_181' title='bbox 1701 1234 1779 1289; x_wconf 88' lang='lat' dir='ltr'>Unde</span> <span class='ocrx_word' id='word_1_182' title='bbox 1803 1239 1830 1288; x_wconf 91' lang='lat' dir='ltr'>et</span> <span class='ocrx_word' id='word_1_183' title='bbox 1848 1251 1917 1306; x_wconf 88' lang='lat' dir='ltr'>apo·</span> 
     </span>
     <span class='ocr_line' id='line_1_26' title="bbox 1066 1323 1917 1394; baseline -0.004 -14"><span class='ocrx_word' id='word_1_184' title='bbox 1066 1328 1164 1392; x_wconf 86' lang='lat' dir='ltr'>stolus,</span> <span class='ocrx_word' id='word_1_185' title='bbox 1192 1323 1296 1394; x_wconf 79' lang='lat' dir='ltr'>inquit,</span> <span class='ocrx_word' id='word_1_186' title='bbox 1320 1323 1355 1376; x_wconf 91' lang='lat' dir='ltr'>de</span> <span class='ocrx_word' id='word_1_187' title='bbox 1370 1327 1438 1394; x_wconf 90' lang='lat' dir='ltr'>typo</span> <span class='ocrx_word' id='word_1_188' title='bbox 1460 1323 1523 1391; x_wconf 90' lang='lat' dir='ltr'>ejus</span> <span class='ocrx_word' id='word_1_189' title='bbox 1540 1324 1594 1377; x_wconf 90' lang='lat' dir='ltr'>ait:</span> <span class='ocrx_word' id='word_1_190' title='bbox 1616 1326 1686 1389; x_wconf 66' lang='lat' dir='ltr'>(tirio</span> <span class='ocrx_word' id='word_1_191' title='bbox 1711 1328 1804 1393; x_wconf 84' lang='lat' dir='ltr'>patres</span> <span class='ocrx_word' id='word_1_192' title='bbox 1827 1327 1917 1378; x_wconf 75' lang='lat' dir='ltr'>riustri</span> 
     </span>
     <span class='ocr_line' id='line_1_27' title="bbox 1066 1411 1915 1481; baseline -0.001 -14"><span class='ocrx_word' id='word_1_193' title='bbox 1066 1428 1153 1468; x_wconf 77' lang='lat' dir='ltr'>aserim</span> <span class='ocrx_word' id='word_1_194' title='bbox 1170 1411 1341 1479; x_wconf 81' lang='lat' dir='ltr'>spiritiialeoi</span> <span class='ocrx_word' id='word_1_195' title='bbox 1365 1411 1606 1473; x_wconf 84' lang='lat' dir='ltr'>maridaeiiuerunt,</span> <span class='ocrx_word' id='word_1_196' title='bbox 1623 1417 1756 1481; x_wconf 85' lang='lat' dir='ltr'>cipetum</span> <span class='ocrx_word' id='word_1_197' title='bbox 1780 1415 1915 1480; x_wconf 86' lang='lat' dir='ltr'>spiritua·</span> 
     </span>
     <span class='ocr_line' id='line_1_28' title="bbox 1068 1499 1916 1571; baseline -0.002 -15"><span class='ocrx_word' id='word_1_198' title='bbox 1068 1502 1118 1556; x_wconf 82' lang='lat' dir='ltr'>bra</span> <span class='ocrx_word' id='word_1_199' title='bbox 1141 1500 1264 1554; x_wconf 84' lang='lat' dir='ltr'>biberunt</span> <span class='ocrx_word' id='word_1_200' title='bbox 1279 1501 1302 1566; x_wconf 81' lang='lat' dir='ltr'>(l</span> <span class='ocrx_word' id='word_1_201' title='bbox 1321 1501 1380 1555; x_wconf 78' lang='lat' dir='ltr'>Gar.</span> <span class='ocrx_word' id='word_1_202' title='bbox 1401 1515 1428 1562; x_wconf 85' lang='lat' dir='ltr'>it,</span> <span class='ocrx_word' id='word_1_203' title='bbox 1445 1502 1471 1567; x_wconf 89' lang='grc'>3,</span> <span class='ocrx_word' id='word_1_204' title='bbox 1488 1499 1525 1568; x_wconf 77' lang='lat' dir='ltr'>li.</span> <span class='ocrx_word' id='word_1_205' title='bbox 1547 1502 1655 1571; x_wconf 91' lang='lat' dir='ltr'>Corpus</span> <span class='ocrx_word' id='word_1_206' title='bbox 1670 1501 1748 1555; x_wconf 93' lang='lat' dir='ltr'>enim</span> <span class='ocrx_word' id='word_1_207' title='bbox 1765 1501 1814 1555; x_wconf 86' lang='lat' dir='ltr'>Dei</span> <span class='ocrx_word' id='word_1_208' title='bbox 1830 1500 1916 1570; x_wconf 90' lang='lat' dir='ltr'>spiri·</span> 
     </span>
    </p>
   </div>
   <div class='ocr_carea' id='block_1_7' title="bbox 169 1587 1927 3605">
    <p class='ocr_par' dir='ltr' id='par_1_9' title="bbox 169 1587 1927 3605">
     <span class='ocr_line' id='line_1_29' title="bbox 169 1587 1915 1664; baseline -0.002 -17"><span class='ocrx_word' id='word_1_209' title='bbox 169 1594 289 1664; x_wconf 82' lang='lat' dir='ltr'>Spiritus</span> <span class='ocrx_word' id='word_1_210' title='bbox 305 1598 418 1645; x_wconf 88' lang='lat' dir='ltr'>sauctus</span> <span class='ocrx_word' id='word_1_211' title='bbox 440 1591 588 1663; x_wconf 82' lang='lat' dir='ltr'>expressit,</span> <span class='ocrx_word' id='word_1_212' title='bbox 611 1591 722 1645; x_wconf 89' lang='lat' dir='ltr'>dicens:</span> <span class='ocrx_word' id='word_1_213' title='bbox 742 1591 867 1658; x_wconf 78' lang='lat' dir='ltr'>Gustata,</span> <span class='ocrx_word' id='word_1_214' title='bbox 889 1596 914 1644; x_wconf 84' lang='lat' dir='ltr'>et</span> <span class='ocrx_word' id='word_1_215' title='bbox 929 1591 1016 1645; x_wconf 82' lang='lat' dir='ltr'>ui&#39;ricte</span> <span class='ocrx_word' id='word_1_216' title='bbox 1070 1589 1146 1644; x_wconf 87' lang='lat' dir='ltr'>tuate</span> <span class='ocrx_word' id='word_1_217' title='bbox 1161 1595 1219 1653; x_wconf 83' lang='lat' dir='ltr'>est;</span> <span class='ocrx_word' id='word_1_218' title='bbox 1242 1604 1346 1658; x_wconf 90' lang='lat' dir='ltr'>corpus</span> <span class='ocrx_word' id='word_1_219' title='bbox 1360 1587 1475 1654; x_wconf 87' lang='lat' dir='ltr'>Christi,</span> <span class='ocrx_word' id='word_1_220' title='bbox 1489 1604 1592 1659; x_wconf 92' lang='lat' dir='ltr'>corpus</span> <span class='ocrx_word' id='word_1_221' title='bbox 1607 1595 1651 1643; x_wconf 91' lang='lat' dir='ltr'>est</span> <span class='ocrx_word' id='word_1_222' title='bbox 1665 1589 1754 1644; x_wconf 85' lang='lat' dir='ltr'>divini</span> <span class='ocrx_word' id='word_1_223' title='bbox 1773 1589 1915 1660; x_wconf 82' lang='lat' dir='ltr'>Spiritus:</span> 
     </span>
     <span class='ocr_line' id='line_1_30' title="bbox 169 1650 1915 1751; baseline -0.003 -15"><span class='ocrx_word' id='word_1_224' title='bbox 169 1687 298 1751; x_wconf 84' lang='lat' dir='ltr'>quoniam</span> <span class='ocrx_word' id='word_1_225' title='bbox 321 1685 413 1736; x_wconf 79' lang='lat' dir='ltr'>suciis</span> <span class='ocrx_word' id='word_1_226' title='bbox 438 1686 478 1735; x_wconf 82' lang='lat' dir='ltr'>cst</span> <span class='ocrx_word' id='word_1_227' title='bbox 499 1683 646 1735; x_wconf 82' lang='lat' dir='ltr'>borriiaiia:</span> <span class='ocrx_word' id='word_1_228' title='bbox 668 1679 760 1733; x_wconf 82' lang='lat' dir='ltr'>beatas</span> <span class='ocrx_word' id='word_1_229' title='bbox 782 1681 826 1732; x_wconf 86' lang='lat' dir='ltr'>uir</span> <span class='ocrx_word' id='word_1_230' title='bbox 853 1681 902 1748; x_wconf 82' lang='lat' dir='ltr'>qui</span> <span class='ocrx_word' id='word_1_231' title='bbox 921 1683 1013 1747; x_wconf 86' lang='lat' dir='ltr'>sperat</span> <span class='ocrx_word' id='word_1_232' title='bbox 1032 1650 1051 1704; x_wconf 73' lang='lat' dir='ltr'>B</span> <span class='ocrx_word' id='word_1_233' title='bbox 1070 1677 1138 1748; x_wconf 90' lang='lat' dir='ltr'>quia</span> <span class='ocrx_word' id='word_1_234' title='bbox 1152 1677 1270 1746; x_wconf 82' lang='lat' dir='ltr'>spiritus</span> <span class='ocrx_word' id='word_1_235' title='bbox 1294 1677 1432 1744; x_wconf 90' lang='lat' dir='ltr'>Christus,</span> <span class='ocrx_word' id='word_1_236' title='bbox 1458 1681 1490 1730; x_wconf 89' lang='lat' dir='ltr'>ut</span> <span class='ocrx_word' id='word_1_237' title='bbox 1515 1676 1636 1748; x_wconf 90' lang='lat' dir='ltr'>legimus</span> <span class='ocrx_word' id='word_1_238' title='bbox 1651 1677 1681 1731; x_wconf 92' lang='lat' dir='ltr'>in</span> <span class='ocrx_word' id='word_1_239' title='bbox 1694 1677 1832 1732; x_wconf 86' lang='lat' dir='ltr'>Threnis:</span> <span class='ocrx_word' id='word_1_240' title='bbox 1853 1680 1915 1748; x_wconf 88' lang='lat' dir='ltr'>Spi-</span> 
     </span>
     <span class='ocr_line' id='line_1_31' title="bbox 169 1764 1914 1838; baseline -0.003 -15"><span class='ocrx_word' id='word_1_241' title='bbox 169 1775 199 1825; x_wconf 86' lang='lat' dir='ltr'>ia</span> <span class='ocrx_word' id='word_1_242' title='bbox 214 1786 242 1825; x_wconf 87' lang='lat' dir='ltr'>ce</span> <span class='ocrx_word' id='word_1_243' title='bbox 256 1772 340 1837; x_wconf 81' lang='lat' dir='ltr'>(Psoi.</span> <span class='ocrx_word' id='word_1_244' title='bbox 363 1785 464 1829; x_wconf 76' lang='lat' dir='ltr'>assiri.</span> <span class='ocrx_word' id='word_1_245' title='bbox 485 1773 521 1834; x_wconf 76' lang='lat' dir='ltr'>a).</span> <span class='ocrx_word' id='word_1_246' title='bbox 542 1791 553 1815; x_wconf 83' lang='lat'>·</span> <span class='ocrx_word' id='word_1_247' title='bbox 576 1768 648 1822; x_wconf 88' lang='lat' dir='ltr'>linui</span> <span class='ocrx_word' id='word_1_248' title='bbox 672 1769 860 1838; x_wconf 82' lang='lat' dir='ltr'>corporaliter</span> <span class='ocrx_word' id='word_1_249' title='bbox 883 1772 1013 1838; x_wconf 85' lang='lat' dir='ltr'>gustatus</span> <span class='ocrx_word' id='word_1_250' title='bbox 1066 1768 1137 1820; x_wconf 88' lang='lat' dir='ltr'>ritus</span> <span class='ocrx_word' id='word_1_251' title='bbox 1164 1770 1226 1819; x_wconf 82' lang='lat' dir='ltr'>urite</span> <span class='ocrx_word' id='word_1_252' title='bbox 1244 1764 1345 1831; x_wconf 76' lang='lat' dir='ltr'>facicm</span> <span class='ocrx_word' id='word_1_253' title='bbox 1365 1769 1485 1819; x_wconf 86' lang='lat' dir='ltr'>nostram</span> <span class='ocrx_word' id='word_1_254' title='bbox 1506 1767 1630 1821; x_wconf 80' lang='lat' dir='ltr'>cbristus</span> <span class='ocrx_word' id='word_1_255' title='bbox 1649 1769 1778 1822; x_wconf 84' lang='lat' dir='ltr'>Dominus</span> <span class='ocrx_word' id='word_1_256' title='bbox 1804 1768 1914 1835; x_wconf 73' lang='lat' dir='ltr'>(Vitrea.</span> 
     </span>
     <span class='ocr_line' id='line_1_32' title="bbox 170 1854 1196 1926; baseline -0.008 -15"><span class='ocrx_word' id='word_1_257' title='bbox 170 1859 218 1911; x_wconf 87' lang='lat' dir='ltr'>illc</span> <span class='ocrx_word' id='word_1_258' title='bbox 233 1857 324 1926; x_wconf 73' lang='lat' dir='ltr'>pionis,</span> <span class='ocrx_word' id='word_1_259' title='bbox 341 1864 389 1910; x_wconf 89' lang='lat' dir='ltr'>urit</span> <span class='ocrx_word' id='word_1_260' title='bbox 411 1856 481 1910; x_wconf 92' lang='lat' dir='ltr'>illud</span> <span class='ocrx_word' id='word_1_261' title='bbox 506 1855 603 1909; x_wconf 61' lang='lat' dir='ltr'>irinum</span> <span class='ocrx_word' id='word_1_262' title='bbox 625 1856 760 1923; x_wconf 89' lang='lat' dir='ltr'>liihitum,</span> <span class='ocrx_word' id='word_1_263' title='bbox 784 1854 908 1909; x_wconf 83' lang='lat' dir='ltr'>ostendit</span> <span class='ocrx_word' id='word_1_264' title='bbox 927 1870 1012 1926; x_wconf 89' lang='lat' dir='ltr'>quam</span> <span class='ocrx_word' id='word_1_265' title='bbox 1068 1854 1196 1922; x_wconf 60' lang='lat' dir='ltr'>mibi.»</span> 
     </span>
     <span class='ocr_line' id='line_1_33' title="bbox 169 1940 1918 2014; baseline -0.001 -15"><span class='ocrx_word' id='word_1_266' title='bbox 169 1948 206 1999; x_wconf 91' lang='lat' dir='ltr'>sit</span> <span class='ocrx_word' id='word_1_267' title='bbox 220 1946 314 1999; x_wconf 81' lang='lat' dir='ltr'>sisai-is</span> <span class='ocrx_word' id='word_1_268' title='bbox 331 1944 491 1999; x_wconf 74' lang='lat' dir='ltr'>Dominus?</span> <span class='ocrx_word' id='word_1_269' title='bbox 509 1943 748 2014; x_wconf 78' lang='lat' dir='ltr'>Ouidqiiidenim</span> <span class='ocrx_word' id='word_1_270' title='bbox 764 1944 848 2013; x_wconf 86' lang='lat' dir='ltr'>sapit,</span> <span class='ocrx_word' id='word_1_271' title='bbox 865 1943 1014 2013; x_wconf 88' lang='lat' dir='ltr'>corporale</span> <span class='ocrx_word' id='word_1_272' title='bbox 1106 1943 1182 1997; x_wconf 77' lang='lat' dir='ltr'>ttlt.</span> <span class='ocrx_word' id='word_1_273' title='bbox 1205 1940 1438 1996; x_wconf 84' lang='lat' dir='ltr'>tuciileutissinie</span> <span class='ocrx_word' id='word_1_274' title='bbox 1457 1941 1607 2013; x_wconf 81' lang='lat' dir='ltr'>sauguinis</span> <span class='ocrx_word' id='word_1_275' title='bbox 1622 1947 1651 1996; x_wconf 89' lang='lat' dir='ltr'>et</span> <span class='ocrx_word' id='word_1_276' title='bbox 1664 1941 1791 2013; x_wconf 89' lang='lat' dir='ltr'>corporis</span> <span class='ocrx_word' id='word_1_277' title='bbox 1813 1943 1918 1999; x_wconf 89' lang='lat' dir='ltr'>Christi</span> 
     </span>
     <span class='ocr_line' id='line_1_34' title="bbox 170 2029 1919 2110; baseline -0.001 -22"><span class='ocrx_word' id='word_1_278' title='bbox 170 2039 216 2088; x_wconf 87' lang='lat' dir='ltr'>est·</span> <span class='ocrx_word' id='word_1_279' title='bbox 232 2039 258 2110; x_wconf 80' lang='lat' dir='ltr'>et</span> <span class='ocrx_word' id='word_1_280' title='bbox 277 2034 372 2087; x_wconf 80' lang='lat' dir='ltr'>fauces</span> <span class='ocrx_word' id='word_1_281' title='bbox 395 2032 524 2087; x_wconf 90' lang='lat' dir='ltr'>delectat.</span> <span class='ocrx_word' id='word_1_282' title='bbox 548 2031 682 2103; x_wconf 79' lang='lat' dir='ltr'>Nnnquid</span> <span class='ocrx_word' id='word_1_283' title='bbox 708 2032 863 2086; x_wconf 87' lang='lat' dir='ltr'>hominum</span> <span class='ocrx_word' id='word_1_284' title='bbox 889 2037 1014 2102; x_wconf 86' lang='lat' dir='ltr'>gustare,</span> <span class='ocrx_word' id='word_1_285' title='bbox 1069 2031 1236 2101; x_wconf 84' lang='lat' dir='ltr'>mysterium</span> <span class='ocrx_word' id='word_1_286' title='bbox 1257 2029 1501 2101; x_wconf 87' lang='lat' dir='ltr'>quemadmodum</span> <span class='ocrx_word' id='word_1_287' title='bbox 1523 2030 1679 2084; x_wconf 87' lang='lat' dir='ltr'>debeamus</span> <span class='ocrx_word' id='word_1_288' title='bbox 1693 2032 1854 2102; x_wconf 89' lang='lat' dir='ltr'>intelligere</span> <span class='ocrx_word' id='word_1_289' title='bbox 1870 2032 1919 2086; x_wconf 90' lang='lat' dir='ltr'>do·</span> 
     </span>
     <span class='ocr_line' id='line_1_35' title="bbox 171 2118 1918 2192; baseline -0.002 -15"><span class='ocrx_word' id='word_1_290' title='bbox 171 2137 339 2192; x_wconf 90' lang='lat' dir='ltr'>corporeum</span> <span class='ocrx_word' id='word_1_291' title='bbox 355 2127 398 2175; x_wconf 92' lang='lat' dir='ltr'>est</span> <span class='ocrx_word' id='word_1_292' title='bbox 412 2120 520 2191; x_wconf 87' lang='lat' dir='ltr'>aliquid</span> <span class='ocrx_word' id='word_1_293' title='bbox 536 2119 661 2174; x_wconf 76' lang='lat' dir='ltr'>sentire?</span> <span class='ocrx_word' id='word_1_294' title='bbox 679 2121 782 2174; x_wconf 87' lang='lat' dir='ltr'>Invitat</span> <span class='ocrx_word' id='word_1_295' title='bbox 796 2135 864 2190; x_wconf 87' lang='lat' dir='ltr'>crgo</span> <span class='ocrx_word' id='word_1_296' title='bbox 878 2119 1016 2191; x_wconf 90' lang='lat' dir='ltr'>spiritua·</span> <span class='ocrx_word' id='word_1_297' title='bbox 1070 2119 1137 2173; x_wconf 86' lang='lat' dir='ltr'>cuit.</span> <span class='ocrx_word' id='word_1_298' title='bbox 1162 2118 1232 2172; x_wconf 91' lang='lat' dir='ltr'>Cum</span> <span class='ocrx_word' id='word_1_299' title='bbox 1252 2119 1329 2172; x_wconf 91' lang='lat' dir='ltr'>enim</span> <span class='ocrx_word' id='word_1_300' title='bbox 1355 2118 1471 2173; x_wconf 77' lang='lat' dir='ltr'>dixisset</span> <span class='ocrx_word' id='word_1_301' title='bbox 1495 2121 1590 2188; x_wconf 87' lang='lat' dir='ltr'>patres</span> <span class='ocrx_word' id='word_1_302' title='bbox 1612 2125 1725 2173; x_wconf 91' lang='lat' dir='ltr'>nostros</span> <span class='ocrx_word' id='word_1_303' title='bbox 1744 2135 1837 2175; x_wconf 86' lang='lat' dir='ltr'>escam</span> <span class='ocrx_word' id='word_1_304' title='bbox 1861 2122 1918 2191; x_wconf 93' lang='lat' dir='ltr'>spi-</span> 
     </span>
     <span class='ocr_line' id='line_1_36' title="bbox 173 2207 1917 2280; baseline -0.001 -16"><span class='ocrx_word' id='word_1_305' title='bbox 173 2211 207 2264; x_wconf 92' lang='lat' dir='ltr'>lis</span> <span class='ocrx_word' id='word_1_306' title='bbox 236 2207 446 2280; x_wconf 71' lang='lat' dir='ltr'>gnstilgustos]</span> <span class='ocrx_word' id='word_1_307' title='bbox 469 2224 601 2278; x_wconf 88' lang='lat' dir='ltr'>saporem</span> <span class='ocrx_word' id='word_1_308' title='bbox 625 2209 757 2279; x_wconf 79' lang='lat' dir='ltr'>experiri.</span> <span class='ocrx_word' id='word_1_309' title='bbox 786 2214 814 2263; x_wconf 89' lang='lat' dir='ltr'>et</span> <span class='ocrx_word' id='word_1_310' title='bbox 843 2209 873 2262; x_wconf 92' lang='lat' dir='ltr'>in</span> <span class='ocrx_word' id='word_1_311' title='bbox 902 2208 951 2263; x_wconf 86' lang='lat' dir='ltr'>illo</span> <span class='ocrx_word' id='word_1_312' title='bbox 973 2208 1015 2261; x_wconf 87' lang='lat' dir='ltr'>vel</span> <span class='ocrx_word' id='word_1_313' title='bbox 1071 2207 1203 2262; x_wconf 89' lang='lat' dir='ltr'>ritualem</span> <span class='ocrx_word' id='word_1_314' title='bbox 1217 2207 1414 2274; x_wconf 84' lang='lat' dir='ltr'>manducasse,</span> <span class='ocrx_word' id='word_1_315' title='bbox 1431 2212 1459 2260; x_wconf 90' lang='lat' dir='ltr'>ct</span> <span class='ocrx_word' id='word_1_316' title='bbox 1478 2211 1579 2277; x_wconf 89' lang='lat' dir='ltr'>potum</span> <span class='ocrx_word' id='word_1_317' title='bbox 1596 2207 1775 2279; x_wconf 85' lang='lat' dir='ltr'>spiritualem</span> <span class='ocrx_word' id='word_1_318' title='bbox 1792 2209 1917 2274; x_wconf 86' lang='lat' dir='ltr'>bibisse;</span> 
     </span>
     <span class='ocr_line' id='line_1_37' title="bbox 173 2295 1918 2369; baseline 0 -17"><span class='ocrx_word' id='word_1_319' title='bbox 173 2305 253 2369; x_wconf 91' lang='lat' dir='ltr'>potu,</span> <span class='ocrx_word' id='word_1_320' title='bbox 270 2297 314 2352; x_wconf 87' lang='lat' dir='ltr'>rel</span> <span class='ocrx_word' id='word_1_321' title='bbox 338 2312 422 2367; x_wconf 87' lang='lat' dir='ltr'>pane,</span> <span class='ocrx_word' id='word_1_322' title='bbox 438 2297 511 2351; x_wconf 93' lang='lat' dir='ltr'>niliil</span> <span class='ocrx_word' id='word_1_323' title='bbox 537 2298 723 2368; x_wconf 80' lang='lat' dir='ltr'>corporaliter</span> <span class='ocrx_word' id='word_1_324' title='bbox 737 2297 860 2367; x_wconf 89' lang='lat' dir='ltr'>opinari,</span> <span class='ocrx_word' id='word_1_325' title='bbox 874 2297 952 2368; x_wconf 80' lang='lat' dir='ltr'>b&#39;sed</span> <span class='ocrx_word' id='word_1_326' title='bbox 974 2300 1016 2349; x_wconf 93' lang='lat' dir='ltr'>to·</span> <span class='ocrx_word' id='word_1_327' title='bbox 1071 2310 1137 2348; x_wconf 92' lang='lat' dir='ltr'>curn</span> <span class='ocrx_word' id='word_1_328' title='bbox 1152 2301 1249 2350; x_wconf 90' lang='lat' dir='ltr'>tamen</span> <span class='ocrx_word' id='word_1_329' title='bbox 1261 2295 1448 2349; x_wconf 88' lang='lat' dir='ltr'>mannailliid</span> <span class='ocrx_word' id='word_1_330' title='bbox 1462 2295 1542 2366; x_wconf 87' lang='lat' dir='ltr'>quud</span> <span class='ocrx_word' id='word_1_331' title='bbox 1558 2297 1754 2366; x_wconf 89' lang='lat' dir='ltr'>comederunt,</span> <span class='ocrx_word' id='word_1_332' title='bbox 1770 2302 1798 2351; x_wconf 90' lang='lat' dir='ltr'>et</span> <span class='ocrx_word' id='word_1_333' title='bbox 1814 2314 1918 2367; x_wconf 92' lang='lat' dir='ltr'>aquam</span> 
     </span>
     <span class='ocr_line' id='line_1_38' title="bbox 173 2382 1918 2457; baseline -0.001 -17"><span class='ocrx_word' id='word_1_334' title='bbox 173 2390 236 2440; x_wconf 90' lang='lat' dir='ltr'>tum</span> <span class='ocrx_word' id='word_1_335' title='bbox 253 2383 441 2457; x_wconf 89' lang='lat' dir='ltr'>spiritualiter</span> <span class='ocrx_word' id='word_1_336' title='bbox 455 2383 572 2449; x_wconf 90' lang='lat' dir='ltr'>sentire,</span> <span class='ocrx_word' id='word_1_337' title='bbox 593 2385 729 2455; x_wconf 89' lang='lat' dir='ltr'>quoniam</span> <span class='ocrx_word' id='word_1_338' title='bbox 750 2384 886 2439; x_wconf 86' lang='lat' dir='ltr'>Dominus</span> <span class='ocrx_word' id='word_1_339' title='bbox 901 2383 1019 2454; x_wconf 88' lang='lat' dir='ltr'>spiritus</span> <span class='ocrx_word' id='word_1_340' title='bbox 1072 2400 1159 2455; x_wconf 91' lang='lat' dir='ltr'>quam</span> <span class='ocrx_word' id='word_1_341' title='bbox 1181 2382 1326 2451; x_wconf 87' lang='lat' dir='ltr'>biberunt,</span> <span class='ocrx_word' id='word_1_342' title='bbox 1349 2400 1488 2455; x_wconf 91' lang='lat' dir='ltr'>corporea</span> <span class='ocrx_word' id='word_1_343' title='bbox 1512 2384 1600 2439; x_wconf 86' lang='lat' dir='ltr'>inisse</span> <span class='ocrx_word' id='word_1_344' title='bbox 1622 2401 1707 2440; x_wconf 90' lang='lat' dir='ltr'>nenio</span> <span class='ocrx_word' id='word_1_345' title='bbox 1729 2386 1779 2456; x_wconf 92' lang='lat' dir='ltr'>qni</span> <span class='ocrx_word' id='word_1_346' title='bbox 1795 2385 1918 2452; x_wconf 89' lang='lat' dir='ltr'>dubitet,</span> 
     </span>
     <span class='ocr_line' id='line_1_39' title="bbox 174 2459 1918 2543; baseline -0.001 -14"><span class='ocrx_word' id='word_1_347' title='bbox 174 2480 227 2539; x_wconf 90' lang='lat' dir='ltr'>est,</span> <span class='ocrx_word' id='word_1_348' title='bbox 242 2479 271 2527; x_wconf 88' lang='lat' dir='ltr'>et</span> <span class='ocrx_word' id='word_1_349' title='bbox 286 2473 378 2528; x_wconf 85' lang='lat' dir='ltr'>beatus</span> <span class='ocrx_word' id='word_1_350' title='bbox 392 2459 593 2543; x_wconf 83' lang='lat' dir='ltr'>uirquisperet</span> <span class='ocrx_word' id='word_1_351' title='bbox 607 2476 682 2528; x_wconf 88' lang='lat' dir='ltr'>ineo.</span> <span class='ocrx_word' id='word_1_352' title='bbox 1074 2471 1247 2542; x_wconf 89' lang='lat' dir='ltr'>adjungitde</span> <span class='ocrx_word' id='word_1_353' title='bbox 1273 2472 1406 2543; x_wconf 91' lang='lat' dir='ltr'>mysterio</span> <span class='ocrx_word' id='word_1_354' title='bbox 1429 2473 1505 2543; x_wconf 88' lang='lat' dir='ltr'>quod</span> <span class='ocrx_word' id='word_1_355' title='bbox 1528 2472 1559 2525; x_wconf 92' lang='lat' dir='ltr'>in</span> <span class='ocrx_word' id='word_1_356' title='bbox 1580 2473 1701 2527; x_wconf 86' lang='lat' dir='ltr'>Ecclesia</span> <span class='ocrx_word' id='word_1_357' title='bbox 1722 2490 1799 2528; x_wconf 92' lang='lat' dir='ltr'>nnnc</span> <span class='ocrx_word' id='word_1_358' title='bbox 1812 2475 1918 2543; x_wconf 86' lang='lat' dir='ltr'>agitur,</span> 
     </span>
     <span class='ocr_line' id='line_1_40' title="bbox 211 2560 1917 2633; baseline -0.001 -16"><span class='ocrx_word' id='word_1_359' title='bbox 211 2562 275 2617; x_wconf 83' lang='lat' dir='ltr'>titt.</span> <span class='ocrx_word' id='word_1_360' title='bbox 301 2562 370 2615; x_wconf 89' lang='lat' dir='ltr'>ltein</span> <span class='ocrx_word' id='word_1_361' title='bbox 394 2567 602 2633; x_wconf 78' lang='lat' dir='ltr'>curiaequenter</span> <span class='ocrx_word' id='word_1_362' title='bbox 623 2560 718 2631; x_wconf 83' lang='lat' dir='ltr'>(ibid.)</span> <span class='ocrx_word' id='word_1_363' title='bbox 744 2578 750 2615; x_wconf 91' lang='lat'>:</span> <span class='ocrx_word' id='word_1_364' title='bbox 777 2582 790 2610; x_wconf 89' lang='lat'>«</span> <span class='ocrx_word' id='word_1_365' title='bbox 808 2562 839 2615; x_wconf 91' lang='lat' dir='ltr'>ln</span> <span class='ocrx_word' id='word_1_366' title='bbox 863 2561 912 2616; x_wconf 91' lang='lat' dir='ltr'>illo</span> <span class='ocrx_word' id='word_1_367' title='bbox 927 2577 1019 2615; x_wconf 89' lang='lat' dir='ltr'>sacra·</span> <span class='ocrx_word' id='word_1_368' title='bbox 1073 2560 1213 2616; x_wconf 87' lang='lat' dir='ltr'>deliniens</span> <span class='ocrx_word' id='word_1_369' title='bbox 1236 2561 1392 2614; x_wconf 86' lang='lat' dir='ltr'>secundum</span> <span class='ocrx_word' id='word_1_370' title='bbox 1417 2561 1485 2632; x_wconf 89' lang='lat' dir='ltr'>quid</span> <span class='ocrx_word' id='word_1_371' title='bbox 1506 2577 1610 2633; x_wconf 89' lang='lat' dir='ltr'>corpus</span> <span class='ocrx_word' id='word_1_372' title='bbox 1635 2562 1671 2616; x_wconf 92' lang='lat' dir='ltr'>sit</span> <span class='ocrx_word' id='word_1_373' title='bbox 1685 2561 1804 2619; x_wconf 89' lang='lat' dir='ltr'>Christi:</span> <span class='ocrx_word' id='word_1_374' title='bbox 1823 2584 1837 2613; x_wconf 79' lang='lat' dir='ltr'>u</span> <span class='ocrx_word' id='word_1_375' title='bbox 1852 2563 1917 2618; x_wconf 89' lang='lat' dir='ltr'>Cor·</span> 
     </span>
     <span class='ocr_line' id='line_1_41' title="bbox 177 2647 1920 2721; baseline -0.001 -15"><span class='ocrx_word' id='word_1_376' title='bbox 177 2657 272 2706; x_wconf 90' lang='lat' dir='ltr'>mento</span> <span class='ocrx_word' id='word_1_377' title='bbox 298 2650 425 2706; x_wconf 90' lang='lat' dir='ltr'>Christus</span> <span class='ocrx_word' id='word_1_378' title='bbox 449 2654 501 2716; x_wconf 87' lang='lat' dir='ltr'>est,</span> <span class='ocrx_word' id='word_1_379' title='bbox 531 2653 599 2720; x_wconf 87' lang='lat' dir='ltr'>quia</span> <span class='ocrx_word' id='word_1_380' title='bbox 619 2665 723 2719; x_wconf 88' lang='lat' dir='ltr'>corpus</span> <span class='ocrx_word' id='word_1_381' title='bbox 747 2649 849 2706; x_wconf 86' lang='lat' dir='ltr'>Christi</span> <span class='ocrx_word' id='word_1_382' title='bbox 872 2655 934 2704; x_wconf 88' lang='lat' dir='ltr'>est:</span> <span class='ocrx_word' id='word_1_383' title='bbox 962 2666 1020 2704; x_wconf 90' lang='lat' dir='ltr'>nori</span> <span class='ocrx_word' id='word_1_384' title='bbox 1075 2664 1128 2719; x_wconf 91' lang='lat' dir='ltr'>piis</span> <span class='ocrx_word' id='word_1_385' title='bbox 1142 2648 1217 2701; x_wconf 91' lang='lat' dir='ltr'>enim</span> <span class='ocrx_word' id='word_1_386' title='bbox 1230 2648 1290 2712; x_wconf 87' lang='lat' dir='ltr'>Dei,</span> <span class='ocrx_word' id='word_1_387' title='bbox 1307 2647 1566 2719; x_wconf 88' lang='lat' dir='ltr'>inquiens,corpus</span> <span class='ocrx_word' id='word_1_388' title='bbox 1581 2654 1624 2703; x_wconf 89' lang='lat' dir='ltr'>est</span> <span class='ocrx_word' id='word_1_389' title='bbox 1638 2651 1795 2721; x_wconf 87' lang='lat' dir='ltr'>spirituale.</span> <span class='ocrx_word' id='word_1_390' title='bbox 1813 2672 1827 2703; x_wconf 84' lang='lat' dir='ltr'>a</span> <span class='ocrx_word' id='word_1_391' title='bbox 1848 2652 1920 2706; x_wconf 83' lang='lat' dir='ltr'>[leus</span> 
     </span>
     <span class='ocr_line' id='line_1_42' title="bbox 176 2736 1921 2810; baseline 0 -17"><span class='ocrx_word' id='word_1_392' title='bbox 176 2755 245 2809; x_wconf 91' lang='lat' dir='ltr'>crgo</span> <span class='ocrx_word' id='word_1_393' title='bbox 280 2737 435 2810; x_wconf 87' lang='lat' dir='ltr'>corporalis</span> <span class='ocrx_word' id='word_1_394' title='bbox 465 2753 538 2798; x_wconf 90' lang='lat' dir='ltr'>esea,</span> <span class='ocrx_word' id='word_1_395' title='bbox 568 2737 617 2791; x_wconf 88' lang='lat' dir='ltr'>sed</span> <span class='ocrx_word' id='word_1_396' title='bbox 639 2737 797 2808; x_wconf 88' lang='lat' dir='ltr'>spiritualis</span> <span class='ocrx_word' id='word_1_397' title='bbox 819 2744 870 2791; x_wconf 91' lang='lat' dir='ltr'>est.</span> <span class='ocrx_word' id='word_1_398' title='bbox 905 2759 918 2786; x_wconf 74' lang='lat' dir='ltr'>a</span> <span class='ocrx_word' id='word_1_399' title='bbox 948 2739 1020 2803; x_wconf 82' lang='lat' dir='ltr'>Ouid</span> <span class='ocrx_word' id='word_1_400' title='bbox 1074 2736 1173 2805; x_wconf 89' lang='lat' dir='ltr'>utique</span> <span class='ocrx_word' id='word_1_401' title='bbox 1196 2736 1342 2791; x_wconf 89' lang='lat' dir='ltr'>Christus:</span> <span class='ocrx_word' id='word_1_402' title='bbox 1369 2742 1396 2791; x_wconf 88' lang='lat' dir='ltr'>ct</span> <span class='ocrx_word' id='word_1_403' title='bbox 1420 2739 1613 2809; x_wconf 88' lang='lat' dir='ltr'>corpusqnud</span> <span class='ocrx_word' id='word_1_404' title='bbox 1635 2741 1758 2810; x_wconf 87' lang='lat' dir='ltr'>sumpsit</span> <span class='ocrx_word' id='word_1_405' title='bbox 1782 2740 1816 2794; x_wconf 89' lang='lat' dir='ltr'>de</span> <span class='ocrx_word' id='word_1_406' title='bbox 1835 2741 1921 2795; x_wconf 86' lang='lat' dir='ltr'>bieria</span> 
     </span>
     <span class='ocr_line' id='line_1_43' title="bbox 178 2824 1922 2899; baseline 0.002 -19"><span class='ocrx_word' id='word_1_407' title='bbox 178 2826 401 2898; x_wconf 88' lang='lat' dir='ltr'>apertius?quid</span> <span class='ocrx_word' id='word_1_408' title='bbox 413 2825 591 2881; x_wconf 79' lang='lat' dir='ltr'>manifestius</span> <span class='ocrx_word' id='word_1_409' title='bbox 602 2825 616 2880; x_wconf 83' lang='lat' dir='ltr'>&#39;t</span> <span class='ocrx_word' id='word_1_410' title='bbox 629 2827 696 2897; x_wconf 91' lang='lat' dir='ltr'>quid</span> <span class='ocrx_word' id='word_1_411' title='bbox 708 2826 855 2881; x_wconf 75' lang='lat' dir='ltr'>divinius?</span> <span class='ocrx_word' id='word_1_412' title='bbox 866 2827 913 2880; x_wconf 85' lang='lat' dir='ltr'>llit</span> <span class='ocrx_word' id='word_1_413' title='bbox 925 2827 1019 2881; x_wconf 90' lang='lat' dir='ltr'>euim:</span> <span class='ocrx_word' id='word_1_414' title='bbox 1075 2824 1201 2893; x_wconf 80' lang='lat' dir='ltr'>Virgine,</span> <span class='ocrx_word' id='word_1_415' title='bbox 1218 2825 1295 2895; x_wconf 90' lang='lat' dir='ltr'>quod</span> <span class='ocrx_word' id='word_1_416' title='bbox 1311 2842 1436 2896; x_wconf 91' lang='lat' dir='ltr'>passum,</span> <span class='ocrx_word' id='word_1_417' title='bbox 1456 2826 1534 2897; x_wconf 87' lang='lat' dir='ltr'>quod</span> <span class='ocrx_word' id='word_1_418' title='bbox 1553 2827 1697 2896; x_wconf 88' lang='lat' dir='ltr'>sepultum</span> <span class='ocrx_word' id='word_1_419' title='bbox 1713 2833 1763 2889; x_wconf 87' lang='lat' dir='ltr'>est,</span> <span class='ocrx_word' id='word_1_420' title='bbox 1787 2829 1864 2899; x_wconf 93' lang='lat' dir='ltr'>qnod</span> <span class='ocrx_word' id='word_1_421' title='bbox 1882 2845 1922 2883; x_wconf 90' lang='lat' dir='ltr'>re-</span> 
     </span>
     <span class='ocr_line' id='line_1_44' title="bbox 179 2902 1919 3001; baseline 0.003 -36"><span class='ocrx_word' id='word_1_422' title='bbox 179 2936 192 2965; x_wconf 83' lang='lat' dir='ltr'>e</span> <span class='ocrx_word' id='word_1_423' title='bbox 214 2917 245 2970; x_wconf 94' lang='lat' dir='ltr'>ln</span> <span class='ocrx_word' id='word_1_424' title='bbox 263 2915 312 2968; x_wconf 93' lang='lat' dir='ltr'>illo</span> <span class='ocrx_word' id='word_1_425' title='bbox 332 2921 510 2968; x_wconf 91' lang='lat' dir='ltr'>sacramento</span> <span class='ocrx_word' id='word_1_426' title='bbox 531 2913 659 2969; x_wconf 89' lang='lat' dir='ltr'>Christus</span> <span class='ocrx_word' id='word_1_427' title='bbox 679 2919 730 2968; x_wconf 88' lang='lat' dir='ltr'>cst.</span> <span class='ocrx_word' id='word_1_428' title='bbox 752 2933 766 2966; x_wconf 82' lang='lat' dir='ltr'>u</span> <span class='ocrx_word' id='word_1_429' title='bbox 787 2915 847 2969; x_wconf 88' lang='lat' dir='ltr'>Non</span> <span class='ocrx_word' id='word_1_430' title='bbox 867 2915 944 2969; x_wconf 88' lang='lat' dir='ltr'>euim</span> <span class='ocrx_word' id='word_1_431' title='bbox 963 2915 1017 2969; x_wconf 91' lang='lat' dir='ltr'>ait:</span> <span class='ocrx_word' id='word_1_432' title='bbox 1036 2945 1057 3001; x_wconf 68' lang='lat' dir='ltr'>C</span> <span class='ocrx_word' id='word_1_433' title='bbox 1075 2913 1208 2978; x_wconf 82' lang='lat' dir='ltr'>surrexit,</span> <span class='ocrx_word' id='word_1_434' title='bbox 1228 2929 1329 2984; x_wconf 90' lang='lat' dir='ltr'>corpus</span> <span class='ocrx_word' id='word_1_435' title='bbox 1345 2914 1444 2986; x_wconf 92' lang='lat' dir='ltr'>utique</span> <span class='ocrx_word' id='word_1_436' title='bbox 1465 2902 1564 2968; x_wconf 84' lang='lat' dir='ltr'>rerum</span> <span class='ocrx_word' id='word_1_437' title='bbox 1580 2915 1643 2982; x_wconf 86' lang='lat' dir='ltr'>luit,</span> <span class='ocrx_word' id='word_1_438' title='bbox 1661 2915 1690 2970; x_wconf 93' lang='lat' dir='ltr'>id</span> <span class='ocrx_word' id='word_1_439' title='bbox 1705 2918 1838 2988; x_wconf 91' lang='lat' dir='ltr'>estquod</span> <span class='ocrx_word' id='word_1_440' title='bbox 1856 2917 1919 2971; x_wconf 87' lang='lat' dir='ltr'>visi-</span> 
     </span>
     <span class='ocr_line' id='line_1_45' title="bbox 179 3000 1921 3077; baseline 0.001 -19"><span class='ocrx_word' id='word_1_441' title='bbox 179 3005 227 3058; x_wconf 92' lang='lat' dir='ltr'>llle</span> <span class='ocrx_word' id='word_1_442' title='bbox 240 3003 331 3074; x_wconf 77' lang='lat' dir='ltr'>prauis,</span> <span class='ocrx_word' id='word_1_443' title='bbox 349 3009 377 3056; x_wconf 90' lang='lat' dir='ltr'>et</span> <span class='ocrx_word' id='word_1_444' title='bbox 391 3002 461 3057; x_wconf 90' lang='lat' dir='ltr'>illud</span> <span class='ocrx_word' id='word_1_445' title='bbox 485 3002 594 3067; x_wconf 83' lang='lat' dir='ltr'>vinum,</span> <span class='ocrx_word' id='word_1_446' title='bbox 612 3003 739 3058; x_wconf 89' lang='lat' dir='ltr'>Christus</span> <span class='ocrx_word' id='word_1_447' title='bbox 763 3009 815 3057; x_wconf 91' lang='lat' dir='ltr'>est.</span> <span class='ocrx_word' id='word_1_448' title='bbox 840 3003 958 3067; x_wconf 80' lang='lat' dir='ltr'>Quodsi</span> <span class='ocrx_word' id='word_1_449' title='bbox 979 3003 1021 3059; x_wconf 93' lang='lat' dir='ltr'>di·</span> <span class='ocrx_word' id='word_1_450' title='bbox 1076 3000 1132 3056; x_wconf 89' lang='lat' dir='ltr'>bile</span> <span class='ocrx_word' id='word_1_451' title='bbox 1157 3006 1241 3072; x_wconf 90' lang='lat' dir='ltr'>utque</span> <span class='ocrx_word' id='word_1_452' title='bbox 1265 3002 1405 3072; x_wconf 89' lang='lat' dir='ltr'>palpabile</span> <span class='ocrx_word' id='word_1_453' title='bbox 1425 3003 1565 3058; x_wconf 88' lang='lat' dir='ltr'>manebat.</span> <span class='ocrx_word' id='word_1_454' title='bbox 1590 3007 1626 3058; x_wconf 82' lang='lat' dir='ltr'>At</span> <span class='ocrx_word' id='word_1_455' title='bbox 1640 3021 1706 3058; x_wconf 88' lang='lat' dir='ltr'>vero</span> <span class='ocrx_word' id='word_1_456' title='bbox 1726 3021 1830 3074; x_wconf 89' lang='lat' dir='ltr'>corpus</span> <span class='ocrx_word' id='word_1_457' title='bbox 1845 3006 1921 3077; x_wconf 89' lang='lat' dir='ltr'>quud</span> 
     </span>
     <span class='ocr_line' id='line_1_46' title="bbox 179 3089 1922 3164; baseline 0.002 -19"><span class='ocrx_word' id='word_1_458' title='bbox 179 3096 265 3158; x_wconf 84' lang='lat' dir='ltr'>cerei,</span> <span class='ocrx_word' id='word_1_459' title='bbox 283 3090 425 3145; x_wconf 86' lang='lat' dir='ltr'>Christum</span> <span class='ocrx_word' id='word_1_460' title='bbox 450 3089 666 3160; x_wconf 89' lang='lat' dir='ltr'>corruptibilem</span> <span class='ocrx_word' id='word_1_461' title='bbox 682 3090 771 3161; x_wconf 78' lang='lat' dir='ltr'>(quod</span> <span class='ocrx_word' id='word_1_462' title='bbox 791 3089 874 3162; x_wconf 83' lang='lat' dir='ltr'>absit)</span> <span class='ocrx_word' id='word_1_463' title='bbox 900 3095 928 3145; x_wconf 90' lang='lat' dir='ltr'>et</span> <span class='ocrx_word' id='word_1_464' title='bbox 950 3107 1024 3145; x_wconf 90' lang='lat' dir='ltr'>mor·</span> <span class='ocrx_word' id='word_1_465' title='bbox 1077 3089 1244 3159; x_wconf 86' lang='lat' dir='ltr'>mysterium</span> <span class='ocrx_word' id='word_1_466' title='bbox 1265 3089 1315 3144; x_wconf 85' lang='lat' dir='ltr'>Dei</span> <span class='ocrx_word' id='word_1_467' title='bbox 1336 3090 1450 3157; x_wconf 89' lang='lat' dir='ltr'>dicitur,</span> <span class='ocrx_word' id='word_1_468' title='bbox 1466 3107 1523 3146; x_wconf 92' lang='lat' dir='ltr'>non</span> <span class='ocrx_word' id='word_1_469' title='bbox 1542 3096 1583 3146; x_wconf 88' lang='lat' dir='ltr'>est</span> <span class='ocrx_word' id='word_1_470' title='bbox 1597 3094 1754 3163; x_wconf 90' lang='lat' dir='ltr'>corporale,</span> <span class='ocrx_word' id='word_1_471' title='bbox 1769 3094 1817 3148; x_wconf 91' lang='lat' dir='ltr'>sed</span> <span class='ocrx_word' id='word_1_472' title='bbox 1835 3095 1922 3164; x_wconf 90' lang='lat' dir='ltr'>spiri·</span> 
     </span>
     <span class='ocr_line' id='line_1_47' title="bbox 179 3177 1923 3254; baseline 0.002 -20"><span class='ocrx_word' id='word_1_473' title='bbox 179 3179 281 3235; x_wconf 88' lang='lat' dir='ltr'>talitali</span> <span class='ocrx_word' id='word_1_474' title='bbox 304 3178 464 3248; x_wconf 88' lang='lat' dir='ltr'>subjectam</span> <span class='ocrx_word' id='word_1_475' title='bbox 478 3177 663 3248; x_wconf 77' lang='lat' dir='ltr'>praedicaret:</span> <span class='ocrx_word' id='word_1_476' title='bbox 680 3179 819 3250; x_wconf 89' lang='lat' dir='ltr'>quidquid</span> <span class='ocrx_word' id='word_1_477' title='bbox 835 3180 911 3234; x_wconf 86' lang='lat' dir='ltr'>enim</span> <span class='ocrx_word' id='word_1_478' title='bbox 931 3180 961 3234; x_wconf 90' lang='lat' dir='ltr'>in</span> <span class='ocrx_word' id='word_1_479' title='bbox 976 3180 1023 3234; x_wconf 89' lang='lat' dir='ltr'>illa</span> <span class='ocrx_word' id='word_1_480' title='bbox 1076 3179 1173 3232; x_wconf 87' lang='lat' dir='ltr'>tualc:</span> <span class='ocrx_word' id='word_1_481' title='bbox 1194 3178 1271 3249; x_wconf 89' lang='lat' dir='ltr'>quud</span> <span class='ocrx_word' id='word_1_482' title='bbox 1295 3178 1318 3232; x_wconf 93' lang='lat' dir='ltr'>si</span> <span class='ocrx_word' id='word_1_483' title='bbox 1341 3179 1500 3251; x_wconf 87' lang='lat' dir='ltr'>spirituale,</span> <span class='ocrx_word' id='word_1_484' title='bbox 1523 3181 1582 3250; x_wconf 88' lang='lat' dir='ltr'>jam</span> <span class='ocrx_word' id='word_1_485' title='bbox 1610 3197 1670 3235; x_wconf 90' lang='lat' dir='ltr'>uon</span> <span class='ocrx_word' id='word_1_486' title='bbox 1693 3181 1804 3235; x_wconf 85' lang='lat' dir='ltr'>visibile</span> <span class='ocrx_word' id='word_1_487' title='bbox 1829 3198 1923 3254; x_wconf 89' lang='lat' dir='ltr'>neque</span> 
     </span>
     <span class='ocr_line' id='line_1_48' title="bbox 179 3266 1922 3340; baseline 0.001 -17"><span class='ocrx_word' id='word_1_488' title='bbox 179 3285 241 3324; x_wconf 91' lang='lat' dir='ltr'>esca</span> <span class='ocrx_word' id='word_1_489' title='bbox 261 3269 302 3322; x_wconf 86' lang='lat' dir='ltr'>rel</span> <span class='ocrx_word' id='word_1_490' title='bbox 324 3266 451 3321; x_wconf 89' lang='lat' dir='ltr'>cernitur</span> <span class='ocrx_word' id='word_1_491' title='bbox 473 3267 516 3321; x_wconf 89' lang='lat' dir='ltr'>vel</span> <span class='ocrx_word' id='word_1_492' title='bbox 535 3272 666 3338; x_wconf 91' lang='lat' dir='ltr'>gustatur</span> <span class='ocrx_word' id='word_1_493' title='bbox 688 3268 885 3338; x_wconf 89' lang='lat' dir='ltr'>corporaliter,</span> <span class='ocrx_word' id='word_1_494' title='bbox 906 3284 1023 3339; x_wconf 89' lang='lat' dir='ltr'>corrup·</span> <span class='ocrx_word' id='word_1_495' title='bbox 1077 3267 1231 3338; x_wconf 90' lang='lat' dir='ltr'>palpabile.</span> <span class='ocrx_word' id='word_1_496' title='bbox 1248 3267 1318 3322; x_wconf 91' lang='lat' dir='ltr'>lliuc</span> <span class='ocrx_word' id='word_1_497' title='bbox 1338 3267 1438 3322; x_wconf 90' lang='lat' dir='ltr'>heatus</span> <span class='ocrx_word' id='word_1_498' title='bbox 1453 3267 1619 3322; x_wconf 77' lang='lat' dir='ltr'>Ambrosius</span> <span class='ocrx_word' id='word_1_499' title='bbox 1635 3270 1799 3340; x_wconf 84' lang='lat' dir='ltr'>subjungit:</span> <span class='ocrx_word' id='word_1_500' title='bbox 1826 3272 1922 3324; x_wconf 79' lang='lat' dir='ltr'>«Cor-</span> 
     </span>
     <span class='ocr_line' id='line_1_49' title="bbox 180 3353 1921 3427; baseline -0.002 -15"><span class='ocrx_word' id='word_1_501' title='bbox 180 3356 306 3412; x_wconf 88' lang='lat' dir='ltr'>tihilitati</span> <span class='ocrx_word' id='word_1_502' title='bbox 321 3359 430 3409; x_wconf 87' lang='lat' dir='ltr'>constet</span> <span class='ocrx_word' id='word_1_503' title='bbox 444 3354 599 3408; x_wconf 78' lang='lat' dir='ltr'>obnoxium</span> <span class='ocrx_word' id='word_1_504' title='bbox 613 3371 683 3409; x_wconf 84' lang='lat' dir='ltr'>esse.</span> <span class='ocrx_word' id='word_1_505' title='bbox 1078 3371 1142 3425; x_wconf 91' lang='lat' dir='ltr'>pus,</span> <span class='ocrx_word' id='word_1_506' title='bbox 1166 3353 1310 3425; x_wconf 88' lang='lat' dir='ltr'>iuquiens,</span> <span class='ocrx_word' id='word_1_507' title='bbox 1332 3355 1446 3424; x_wconf 88' lang='lat' dir='ltr'>Christi,</span> <span class='ocrx_word' id='word_1_508' title='bbox 1471 3373 1574 3427; x_wconf 90' lang='lat' dir='ltr'>corpus</span> <span class='ocrx_word' id='word_1_509' title='bbox 1595 3363 1637 3411; x_wconf 92' lang='lat' dir='ltr'>est</span> <span class='ocrx_word' id='word_1_510' title='bbox 1655 3357 1744 3411; x_wconf 84' lang='lat' dir='ltr'>dirini</span> <span class='ocrx_word' id='word_1_511' title='bbox 1759 3358 1891 3427; x_wconf 89' lang='lat' dir='ltr'>Spiritus.</span> <span class='ocrx_word' id='word_1_512' title='bbox 1911 3382 1921 3409; x_wconf 79' lang='grc' dir='ltr'>ι</span> 
     </span>
     <span class='ocr_line' id='line_1_50' title="bbox 217 3442 1920 3516; baseline 0 -16"><span class='ocrx_word' id='word_1_513' title='bbox 217 3445 268 3500; x_wconf 62' lang='lat' dir='ltr'>lili.</span> <span class='ocrx_word' id='word_1_514' title='bbox 286 3443 389 3498; x_wconf 84' lang='lat' dir='ltr'>Addit:</span> <span class='ocrx_word' id='word_1_515' title='bbox 405 3462 418 3493; x_wconf 84' lang='lat' dir='ltr'>a</span> <span class='ocrx_word' id='word_1_516' title='bbox 433 3442 504 3506; x_wconf 86' lang='lat' dir='ltr'>Quia</span> <span class='ocrx_word' id='word_1_517' title='bbox 526 3457 629 3511; x_wconf 90' lang='lat' dir='ltr'>corpus</span> <span class='ocrx_word' id='word_1_518' title='bbox 653 3443 758 3497; x_wconf 88' lang='lat' dir='ltr'>Christi</span> <span class='ocrx_word' id='word_1_519' title='bbox 782 3448 834 3497; x_wconf 88' lang='lat' dir='ltr'>est.</span> <span class='ocrx_word' id='word_1_520' title='bbox 862 3466 875 3493; x_wconf 90' lang='lat'>»</span> <span class='ocrx_word' id='word_1_521' title='bbox 898 3445 1027 3515; x_wconf 87' lang='lat' dir='ltr'>lusurgis</span> <span class='ocrx_word' id='word_1_522' title='bbox 1081 3443 1197 3497; x_wconf 81' lang='lat' dir='ltr'>[livinus</span> <span class='ocrx_word' id='word_1_523' title='bbox 1211 3449 1307 3498; x_wconf 90' lang='lat' dir='ltr'>autem</span> <span class='ocrx_word' id='word_1_524' title='bbox 1328 3444 1450 3515; x_wconf 90' lang='lat' dir='ltr'>Spiritus</span> <span class='ocrx_word' id='word_1_525' title='bbox 1473 3444 1546 3499; x_wconf 94' lang='lat' dir='ltr'>nihil</span> <span class='ocrx_word' id='word_1_526' title='bbox 1567 3461 1746 3516; x_wconf 91' lang='lat' dir='ltr'>corporeum,</span> <span class='ocrx_word' id='word_1_527' title='bbox 1767 3445 1842 3501; x_wconf 89' lang='lat' dir='ltr'>nihil</span> <span class='ocrx_word' id='word_1_528' title='bbox 1862 3463 1920 3501; x_wconf 90' lang='lat' dir='ltr'>cor·</span> 
     </span>
     <span class='ocr_line' id='line_1_51' title="bbox 182 3529 1927 3605; baseline 0.002 -19"><span class='ocrx_word' id='word_1_529' title='bbox 182 3537 211 3586; x_wconf 92' lang='lat' dir='ltr'>et</span> <span class='ocrx_word' id='word_1_530' title='bbox 226 3530 312 3585; x_wconf 91' lang='lat' dir='ltr'>dicis:</span> <span class='ocrx_word' id='word_1_531' title='bbox 338 3530 406 3583; x_wconf 91' lang='lat' dir='ltr'>Ecce</span> <span class='ocrx_word' id='word_1_532' title='bbox 431 3529 581 3583; x_wconf 81' lang='lat' dir='ltr'>manifeste</span> <span class='ocrx_word' id='word_1_533' title='bbox 601 3529 680 3584; x_wconf 90' lang='lat' dir='ltr'>illum</span> <span class='ocrx_word' id='word_1_534' title='bbox 706 3534 856 3600; x_wconf 88' lang='lat' dir='ltr'>pariemet</span> <span class='ocrx_word' id='word_1_535' title='bbox 876 3531 1025 3605; x_wconf 91' lang='lat' dir='ltr'>illumpo·</span> <span class='ocrx_word' id='word_1_536' title='bbox 1079 3530 1225 3602; x_wconf 85' lang='lat' dir='ltr'>reptibile,</span> <span class='ocrx_word' id='word_1_537' title='bbox 1251 3532 1321 3586; x_wconf 91' lang='lat' dir='ltr'>nihil</span> <span class='ocrx_word' id='word_1_538' title='bbox 1342 3532 1486 3603; x_wconf 86' lang='lat' dir='ltr'>palpabile</span> <span class='ocrx_word' id='word_1_539' title='bbox 1515 3533 1590 3605; x_wconf 92' lang='lat' dir='ltr'>qnod</span> <span class='ocrx_word' id='word_1_540' title='bbox 1617 3535 1663 3599; x_wconf 91' lang='lat' dir='ltr'>sit,</span> <span class='ocrx_word' id='word_1_541' title='bbox 1678 3533 1783 3597; x_wconf 85' lang='lat' dir='ltr'>existit.</span> <span class='ocrx_word' id='word_1_542' title='bbox 1813 3537 1851 3588; x_wconf 77' lang='lat' dir='ltr'>Al</span> <span class='ocrx_word' id='word_1_543' title='bbox 1875 3536 1927 3591; x_wconf 92' lang='lat' dir='ltr'>hoe</span> 
     </span>
    </p>
   </div>
   <div class='ocr_carea' id='block_1_8' title="bbox 183 3687 1927 4113">
    <p class='ocr_par' dir='ltr' id='par_1_10' title="bbox 183 3687 1927 4113">
     <span class='ocr_line' id='line_1_52' title="bbox 217 3687 1925 3763; baseline 0.002 -20"><span class='ocrx_word' id='word_1_544' title='bbox 217 3698 230 3723; x_wconf 77' lang='lat'>⁸</span> <span class='ocrx_word' id='word_1_545' title='bbox 246 3689 304 3744; x_wconf 86' lang='lat' dir='ltr'>Nori</span> <span class='ocrx_word' id='word_1_546' title='bbox 323 3689 360 3743; x_wconf 91' lang='lat' dir='ltr'>sit</span> <span class='ocrx_word' id='word_1_547' title='bbox 382 3690 469 3756; x_wconf 82' lang='lat' dir='ltr'>speeie</span> <span class='ocrx_word' id='word_1_548' title='bbox 493 3702 556 3742; x_wconf 87' lang='lat' dir='ltr'>caro</span> <span class='ocrx_word' id='word_1_549' title='bbox 579 3687 627 3742; x_wconf 85' lang='lat' dir='ltr'>red</span> <span class='ocrx_word' id='word_1_550' title='bbox 649 3694 825 3744; x_wconf 86' lang='lat' dir='ltr'>sacramento.</span> <span class='ocrx_word' id='word_1_551' title='bbox 850 3690 887 3744; x_wconf 81' lang='lat' dir='ltr'>Ex</span> <span class='ocrx_word' id='word_1_552' title='bbox 914 3690 1028 3763; x_wconf 89' lang='lat' dir='ltr'>integro</span> <span class='ocrx_word' id='word_1_553' title='bbox 1082 3689 1268 3743; x_wconf 87' lang='lat' dir='ltr'>necessariam</span> <span class='ocrx_word' id='word_1_554' title='bbox 1291 3696 1320 3744; x_wconf 91' lang='lat' dir='ltr'>et</span> <span class='ocrx_word' id='word_1_555' title='bbox 1342 3691 1551 3744; x_wconf 79' lang='lat' dir='ltr'>conducibilem</span> <span class='ocrx_word' id='word_1_556' title='bbox 1570 3692 1604 3746; x_wconf 88' lang='lat' dir='ltr'>ad</span> <span class='ocrx_word' id='word_1_557' title='bbox 1625 3693 1844 3762; x_wconf 84' lang='lat' dir='ltr'>expungendam</span> <span class='ocrx_word' id='word_1_558' title='bbox 1867 3708 1925 3746; x_wconf 91' lang='lat' dir='ltr'>am·</span> 
     </span>
     <span class='ocr_line' id='line_1_53' title="bbox 183 3757 1925 3833; baseline 0.002 -20"><span class='ocrx_word' id='word_1_559' title='bbox 183 3762 305 3813; x_wconf 89' lang='lat' dir='ltr'>tractata</span> <span class='ocrx_word' id='word_1_560' title='bbox 330 3757 479 3813; x_wconf 89' lang='lat' dir='ltr'>llatramni</span> <span class='ocrx_word' id='word_1_561' title='bbox 499 3758 685 3828; x_wconf 75' lang='lat' dir='ltr'>intelligimus</span> <span class='ocrx_word' id='word_1_562' title='bbox 713 3776 764 3829; x_wconf 89' lang='lat' dir='ltr'>per</span> <span class='ocrx_word' id='word_1_563' title='bbox 786 3760 910 3830; x_wconf 91' lang='lat' dir='ltr'>speciem</span> <span class='ocrx_word' id='word_1_564' title='bbox 930 3763 1028 3816; x_wconf 92' lang='lat' dir='ltr'>neuti-</span> <span class='ocrx_word' id='word_1_565' title='bbox 1081 3759 1238 3831; x_wconf 89' lang='lat' dir='ltr'>pliiholiam</span> <span class='ocrx_word' id='word_1_566' title='bbox 1263 3760 1349 3832; x_wconf 90' lang='lat' dir='ltr'>hujus</span> <span class='ocrx_word' id='word_1_567' title='bbox 1372 3761 1447 3815; x_wconf 85' lang='lat' dir='ltr'>vocis</span> <span class='ocrx_word' id='word_1_568' title='bbox 1469 3765 1655 3831; x_wconf 76' lang='lat' dir='ltr'>corporaliter,</span> <span class='ocrx_word' id='word_1_569' title='bbox 1672 3779 1736 3833; x_wconf 77' lang='lat' dir='ltr'>quae</span> <span class='ocrx_word' id='word_1_570' title='bbox 1756 3763 1845 3817; x_wconf 84' lang='lat' dir='ltr'>rideri</span> <span class='ocrx_word' id='word_1_571' title='bbox 1861 3779 1925 3833; x_wconf 91' lang='lat' dir='ltr'>pos·</span> 
     </span>
     <span class='ocr_line' id='line_1_54' title="bbox 183 3828 1926 3904; baseline 0.003 -21"><span class='ocrx_word' id='word_1_572' title='bbox 183 3845 270 3901; x_wconf 90' lang='lat' dir='ltr'>qoam</span> <span class='ocrx_word' id='word_1_573' title='bbox 285 3828 444 3900; x_wconf 87' lang='lat' dir='ltr'>signiticarc</span> <span class='ocrx_word' id='word_1_574' title='bbox 457 3828 529 3883; x_wconf 83' lang='lat' dir='ltr'>velle</span> <span class='ocrx_word' id='word_1_575' title='bbox 546 3833 653 3885; x_wconf 76' lang='lat' dir='ltr'>notura</span> <span class='ocrx_word' id='word_1_576' title='bbox 666 3834 815 3895; x_wconf 85' lang='lat' dir='ltr'>ueritatem,</span> <span class='ocrx_word' id='word_1_577' title='bbox 830 3848 878 3886; x_wconf 90' lang='lat' dir='ltr'>seu</span> <span class='ocrx_word' id='word_1_578' title='bbox 895 3838 1028 3888; x_wconf 90' lang='lat' dir='ltr'>naturam</span> <span class='ocrx_word' id='word_1_579' title='bbox 1081 3836 1125 3884; x_wconf 90' lang='lat' dir='ltr'>set</span> <span class='ocrx_word' id='word_1_580' title='bbox 1148 3831 1319 3901; x_wconf 90' lang='lat' dir='ltr'>quibusdam</span> <span class='ocrx_word' id='word_1_581' title='bbox 1344 3831 1493 3886; x_wconf 81' lang='lat' dir='ltr'>excludere</span> <span class='ocrx_word' id='word_1_582' title='bbox 1518 3838 1547 3886; x_wconf 89' lang='lat' dir='ltr'>et</span> <span class='ocrx_word' id='word_1_583' title='bbox 1570 3834 1670 3886; x_wconf 89' lang='lat' dir='ltr'>tollere</span> <span class='ocrx_word' id='word_1_584' title='bbox 1697 3834 1926 3904; x_wconf 89' lang='lat' dir='ltr'>qualemcunque</span> 
     </span>
     <span class='ocr_line' id='line_1_55' title="bbox 183 3899 1926 3973; baseline 0.001 -19"><span class='ocrx_word' id='word_1_585' title='bbox 183 3900 287 3972; x_wconf 88' lang='lat' dir='ltr'>ipsam,</span> <span class='ocrx_word' id='word_1_586' title='bbox 303 3915 390 3971; x_wconf 88' lang='lat' dir='ltr'>quem</span> <span class='ocrx_word' id='word_1_587' title='bbox 410 3899 534 3970; x_wconf 89' lang='lat' dir='ltr'>speciem</span> <span class='ocrx_word' id='word_1_588' title='bbox 559 3906 661 3955; x_wconf 81' lang='lat' dir='ltr'>vocant</span> <span class='ocrx_word' id='word_1_589' title='bbox 680 3901 855 3972; x_wconf 90' lang='lat' dir='ltr'>philosophi,</span> <span class='ocrx_word' id='word_1_590' title='bbox 875 3918 1028 3973; x_wconf 86' lang='lat' dir='ltr'>exgenere</span> <span class='ocrx_word' id='word_1_591' title='bbox 1081 3903 1264 3971; x_wconf 72' lang='lat' dir='ltr'>presentiam</span> <span class='ocrx_word' id='word_1_592' title='bbox 1285 3902 1343 3955; x_wconf 88' lang='lat' dir='ltr'>veri</span> <span class='ocrx_word' id='word_1_593' title='bbox 1362 3903 1568 3968; x_wconf 82' lang='lat' dir='ltr'>eorpiirislesu</span> <span class='ocrx_word' id='word_1_594' title='bbox 1585 3903 1697 3957; x_wconf 87' lang='lat' dir='ltr'>Christi.</span> <span class='ocrx_word' id='word_1_595' title='bbox 1718 3904 1772 3958; x_wconf 86' lang='lat' dir='ltr'>Sed</span> <span class='ocrx_word' id='word_1_596' title='bbox 1790 3920 1854 3958; x_wconf 88' lang='lat' dir='ltr'>cirin</span> <span class='ocrx_word' id='word_1_597' title='bbox 1868 3905 1926 3957; x_wconf 88' lang='lat' dir='ltr'>siri-</span> 
     </span>
     <span class='ocr_line' id='line_1_56' title="bbox 184 3969 1926 4045; baseline 0.002 -20"><span class='ocrx_word' id='word_1_598' title='bbox 184 3976 212 4026; x_wconf 90' lang='lat' dir='ltr'>et</span> <span class='ocrx_word' id='word_1_599' title='bbox 226 3969 388 4025; x_wconf 84' lang='lat' dir='ltr'>differentia</span> <span class='ocrx_word' id='word_1_600' title='bbox 411 3975 651 4041; x_wconf 83' lang='lat' dir='ltr'>coagmentatum,</span> <span class='ocrx_word' id='word_1_601' title='bbox 676 3971 723 4025; x_wconf 89' lang='lat' dir='ltr'>sed</span> <span class='ocrx_word' id='word_1_602' title='bbox 748 3973 929 4028; x_wconf 87' lang='lat' dir='ltr'>solummodo</span> <span class='ocrx_word' id='word_1_603' title='bbox 944 3991 1030 4045; x_wconf 90' lang='lat' dir='ltr'>appa·</span> <span class='ocrx_word' id='word_1_604' title='bbox 1083 3987 1145 4026; x_wconf 90' lang='lat' dir='ltr'>cere</span> <span class='ocrx_word' id='word_1_605' title='bbox 1171 3977 1352 4042; x_wconf 86' lang='lat' dir='ltr'>recognoscat</span> <span class='ocrx_word' id='word_1_606' title='bbox 1374 3974 1545 4028; x_wconf 82' lang='lat' dir='ltr'>llatramiins</span> <span class='ocrx_word' id='word_1_607' title='bbox 1572 3990 1671 4028; x_wconf 86' lang='lat' dir='ltr'>rerum</span> <span class='ocrx_word' id='word_1_608' title='bbox 1691 3989 1794 4040; x_wconf 87' lang='lat' dir='ltr'>corpus</span> <span class='ocrx_word' id='word_1_609' title='bbox 1823 3974 1926 4030; x_wconf 88' lang='lat' dir='ltr'>Christi</span> 
     </span>
     <span class='ocr_line' id='line_1_57' title="bbox 184 4040 1927 4113; baseline 0.001 -17"><span class='ocrx_word' id='word_1_610' title='bbox 184 4042 319 4103; x_wconf 81' lang='lat' dir='ltr'>ritiouem</span> <span class='ocrx_word' id='word_1_611' title='bbox 338 4045 366 4096; x_wconf 85' lang='lat' dir='ltr'>et</span> <span class='ocrx_word' id='word_1_612' title='bbox 385 4040 543 4112; x_wconf 85' lang='lat' dir='ltr'>imaginem</span> <span class='ocrx_word' id='word_1_613' title='bbox 566 4057 729 4113; x_wconf 84' lang='lat' dir='ltr'>expressam</span> <span class='ocrx_word' id='word_1_614' title='bbox 752 4044 882 4099; x_wconf 87' lang='lat' dir='ltr'>sensibus</span> <span class='ocrx_word' id='word_1_615' title='bbox 896 4043 1029 4099; x_wconf 90' lang='lat' dir='ltr'>humanis</span> <span class='ocrx_word' id='word_1_616' title='bbox 1083 4058 1181 4096; x_wconf 81' lang='lat' dir='ltr'>revera</span> <span class='ocrx_word' id='word_1_617' title='bbox 1201 4042 1355 4096; x_wconf 88' lang='lat' dir='ltr'>consistere</span> <span class='ocrx_word' id='word_1_618' title='bbox 1389 4060 1438 4096; x_wconf 91' lang='lat' dir='ltr'>seu</span> <span class='ocrx_word' id='word_1_619' title='bbox 1476 4046 1698 4113; x_wconf 83' lang='lat' dir='ltr'>permanerem</span> <span class='ocrx_word' id='word_1_620' title='bbox 1733 4045 1927 4112; x_wconf 88' lang='lat' dir='ltr'>Eucharistia;</span> 
     </span>
    </p>
   </div>
   <div class='ocr_carea' id='block_1_9' title="bbox 184 4110 1928 4235">
    <p class='ocr_par' dir='ltr' id='par_1_11' title="bbox 184 4110 1928 4235">
     <span class='ocr_line' id='line_1_58' title="bbox 184 4110 1928 4235; baseline 0.002 -68"><span class='ocrx_word' id='word_1_621' title='bbox 184 4113 360 4183; x_wconf 88' lang='lat' dir='ltr'>subjeetem;</span> <span class='ocrx_word' id='word_1_622' title='bbox 377 4110 435 4165; x_wconf 86' lang='lat' dir='ltr'>sive</span> <span class='ocrx_word' id='word_1_623' title='bbox 451 4110 607 4165; x_wconf 88' lang='lat' dir='ltr'>accidentia</span> <span class='ocrx_word' id='word_1_624' title='bbox 632 4112 762 4167; x_wconf 89' lang='lat' dir='ltr'>sensibus</span> <span class='ocrx_word' id='word_1_625' title='bbox 783 4120 908 4186; x_wconf 89' lang='lat' dir='ltr'>accepta,</span> <span class='ocrx_word' id='word_1_626' title='bbox 926 4117 1028 4187; x_wconf 87' lang='lat' dir='ltr'>utjnm</span> <span class='ocrx_word' id='word_1_627' title='bbox 1083 4128 1203 4235; x_wconf 75' lang='lat' dir='ltr'>eamque</span> <span class='ocrx_word' id='word_1_628' title='bbox 1223 4117 1432 4167; x_wconf 90' lang='lat' dir='ltr'>sacramentum</span> <span class='ocrx_word' id='word_1_629' title='bbox 1452 4130 1512 4167; x_wconf 85' lang='lat' dir='ltr'>esse</span> <span class='ocrx_word' id='word_1_630' title='bbox 1532 4131 1606 4169; x_wconf 75' lang='lat' dir='ltr'>verae</span> <span class='ocrx_word' id='word_1_631' title='bbox 1626 4115 1728 4178; x_wconf 91' lang='lat' dir='ltr'>carnis,</span> <span class='ocrx_word' id='word_1_632' title='bbox 1751 4116 1860 4170; x_wconf 89' lang='lat' dir='ltr'>scilicet</span> <span class='ocrx_word' id='word_1_633' title='bbox 1880 4132 1928 4186; x_wconf 88' lang='lat' dir='ltr'>pa-</span> 
     </span>
    </p>
   </div>
   <div class='ocr_carea' id='block_1_10' title="bbox 184 4183 1934 5598">
    <p class='ocr_par' dir='ltr' id='par_1_12' title="bbox 184 4183 1934 5598">
     <span class='ocr_line' id='line_1_59' title="bbox 184 4183 1928 4257; baseline 0.001 -18"><span class='ocrx_word' id='word_1_634' title='bbox 184 4183 364 4239; x_wconf 87' lang='lat' dir='ltr'>observatum</span> <span class='ocrx_word' id='word_1_635' title='bbox 379 4186 421 4236; x_wconf 91' lang='lat' dir='ltr'>est</span> <span class='ocrx_word' id='word_1_636' title='bbox 435 4197 556 4236; x_wconf 90' lang='lat' dir='ltr'>numero</span> <span class='ocrx_word' id='word_1_637' title='bbox 572 4184 614 4237; x_wconf 70' lang='lat' dir='ltr'>li.</span> <span class='ocrx_word' id='word_1_638' title='bbox 1083 4184 1143 4252; x_wconf 90' lang='lat' dir='ltr'>ropi</span> <span class='ocrx_word' id='word_1_639' title='bbox 1165 4199 1210 4237; x_wconf 89' lang='lat' dir='ltr'>em</span> <span class='ocrx_word' id='word_1_640' title='bbox 1230 4199 1287 4253; x_wconf 90' lang='lat' dir='ltr'>qua</span> <span class='ocrx_word' id='word_1_641' title='bbox 1308 4183 1494 4254; x_wconf 75' lang='lat' dir='ltr'>praecingitur</span> <span class='ocrx_word' id='word_1_642' title='bbox 1516 4192 1544 4238; x_wconf 93' lang='lat' dir='ltr'>et</span> <span class='ocrx_word' id='word_1_643' title='bbox 1562 4186 1711 4250; x_wconf 89' lang='lat' dir='ltr'>occulitur,</span> <span class='ocrx_word' id='word_1_644' title='bbox 1735 4187 1928 4257; x_wconf 89' lang='lat' dir='ltr'>quianullum</span> 
     </span>
     <span class='ocr_line' id='line_1_60' title="bbox 220 4239 1927 4333; baseline 0.002 -26"><span class='ocrx_word' id='word_1_645' title='bbox 220 4253 296 4308; x_wconf 74' lang='lat' dir='ltr'>isin</span> <span class='ocrx_word' id='word_1_646' title='bbox 317 4256 401 4307; x_wconf 90' lang='lat' dir='ltr'>totum</span> <span class='ocrx_word' id='word_1_647' title='bbox 419 4252 604 4333; x_wconf 76' lang='lat' dir='ltr'>spiritualiter</span> <span class='ocrx_word' id='word_1_648' title='bbox 624 4255 732 4308; x_wconf 84' lang='lat' dir='ltr'>sentire.</span> <span class='ocrx_word' id='word_1_649' title='bbox 749 4254 861 4310; x_wconf 83' lang='lat' dir='ltr'>Scilicet</span> <span class='ocrx_word' id='word_1_650' title='bbox 885 4256 961 4325; x_wconf 91' lang='lat' dir='ltr'>qnod</span> <span class='ocrx_word' id='word_1_651' title='bbox 977 4239 1063 4309; x_wconf 74' lang='grc' dir='ltr'><strong>[ιο-Ι)</strong></span> <span class='ocrx_word' id='word_1_652' title='bbox 1084 4260 1127 4306; x_wconf 90' lang='lat' dir='ltr'>est</span> <span class='ocrx_word' id='word_1_653' title='bbox 1148 4254 1315 4324; x_wconf 75' lang='lat' dir='ltr'>mysterium</span> <span class='ocrx_word' id='word_1_654' title='bbox 1340 4255 1389 4309; x_wconf 90' lang='lat' dir='ltr'>ubi</span> <span class='ocrx_word' id='word_1_655' title='bbox 1414 4256 1486 4310; x_wconf 90' lang='lat' dir='ltr'>niliil</span> <span class='ocrx_word' id='word_1_656' title='bbox 1515 4258 1703 4323; x_wconf 89' lang='lat' dir='ltr'>reconditum,</span> <span class='ocrx_word' id='word_1_657' title='bbox 1728 4265 1843 4328; x_wconf 91' lang='lat' dir='ltr'>oportet</span> <span class='ocrx_word' id='word_1_658' title='bbox 1864 4274 1927 4311; x_wconf 90' lang='lat' dir='ltr'>enm</span> 
     </span>
     <span class='ocr_line' id='line_1_61' title="bbox 185 4323 1927 4396; baseline 0.001 -18"><span class='ocrx_word' id='word_1_659' title='bbox 185 4323 278 4378; x_wconf 90' lang='lat' dir='ltr'>bisin</span> <span class='ocrx_word' id='word_1_660' title='bbox 305 4324 489 4377; x_wconf 72' lang='lat' dir='ltr'>Eucharistiae</span> <span class='ocrx_word' id='word_1_661' title='bbox 513 4323 648 4393; x_wconf 88' lang='lat' dir='ltr'>mysterio</span> <span class='ocrx_word' id='word_1_662' title='bbox 672 4325 841 4395; x_wconf 84' lang='lat' dir='ltr'>porrigitur.</span> <span class='ocrx_word' id='word_1_663' title='bbox 865 4327 930 4381; x_wconf 84' lang='lat' dir='ltr'>llaec</span> <span class='ocrx_word' id='word_1_664' title='bbox 952 4326 1029 4380; x_wconf 91' lang='lat' dir='ltr'>enirn</span> <span class='ocrx_word' id='word_1_665' title='bbox 1084 4323 1246 4393; x_wconf 86' lang='lat' dir='ltr'>intelligere</span> <span class='ocrx_word' id='word_1_666' title='bbox 1260 4340 1295 4379; x_wconf 83' lang='lat' dir='ltr'>ex</span> <span class='ocrx_word' id='word_1_667' title='bbox 1306 4325 1359 4379; x_wconf 90' lang='lat' dir='ltr'>hoe</span> <span class='ocrx_word' id='word_1_668' title='bbox 1372 4326 1506 4379; x_wconf 76' lang='lat' dir='ltr'>adverbio</span> <span class='ocrx_word' id='word_1_669' title='bbox 1522 4328 1698 4396; x_wconf 86' lang='lat' dir='ltr'>corporaliter</span> <span class='ocrx_word' id='word_1_670' title='bbox 1713 4330 1832 4381; x_wconf 86' lang='lat' dir='ltr'>modurn</span> <span class='ocrx_word' id='word_1_671' title='bbox 1848 4334 1927 4382; x_wconf 90' lang='lat' dir='ltr'>riatu-</span> 
     </span>
     <span class='ocr_line' id='line_1_62' title="bbox 186 4393 1928 4468; baseline 0.002 -20"><span class='ocrx_word' id='word_1_672' title='bbox 186 4409 244 4448; x_wconf 91' lang='lat' dir='ltr'>non</span> <span class='ocrx_word' id='word_1_673' title='bbox 257 4393 420 4464; x_wconf 81' lang='lat' dir='ltr'>significant</span> <span class='ocrx_word' id='word_1_674' title='bbox 434 4395 527 4449; x_wconf 91' lang='lat' dir='ltr'>solam</span> <span class='ocrx_word' id='word_1_675' title='bbox 547 4410 607 4448; x_wconf 90' lang='lat' dir='ltr'>esse</span> <span class='ocrx_word' id='word_1_676' title='bbox 628 4395 753 4465; x_wconf 86' lang='lat' dir='ltr'>liguram</span> <span class='ocrx_word' id='word_1_677' title='bbox 768 4400 796 4450; x_wconf 90' lang='lat' dir='ltr'>et</span> <span class='ocrx_word' id='word_1_678' title='bbox 811 4395 944 4468; x_wconf 89' lang='lat' dir='ltr'>spiritum</span> <span class='ocrx_word' id='word_1_679' title='bbox 956 4397 984 4451; x_wconf 92' lang='lat' dir='ltr'>in</span> <span class='ocrx_word' id='word_1_680' title='bbox 996 4397 1031 4451; x_wconf 93' lang='lat' dir='ltr'>iis</span> <span class='ocrx_word' id='word_1_681' title='bbox 1084 4395 1174 4448; x_wconf 87' lang='lat' dir='ltr'>ratem</span> <span class='ocrx_word' id='word_1_682' title='bbox 1185 4400 1404 4450; x_wconf 89' lang='lat' dir='ltr'>eteommunem</span> <span class='ocrx_word' id='word_1_683' title='bbox 1414 4397 1699 4463; x_wconf 84' lang='lat' dir='ltr'>existendioniiiium,</span> <span class='ocrx_word' id='word_1_684' title='bbox 1712 4399 1791 4452; x_wconf 89' lang='lat' dir='ltr'>nullo</span> <span class='ocrx_word' id='word_1_685' title='bbox 1802 4399 1928 4465; x_wconf 88' lang='lat' dir='ltr'>dempto,</span> 
     </span>
     <span class='ocr_line' id='line_1_63' title="bbox 186 4464 1928 4538; baseline 0.002 -20"><span class='ocrx_word' id='word_1_686' title='bbox 186 4481 251 4535; x_wconf 82' lang='lat' dir='ltr'>quae</span> <span class='ocrx_word' id='word_1_687' title='bbox 267 4464 432 4535; x_wconf 87' lang='lat' dir='ltr'>recipimus,</span> <span class='ocrx_word' id='word_1_688' title='bbox 456 4465 514 4519; x_wconf 81' lang='lat' dir='ltr'>sire</span> <span class='ocrx_word' id='word_1_689' title='bbox 546 4480 664 4535; x_wconf 90' lang='lat' dir='ltr'>corpore</span> <span class='ocrx_word' id='word_1_690' title='bbox 692 4465 805 4533; x_wconf 79' lang='lat' dir='ltr'>Christi,</span> <span class='ocrx_word' id='word_1_691' title='bbox 839 4467 887 4521; x_wconf 88' lang='lat' dir='ltr'>sed</span> <span class='ocrx_word' id='word_1_692' title='bbox 914 4473 1032 4522; x_wconf 86' lang='lat' dir='ltr'>econtra</span> <span class='ocrx_word' id='word_1_693' title='bbox 1085 4480 1248 4535; x_wconf 89' lang='lat' dir='ltr'>corporum,</span> <span class='ocrx_word' id='word_1_694' title='bbox 1262 4465 1290 4520; x_wconf 89' lang='lat' dir='ltr'>id</span> <span class='ocrx_word' id='word_1_695' title='bbox 1311 4473 1354 4520; x_wconf 89' lang='lat' dir='ltr'>est</span> <span class='ocrx_word' id='word_1_696' title='bbox 1368 4469 1498 4522; x_wconf 86' lang='lat' dir='ltr'>sensibus</span> <span class='ocrx_word' id='word_1_697' title='bbox 1511 4469 1705 4538; x_wconf 87' lang='lat' dir='ltr'>subjectorum</span> <span class='ocrx_word' id='word_1_698' title='bbox 1724 4476 1751 4522; x_wconf 93' lang='lat' dir='ltr'>et</span> <span class='ocrx_word' id='word_1_699' title='bbox 1772 4469 1928 4524; x_wconf 81' lang='lat' dir='ltr'>iriatiil&#39;iiim</span> 
     </span>
     <span class='ocr_line' id='line_1_64' title="bbox 185 4534 1930 4611; baseline 0.003 -23"><span class='ocrx_word' id='word_1_700' title='bbox 185 4551 285 4589; x_wconf 88' lang='lat' dir='ltr'>verum</span> <span class='ocrx_word' id='word_1_701' title='bbox 299 4534 405 4590; x_wconf 85' lang='lat' dir='ltr'>Christi</span> <span class='ocrx_word' id='word_1_702' title='bbox 422 4535 536 4590; x_wconf 86' lang='lat' dir='ltr'>Domini</span> <span class='ocrx_word' id='word_1_703' title='bbox 550 4553 653 4607; x_wconf 91' lang='lat' dir='ltr'>corpus</span> <span class='ocrx_word' id='word_1_704' title='bbox 667 4536 750 4592; x_wconf 90' lang='lat' dir='ltr'>nobis</span> <span class='ocrx_word' id='word_1_705' title='bbox 764 4536 872 4609; x_wconf 87' lang='lat' dir='ltr'>porrigi</span> <span class='ocrx_word' id='word_1_706' title='bbox 886 4541 912 4591; x_wconf 89' lang='lat' dir='ltr'>et</span> <span class='ocrx_word' id='word_1_707' title='bbox 929 4538 1030 4592; x_wconf 89' lang='lat' dir='ltr'>admo·</span> <span class='ocrx_word' id='word_1_708' title='bbox 1084 4551 1149 4604; x_wconf 79' lang='lat' dir='ltr'>quae</span> <span class='ocrx_word' id='word_1_709' title='bbox 1165 4542 1285 4603; x_wconf 90' lang='lat' dir='ltr'>possunt</span> <span class='ocrx_word' id='word_1_710' title='bbox 1307 4538 1449 4592; x_wconf 82' lang='lat' dir='ltr'>frustatim</span> <span class='ocrx_word' id='word_1_711' title='bbox 1469 4538 1601 4610; x_wconf 89' lang='lat' dir='ltr'>discerpi.</span> <span class='ocrx_word' id='word_1_712' title='bbox 1627 4540 1683 4593; x_wconf 92' lang='lat' dir='ltr'>lloc</span> <span class='ocrx_word' id='word_1_713' title='bbox 1699 4555 1790 4609; x_wconf 84' lang='lat' dir='ltr'>geniis</span> <span class='ocrx_word' id='word_1_714' title='bbox 1805 4541 1930 4611; x_wconf 84' lang='lat' dir='ltr'>coi-poris</span> 
     </span>
     <span class='ocr_line' id='line_1_65' title="bbox 185 4606 1929 4679; baseline 0.002 -19"><span class='ocrx_word' id='word_1_715' title='bbox 185 4606 245 4661; x_wconf 87' lang='lat' dir='ltr'>reri</span> <span class='ocrx_word' id='word_1_716' title='bbox 259 4621 323 4660; x_wconf 91' lang='lat' dir='ltr'>cum</span> <span class='ocrx_word' id='word_1_717' title='bbox 340 4622 391 4660; x_wconf 90' lang='lat' dir='ltr'>sno</span> <span class='ocrx_word' id='word_1_718' title='bbox 407 4607 557 4677; x_wconf 83' lang='lat' dir='ltr'>sangiune,</span> <span class='ocrx_word' id='word_1_719' title='bbox 572 4607 657 4663; x_wconf 92' lang='lat' dir='ltr'>modo</span> <span class='ocrx_word' id='word_1_720' title='bbox 673 4607 802 4663; x_wconf 88' lang='lat' dir='ltr'>sensibus</span> <span class='ocrx_word' id='word_1_721' title='bbox 816 4624 875 4662; x_wconf 93' lang='lat' dir='ltr'>non</span> <span class='ocrx_word' id='word_1_722' title='bbox 890 4608 1030 4678; x_wconf 88' lang='lat' dir='ltr'>subjecto,</span> <span class='ocrx_word' id='word_1_723' title='bbox 1083 4606 1150 4660; x_wconf 85' lang='lat' dir='ltr'>iesu</span> <span class='ocrx_word' id='word_1_724' title='bbox 1165 4607 1270 4662; x_wconf 88' lang='lat' dir='ltr'>Christi</span> <span class='ocrx_word' id='word_1_725' title='bbox 1288 4625 1391 4678; x_wconf 88' lang='lat' dir='ltr'>corpus</span> <span class='ocrx_word' id='word_1_726' title='bbox 1412 4609 1561 4677; x_wconf 89' lang='lat' dir='ltr'>spirituale</span> <span class='ocrx_word' id='word_1_727' title='bbox 1578 4610 1701 4679; x_wconf 87' lang='lat' dir='ltr'>appellat</span> <span class='ocrx_word' id='word_1_728' title='bbox 1717 4610 1885 4665; x_wconf 83' lang='lat' dir='ltr'>Paschasius</span> <span class='ocrx_word' id='word_1_729' title='bbox 1903 4610 1929 4665; x_wconf 89' lang='lat' dir='ltr'>in</span> 
     </span>
     <span class='ocr_line' id='line_1_66' title="bbox 186 4676 1931 4751; baseline 0.002 -21"><span class='ocrx_word' id='word_1_730' title='bbox 186 4676 234 4731; x_wconf 79' lang='lat' dir='ltr'>sed</span> <span class='ocrx_word' id='word_1_731' title='bbox 249 4676 400 4748; x_wconf 87' lang='lat' dir='ltr'>spirituali.</span> <span class='ocrx_word' id='word_1_732' title='bbox 423 4677 500 4732; x_wconf 87' lang='lat' dir='ltr'>llens</span> <span class='ocrx_word' id='word_1_733' title='bbox 524 4677 601 4732; x_wconf 89' lang='lat' dir='ltr'>euim</span> <span class='ocrx_word' id='word_1_734' title='bbox 618 4678 835 4732; x_wconf 83' lang='lat' dir='ltr'>Retramninon</span> <span class='ocrx_word' id='word_1_735' title='bbox 851 4678 1031 4749; x_wconf 88' lang='lat' dir='ltr'>estprobare</span> <span class='ocrx_word' id='word_1_736' title='bbox 1085 4678 1206 4747; x_wconf 88' lang='lat' dir='ltr'>epistola</span> <span class='ocrx_word' id='word_1_737' title='bbox 1231 4678 1266 4733; x_wconf 90' lang='lat' dir='ltr'>ad</span> <span class='ocrx_word' id='word_1_738' title='bbox 1293 4679 1510 4749; x_wconf 81' lang='lat' dir='ltr'>Frudgardum3</span> <span class='ocrx_word' id='word_1_739' title='bbox 1537 4685 1565 4734; x_wconf 91' lang='lat' dir='ltr'>et</span> <span class='ocrx_word' id='word_1_740' title='bbox 1588 4680 1762 4734; x_wconf 87' lang='lat' dir='ltr'>llatramuus</span> <span class='ocrx_word' id='word_1_741' title='bbox 1788 4682 1931 4751; x_wconf 87' lang='lat' dir='ltr'>conceptis</span> 
     </span>
     <span class='ocr_line' id='line_1_67' title="bbox 186 4746 1931 4820; baseline 0.002 -19"><span class='ocrx_word' id='word_1_742' title='bbox 186 4746 278 4801; x_wconf 91' lang='lat' dir='ltr'>solam</span> <span class='ocrx_word' id='word_1_743' title='bbox 297 4764 357 4801; x_wconf 89' lang='lat' dir='ltr'>esse</span> <span class='ocrx_word' id='word_1_744' title='bbox 380 4748 502 4816; x_wconf 83' lang='lat' dir='ltr'>figuram</span> <span class='ocrx_word' id='word_1_745' title='bbox 524 4747 554 4803; x_wconf 92' lang='lat' dir='ltr'>iu</span> <span class='ocrx_word' id='word_1_746' title='bbox 576 4756 762 4815; x_wconf 87' lang='lat' dir='ltr'>sacramento,</span> <span class='ocrx_word' id='word_1_747' title='bbox 788 4749 836 4803; x_wconf 90' lang='lat' dir='ltr'>sed</span> <span class='ocrx_word' id='word_1_748' title='bbox 862 4749 987 4819; x_wconf 87' lang='lat' dir='ltr'>aliquam</span> <span class='ocrx_word' id='word_1_749' title='bbox 1003 4754 1031 4803; x_wconf 92' lang='lat' dir='ltr'>et</span> <span class='ocrx_word' id='word_1_750' title='bbox 1084 4748 1177 4801; x_wconf 89' lang='lat' dir='ltr'>verbis</span> <span class='ocrx_word' id='word_1_751' title='bbox 1192 4753 1219 4802; x_wconf 89' lang='lat' dir='ltr'>et</span> <span class='ocrx_word' id='word_1_752' title='bbox 1233 4765 1364 4819; x_wconf 84' lang='lat' dir='ltr'>expresse.</span> <span class='ocrx_word' id='word_1_753' title='bbox 1380 4750 1420 4804; x_wconf 90' lang='lat' dir='ltr'>ait</span> <span class='ocrx_word' id='word_1_754' title='bbox 1439 4767 1544 4820; x_wconf 88' lang='lat' dir='ltr'>corpus</span> <span class='ocrx_word' id='word_1_755' title='bbox 1561 4756 1590 4804; x_wconf 91' lang='lat' dir='ltr'>et</span> <span class='ocrx_word' id='word_1_756' title='bbox 1605 4753 1773 4820; x_wconf 81' lang='lat' dir='ltr'>sauguinem</span> <span class='ocrx_word' id='word_1_757' title='bbox 1799 4751 1931 4806; x_wconf 84' lang='lat' dir='ltr'>Euchari-</span> 
     </span>
     <span class='ocr_line' id='line_1_68' title="bbox 185 4817 1931 4901; baseline 0.002 -29"><span class='ocrx_word' id='word_1_758' title='bbox 185 4818 373 4890; x_wconf 90' lang='lat' dir='ltr'>aliquantam.</span> <span class='ocrx_word' id='word_1_759' title='bbox 397 4819 487 4884; x_wconf 86' lang='lat' dir='ltr'>Quam</span> <span class='ocrx_word' id='word_1_760' title='bbox 505 4821 674 4874; x_wconf 89' lang='lat' dir='ltr'>sententiam</span> <span class='ocrx_word' id='word_1_761' title='bbox 692 4820 839 4901; x_wconf 86' lang='lat' dir='ltr'>amplexus</span> <span class='ocrx_word' id='word_1_762' title='bbox 858 4820 1032 4874; x_wconf 86' lang='lat' dir='ltr'>estPaseha-</span> <span class='ocrx_word' id='word_1_763' title='bbox 1084 4817 1186 4873; x_wconf 91' lang='lat' dir='ltr'>sticum</span> <span class='ocrx_word' id='word_1_764' title='bbox 1216 4821 1373 4874; x_wconf 89' lang='lat' dir='ltr'>secundum</span> <span class='ocrx_word' id='word_1_765' title='bbox 1406 4821 1529 4889; x_wconf 87' lang='lat' dir='ltr'>speciem</span> <span class='ocrx_word' id='word_1_766' title='bbox 1555 4826 1583 4876; x_wconf 90' lang='lat' dir='ltr'>ct</span> <span class='ocrx_word' id='word_1_767' title='bbox 1608 4821 1818 4892; x_wconf 89' lang='lat' dir='ltr'>apparitionem</span> <span class='ocrx_word' id='word_1_768' title='bbox 1847 4830 1931 4892; x_wconf 87' lang='lat' dir='ltr'>atque</span> 
     </span>
     <span class='ocr_line' id='line_1_69' title="bbox 186 4889 1930 4961; baseline 0.002 -18"><span class='ocrx_word' id='word_1_769' title='bbox 186 4889 255 4956; x_wconf 90' lang='lat' dir='ltr'>sius,</span> <span class='ocrx_word' id='word_1_770' title='bbox 284 4905 371 4961; x_wconf 89' lang='lat' dir='ltr'>quein</span> <span class='ocrx_word' id='word_1_771' title='bbox 400 4906 484 4945; x_wconf 90' lang='lat' dir='ltr'>nemo</span> <span class='ocrx_word' id='word_1_772' title='bbox 516 4890 646 4944; x_wconf 90' lang='lat' dir='ltr'>eruditus</span> <span class='ocrx_word' id='word_1_773' title='bbox 669 4890 813 4944; x_wconf 89' lang='lat' dir='ltr'>inliciatur</span> <span class='ocrx_word' id='word_1_774' title='bbox 835 4889 906 4959; x_wconf 90' lang='lat' dir='ltr'>quin</span> <span class='ocrx_word' id='word_1_775' title='bbox 930 4906 1030 4944; x_wconf 84' lang='lat' dir='ltr'>rerum</span> <span class='ocrx_word' id='word_1_776' title='bbox 1084 4890 1172 4943; x_wconf 89' lang='lat' dir='ltr'>oculis</span> <span class='ocrx_word' id='word_1_777' title='bbox 1187 4890 1393 4960; x_wconf 89' lang='lat' dir='ltr'>subjectionem</span> <span class='ocrx_word' id='word_1_778' title='bbox 1410 4906 1472 4944; x_wconf 89' lang='lat' dir='ltr'>esse</span> <span class='ocrx_word' id='word_1_779' title='bbox 1489 4891 1605 4960; x_wconf 76' lang='lat' dir='ltr'>tigni-as,</span> <span class='ocrx_word' id='word_1_780' title='bbox 1624 4894 1671 4945; x_wconf 85' lang='lat' dir='ltr'>sed</span> <span class='ocrx_word' id='word_1_781' title='bbox 1688 4894 1846 4946; x_wconf 88' lang='lat' dir='ltr'>secondum</span> <span class='ocrx_word' id='word_1_782' title='bbox 1864 4894 1930 4947; x_wconf 85' lang='lat' dir='ltr'>snb·</span> 
     </span>
     <span class='ocr_line' id='line_1_70' title="bbox 186 4960 1931 5032; baseline 0.001 -16"><span class='ocrx_word' id='word_1_783' title='bbox 186 4960 291 5016; x_wconf 88' lang='lat' dir='ltr'>Christi</span> <span class='ocrx_word' id='word_1_784' title='bbox 309 4975 413 5032; x_wconf 90' lang='lat' dir='ltr'>corpas</span> <span class='ocrx_word' id='word_1_785' title='bbox 427 4961 457 5015; x_wconf 91' lang='lat' dir='ltr'>in</span> <span class='ocrx_word' id='word_1_786' title='bbox 480 4960 656 5015; x_wconf 89' lang='lat' dir='ltr'>Eucharistia</span> <span class='ocrx_word' id='word_1_787' title='bbox 670 4960 850 5014; x_wconf 89' lang='lat' dir='ltr'>reconditum</span> <span class='ocrx_word' id='word_1_788' title='bbox 867 4961 954 5014; x_wconf 88' lang='lat' dir='ltr'>latere</span> <span class='ocrx_word' id='word_1_789' title='bbox 969 4977 1029 5015; x_wconf 92' lang='lat' dir='ltr'>ere·</span> <span class='ocrx_word' id='word_1_790' title='bbox 1085 4960 1219 5014; x_wconf 91' lang='lat' dir='ltr'>stantiam</span> <span class='ocrx_word' id='word_1_791' title='bbox 1243 4960 1332 5015; x_wconf 91' lang='lat' dir='ltr'>oculis</span> <span class='ocrx_word' id='word_1_792' title='bbox 1355 4977 1413 5014; x_wconf 91' lang='lat' dir='ltr'>nou</span> <span class='ocrx_word' id='word_1_793' title='bbox 1437 4961 1604 5031; x_wconf 85' lang='lat' dir='ltr'>subjectam,</span> <span class='ocrx_word' id='word_1_794' title='bbox 1630 4963 1746 5028; x_wconf 88' lang='lat' dir='ltr'>scilicet,</span> <span class='ocrx_word' id='word_1_795' title='bbox 1773 4965 1931 5032; x_wconf 81' lang='lat' dir='ltr'>potentiam</span> 
     </span>
     <span class='ocr_line' id='line_1_71' title="bbox 185 5030 1933 5106; baseline 0.002 -21"><span class='ocrx_word' id='word_1_796' title='bbox 185 5031 289 5086; x_wconf 88' lang='lat' dir='ltr'>diderit</span> <span class='ocrx_word' id='word_1_797' title='bbox 303 5046 368 5086; x_wconf 91' lang='lat' dir='ltr'>cum</span> <span class='ocrx_word' id='word_1_798' title='bbox 384 5031 517 5086; x_wconf 80' lang='lat' dir='ltr'>universa</span> <span class='ocrx_word' id='word_1_799' title='bbox 534 5031 664 5097; x_wconf 81' lang='lat' dir='ltr'>Ecclesia,</span> <span class='ocrx_word' id='word_1_800' title='bbox 682 5037 712 5084; x_wconf 92' lang='lat' dir='ltr'>nt</span> <span class='ocrx_word' id='word_1_801' title='bbox 732 5046 819 5100; x_wconf 90' lang='lat' dir='ltr'>snpra</span> <span class='ocrx_word' id='word_1_802' title='bbox 833 5032 1028 5086; x_wconf 87' lang='lat' dir='ltr'>ostendimus:</span> <span class='ocrx_word' id='word_1_803' title='bbox 1085 5030 1167 5085; x_wconf 84' lang='lat' dir='ltr'>Verbi</span> <span class='ocrx_word' id='word_1_804' title='bbox 1183 5047 1244 5085; x_wconf 86' lang='lat' dir='ltr'>esse</span> <span class='ocrx_word' id='word_1_805' title='bbox 1263 5047 1328 5086; x_wconf 81' lang='lat' dir='ltr'>vere</span> <span class='ocrx_word' id='word_1_806' title='bbox 1347 5047 1449 5099; x_wconf 90' lang='lat' dir='ltr'>corpus</span> <span class='ocrx_word' id='word_1_807' title='bbox 1460 5040 1487 5086; x_wconf 91' lang='lat' dir='ltr'>et</span> <span class='ocrx_word' id='word_1_808' title='bbox 1502 5033 1671 5102; x_wconf 89' lang='lat' dir='ltr'>sanguinem</span> <span class='ocrx_word' id='word_1_809' title='bbox 1688 5033 1802 5088; x_wconf 91' lang='lat' dir='ltr'>Christi.</span> <span class='ocrx_word' id='word_1_810' title='bbox 1822 5035 1933 5106; x_wconf 76' lang='lat' dir='ltr'>Figura</span> 
     </span>
     <span class='ocr_line' id='line_1_72' title="bbox 186 5100 1933 5173; baseline 0.002 -18"><span class='ocrx_word' id='word_1_811' title='bbox 186 5102 294 5173; x_wconf 89' lang='lat' dir='ltr'>qnippe</span> <span class='ocrx_word' id='word_1_812' title='bbox 313 5117 379 5157; x_wconf 89' lang='lat' dir='ltr'>cum</span> <span class='ocrx_word' id='word_1_813' title='bbox 401 5103 502 5156; x_wconf 91' lang='lat' dir='ltr'>eadem</span> <span class='ocrx_word' id='word_1_814' title='bbox 525 5101 638 5156; x_wconf 90' lang='lat' dir='ltr'>dicendi</span> <span class='ocrx_word' id='word_1_815' title='bbox 656 5100 748 5154; x_wconf 85' lang='lat' dir='ltr'>forma</span> <span class='ocrx_word' id='word_1_816' title='bbox 765 5100 806 5155; x_wconf 89' lang='lat' dir='ltr'>uti</span> <span class='ocrx_word' id='word_1_817' title='bbox 827 5117 884 5156; x_wconf 91' lang='lat' dir='ltr'>non</span> <span class='ocrx_word' id='word_1_818' title='bbox 899 5101 1030 5157; x_wconf 87' lang='lat' dir='ltr'>abnuerit</span> <span class='ocrx_word' id='word_1_819' title='bbox 1083 5107 1157 5162; x_wconf 83' lang='lat' dir='ltr'>suat,</span> <span class='ocrx_word' id='word_1_820' title='bbox 1173 5101 1277 5169; x_wconf 84' lang='lat' dir='ltr'>inquit,</span> <span class='ocrx_word' id='word_1_821' title='bbox 1298 5102 1442 5156; x_wconf 86' lang='lat' dir='ltr'>secundum</span> <span class='ocrx_word' id='word_1_822' title='bbox 1464 5106 1577 5170; x_wconf 83' lang='lat' dir='ltr'>speciem</span> <span class='ocrx_word' id='word_1_823' title='bbox 1591 5105 1734 5165; x_wconf 79' lang='lat' dir='ltr'>risibilem,</span> <span class='ocrx_word' id='word_1_824' title='bbox 1760 5111 1789 5157; x_wconf 89' lang='lat' dir='ltr'>at</span> <span class='ocrx_word' id='word_1_825' title='bbox 1809 5121 1873 5159; x_wconf 86' lang='lat' dir='ltr'>cero</span> <span class='ocrx_word' id='word_1_826' title='bbox 1892 5121 1933 5159; x_wconf 84' lang='lat' dir='ltr'>sc·</span> 
     </span>
     <span class='ocr_line' id='line_1_73' title="bbox 186 5170 1933 5245; baseline 0.002 -20"><span class='ocrx_word' id='word_1_827' title='bbox 186 5171 216 5225; x_wconf 91' lang='lat' dir='ltr'>in</span> <span class='ocrx_word' id='word_1_828' title='bbox 238 5174 357 5243; x_wconf 89' lang='lat' dir='ltr'>epistola</span> <span class='ocrx_word' id='word_1_829' title='bbox 380 5174 414 5226; x_wconf 91' lang='lat' dir='ltr'>ad</span> <span class='ocrx_word' id='word_1_830' title='bbox 441 5170 654 5242; x_wconf 81' lang='lat' dir='ltr'>Frudgardam:</span> <span class='ocrx_word' id='word_1_831' title='bbox 670 5170 710 5225; x_wconf 83' lang='lat' dir='ltr'>Et</span> <span class='ocrx_word' id='word_1_832' title='bbox 724 5175 808 5226; x_wconf 89' lang='lat' dir='ltr'>totum</span> <span class='ocrx_word' id='word_1_833' title='bbox 828 5174 972 5242; x_wconf 85' lang='lat' dir='ltr'>spirituale</span> <span class='ocrx_word' id='word_1_834' title='bbox 991 5177 1031 5228; x_wconf 87' lang='lat' dir='ltr'>eet</span> <span class='ocrx_word' id='word_1_835' title='bbox 1083 5172 1200 5225; x_wconf 85' lang='lat' dir='ltr'>cundum</span> <span class='ocrx_word' id='word_1_836' title='bbox 1212 5172 1576 5240; x_wconf 76' lang='lat' dir='ltr'>irruisibiteueubstaritiari,</span> <span class='ocrx_word' id='word_1_837' title='bbox 1588 5175 1667 5228; x_wconf 85' lang='lat' dir='ltr'>idest</span> <span class='ocrx_word' id='word_1_838' title='bbox 1682 5175 1771 5228; x_wconf 85' lang='lat' dir='ltr'>diuini</span> <span class='ocrx_word' id='word_1_839' title='bbox 1784 5179 1933 5245; x_wconf 77' lang='lat' dir='ltr'>paterniani</span> 
     </span>
     <span class='ocr_line' id='line_1_74' title="bbox 186 5242 1933 5313; baseline 0.002 -16"><span class='ocrx_word' id='word_1_840' title='bbox 186 5242 259 5312; x_wconf 80' lang='lat' dir='ltr'>quod</span> <span class='ocrx_word' id='word_1_841' title='bbox 272 5244 422 5298; x_wconf 86' lang='lat' dir='ltr'>celebratur</span> <span class='ocrx_word' id='word_1_842' title='bbox 432 5245 460 5298; x_wconf 84' lang='lat' dir='ltr'>iri</span> <span class='ocrx_word' id='word_1_843' title='bbox 472 5242 520 5296; x_wconf 88' lang='lat' dir='ltr'>liae</span> <span class='ocrx_word' id='word_1_844' title='bbox 533 5247 710 5297; x_wconf 81' lang='lat' dir='ltr'>sacramento.</span> <span class='ocrx_word' id='word_1_845' title='bbox 1087 5242 1177 5305; x_wconf 86' lang='lat' dir='ltr'>Verbi,</span> <span class='ocrx_word' id='word_1_846' title='bbox 1194 5256 1256 5297; x_wconf 88' lang='lat' dir='ltr'>vere</span> <span class='ocrx_word' id='word_1_847' title='bbox 1270 5257 1365 5311; x_wconf 89' lang='lat' dir='ltr'>corpus</span> <span class='ocrx_word' id='word_1_848' title='bbox 1386 5247 1411 5297; x_wconf 88' lang='lat' dir='ltr'>et</span> <span class='ocrx_word' id='word_1_849' title='bbox 1425 5247 1538 5313; x_wconf 79' lang='lat' dir='ltr'>sanguis</span> <span class='ocrx_word' id='word_1_850' title='bbox 1554 5247 1659 5299; x_wconf 77' lang='lat' dir='ltr'>t&#39;tristi&#39;</span> <span class='ocrx_word' id='word_1_851' title='bbox 1672 5251 1745 5299; x_wconf 81' lang='lat' dir='ltr'>aurit.</span> <span class='ocrx_word' id='word_1_852' title='bbox 1763 5245 1832 5309; x_wconf 84' lang='lat' dir='ltr'>Quis</span> <span class='ocrx_word' id='word_1_853' title='bbox 1852 5263 1933 5300; x_wconf 88' lang='lat' dir='ltr'>meri·</span> 
     </span>
     <span class='ocr_line' id='line_1_75' title="bbox 222 5311 1932 5385; baseline 0.001 -14"><span class='ocrx_word' id='word_1_854' title='bbox 222 5316 347 5384; x_wconf 67' lang='lat' dir='ltr'>scirpus</span> <span class='ocrx_word' id='word_1_855' title='bbox 370 5314 478 5367; x_wconf 81' lang='lat' dir='ltr'>Christi</span> <span class='ocrx_word' id='word_1_856' title='bbox 497 5316 545 5375; x_wconf 87' lang='lat' dir='ltr'>est,</span> <span class='ocrx_word' id='word_1_857' title='bbox 570 5312 618 5367; x_wconf 86' lang='lat' dir='ltr'>sed</span> <span class='ocrx_word' id='word_1_858' title='bbox 633 5327 686 5367; x_wconf 84' lang='lat' dir='ltr'>riou</span> <span class='ocrx_word' id='word_1_859' title='bbox 705 5314 900 5383; x_wconf 85' lang='lat' dir='ltr'>corporaliter;</span> <span class='ocrx_word' id='word_1_860' title='bbox 922 5318 949 5368; x_wconf 87' lang='lat' dir='ltr'>et</span> <span class='ocrx_word' id='word_1_861' title='bbox 966 5327 1030 5370; x_wconf 87' lang='lat' dir='ltr'>sari·</span> <span class='ocrx_word' id='word_1_862' title='bbox 1084 5311 1120 5365; x_wconf 88' lang='lat' dir='ltr'>tis</span> <span class='ocrx_word' id='word_1_863' title='bbox 1145 5327 1263 5382; x_wconf 89' lang='lat' dir='ltr'>compos</span> <span class='ocrx_word' id='word_1_864' title='bbox 1289 5313 1376 5366; x_wconf 88' lang='lat' dir='ltr'>homo</span> <span class='ocrx_word' id='word_1_865' title='bbox 1400 5328 1504 5382; x_wconf 89' lang='lat' dir='ltr'>negare</span> <span class='ocrx_word' id='word_1_866' title='bbox 1530 5321 1624 5385; x_wconf 90' lang='lat' dir='ltr'>potest</span> <span class='ocrx_word' id='word_1_867' title='bbox 1649 5332 1682 5368; x_wconf 84' lang='lat' dir='ltr'>eo</span> <span class='ocrx_word' id='word_1_868' title='bbox 1704 5316 1758 5369; x_wconf 84' lang='lat' dir='ltr'>loci</span> <span class='ocrx_word' id='word_1_869' title='bbox 1785 5332 1865 5371; x_wconf 92' lang='lat' dir='ltr'>num.</span> <span class='ocrx_word' id='word_1_870' title='bbox 1898 5319 1932 5372; x_wconf 74' lang='lat' dir='ltr'>ts</span> 
     </span>
     <span class='ocr_line' id='line_1_76' title="bbox 186 5382 1934 5460; baseline 0.003 -24"><span class='ocrx_word' id='word_1_871' title='bbox 186 5387 247 5451; x_wconf 78' lang='lat' dir='ltr'>guis</span> <span class='ocrx_word' id='word_1_872' title='bbox 263 5386 366 5441; x_wconf 61' lang='lat' dir='ltr'>citrini</span> <span class='ocrx_word' id='word_1_873' title='bbox 380 5388 429 5446; x_wconf 88' lang='lat' dir='ltr'>est,</span> <span class='ocrx_word' id='word_1_874' title='bbox 449 5382 497 5437; x_wconf 86' lang='lat' dir='ltr'>sed</span> <span class='ocrx_word' id='word_1_875' title='bbox 513 5399 567 5437; x_wconf 86' lang='lat' dir='ltr'>aaa</span> <span class='ocrx_word' id='word_1_876' title='bbox 588 5383 776 5452; x_wconf 82' lang='lat' dir='ltr'>corporaliter.</span> <span class='ocrx_word' id='word_1_877' title='bbox 800 5384 830 5438; x_wconf 93' lang='lat' dir='ltr'>ld</span> <span class='ocrx_word' id='word_1_878' title='bbox 847 5388 890 5438; x_wconf 88' lang='lat' dir='ltr'>est</span> <span class='ocrx_word' id='word_1_879' title='bbox 901 5384 1031 5440; x_wconf 89' lang='lat' dir='ltr'>sensibus</span> <span class='ocrx_word' id='word_1_880' title='bbox 1082 5382 1251 5437; x_wconf 82' lang='lat' dir='ltr'>vocabalum</span> <span class='ocrx_word' id='word_1_881' title='bbox 1266 5398 1327 5437; x_wconf 85' lang='lat' dir='ltr'>uere</span> <span class='ocrx_word' id='word_1_882' title='bbox 1350 5384 1512 5453; x_wconf 81' lang='lat' dir='ltr'>siguificare</span> <span class='ocrx_word' id='word_1_883' title='bbox 1531 5401 1635 5456; x_wconf 85' lang='lat' dir='ltr'>reapse,</span> <span class='ocrx_word' id='word_1_884' title='bbox 1651 5402 1755 5451; x_wconf 84' lang='lat' dir='ltr'>reuera,</span> <span class='ocrx_word' id='word_1_885' title='bbox 1776 5392 1853 5442; x_wconf 80' lang='lat' dir='ltr'>etex</span> <span class='ocrx_word' id='word_1_886' title='bbox 1871 5404 1934 5460; x_wconf 91' lang='lat' dir='ltr'>pro-</span> 
     </span>
     <span class='ocr_line' id='line_1_77' title="bbox 185 5452 1562 5580; baseline 0.001 -72"><span class='ocrx_word' id='word_1_887' title='bbox 185 5455 355 5526; x_wconf 83' lang='lat' dir='ltr'>subjectum,</span> <span class='ocrx_word' id='word_1_888' title='bbox 376 5454 462 5524; x_wconf 89' lang='lat' dir='ltr'>quod,</span> <span class='ocrx_word' id='word_1_889' title='bbox 478 5454 620 5508; x_wconf 78' lang='lat' dir='ltr'>frustatim</span> <span class='ocrx_word' id='word_1_890' title='bbox 634 5460 740 5580; x_wconf 62' lang='lat' dir='ltr'>(potest</span> <span class='ocrx_word' id='word_1_891' title='bbox 757 5453 879 5527; x_wconf 91' lang='lat' dir='ltr'>discerpi</span> <span class='ocrx_word' id='word_1_892' title='bbox 894 5459 922 5508; x_wconf 90' lang='lat' dir='ltr'>et</span> <span class='ocrx_word' id='word_1_893' title='bbox 936 5454 1030 5510; x_wconf 89' lang='lat' dir='ltr'>denti·</span> <span class='ocrx_word' id='word_1_894' title='bbox 1083 5452 1170 5523; x_wconf 78' lang='lat' dir='ltr'>lapse</span> <span class='ocrx_word' id='word_1_895' title='bbox 1179 5453 1340 5509; x_wconf 82' lang='lat' dir='ltr'>Latinitatis</span> <span class='ocrx_word' id='word_1_896' title='bbox 1356 5471 1408 5509; x_wconf 89' lang='lat' dir='ltr'>usii</span> <span class='ocrx_word' id='word_1_897' title='bbox 1423 5471 1562 5511; x_wconf 81' lang='lat' dir='ltr'>ueaiiren.</span> 
     </span>
     <span class='ocr_line' id='line_1_78' title="bbox 185 5524 1029 5598; baseline 0 -17"><span class='ocrx_word' id='word_1_898' title='bbox 185 5525 342 5581; x_wconf 88' lang='lat' dir='ltr'>husatteri.</span> <span class='ocrx_word' id='word_1_899' title='bbox 368 5525 593 5595; x_wconf 86' lang='lat' dir='ltr'>Explicationem</span> <span class='ocrx_word' id='word_1_900' title='bbox 616 5542 631 5580; x_wconf 87' lang='lat' dir='ltr'>a</span> <span class='ocrx_word' id='word_1_901' title='bbox 653 5524 767 5598; x_wconf 80' lang='lat' dir='ltr'>jicimus</span> <span class='ocrx_word' id='word_1_902' title='bbox 784 5526 926 5597; x_wconf 87' lang='lat' dir='ltr'>ejusmodi</span> <span class='ocrx_word' id='word_1_903' title='bbox 948 5526 1029 5581; x_wconf 85' lang='lat' dir='ltr'>selda</span> 
     </span>
    </p>
   </div>
   <div class='ocr_carea' id='block_1_11' title="bbox 0 0 1997 6098">
    <p class='ocr_par' dir='ltr' id='par_1_13' title="bbox 0 0 1997 6098">
     <span class='ocr_line' id='line_1_79' title="bbox 0 0 1997 6098; baseline 0 0"><span class='ocrx_word' id='word_1_904' title='bbox 0 0 1997 6098; x_wconf 95' lang='lat' dir='ltr'> </span> 
     </span>
    </p>
   </div>
  </div>
 </body>
</html>
