3930 6098
170 270 221 326 Μ
851 265 977 322 alvum
997 263 1240 322 CORDUBENSIS
1866 268 1920 322 428

172 421 221 460 rus
240 403 358 461 baculus
376 398 485 470 estqui
500 413 546 453 me
562 414 578 451 a
599 401 650 451 tuo
663 395 756 468 possit
778 396 916 468 obsequio
933 412 1014 468 sepa·
1034 397 1233 457 Atestimonie
1247 397 1270 451 si
1285 396 1366 468 cupis
1390 413 1551 468 concerpe:
1576 396 1655 460 mihi,
1670 402 1702 452 ut
1728 398 1824 466 eredo,
1848 400 1923 454 nihil

170 509 244 549 rare.
263 493 296 546 Et
310 505 362 560 ego
377 503 442 543 cum
457 502 491 542 eo
506 485 733 542 dieam:Nullus
749 485 909 541 temdurus
923 500 1017 540 sermo
1072 503 1174 542 eorum
1210 486 1436 557 interrogatione
1463 485 1597 558 infligens
1623 486 1730 554 damni,
1762 488 1831 558 qnia
1862 504 1923 544 non

148 563 150 569 .
171 598 231 638 esse
245 583 348 652 potest,
364 578 414 649 qui
439 593 517 632 mea
540 581 634 630 restra
657 575 804 642 charitate,
827 592 843 629 a
865 579 1017 646 vestraque
1072 576 1197 631 aliorum
1211 581 1312 630 eontra
1331 592 1377 630 me
1395 575 1546 630 dimicatus
1562 592 1592 629 es
1605 577 1702 641 ermis,
1713 592 1801 648 quarn
1818 592 1918 631 eornm

170 667 321 724 dulcedine
332 667 421 739 possit
436 666 625 736 disrumpere.
791 655 792 659 ἵ
1072 665 1177 737 quibus
1191 668 1370 737 expugnatus
1390 680 1419 718 es
1435 664 1510 719 telis.
1526 664 1560 718 Et
1576 664 1643 719 dium
1662 665 1731 718 mihi
1756 665 1921 726 testificent,

205 760 231 812 9.
249 759 288 812 lle
303 756 391 811 trium
403 772 469 810 vero
481 756 651 809 ancillarum
667 755 826 807 vestrarum
842 753 1013 824 migratione
1071 752 1181 823 tibique
1196 751 1311 819 iterum,
1328 757 1361 806 ut
1384 757 1478 823 putas,
1499 752 1668 823 suffragium
1692 758 1838 823 praestent,
1862 769 1921 807 non

170 862 204 901 ex
220 862 269 900 ore
279 844 371 916 patris
387 844 549 898 communis
559 842 656 898 audini
667 842 776 914 integre
787 858 794 896 :
806 841 895 898 Nolite
903 843 1016 896 contris·
1071 847 1140 912 puto
1155 846 1189 895 nt
1202 841 1336 913 cuiquam
1350 841 1484 896 rideatur
1497 841 1642 911 prudenti,
1658 840 1688 896 in
1702 857 1736 895 eo
1751 842 1826 912 quod
1849 843 1921 897 nibil

171 937 236 1002 turi,
252 936 322 988 sicut
337 937 363 987 ct
376 935 466 988 ceteri
487 935 536 1000 qni
551 947 625 1002 spem
648 946 701 986 non
719 931 818 986 laten
832 933 857 1001 (Ι
871 932 964 986 Thess.
978 945 1015 996 ιι,
1071 934 1218 1001 prestant,
1234 947 1295 985 esse
1316 930 1476 994 mendaces,
1497 930 1569 985 etin
1590 946 1623 984 eo
1638 930 1716 1000 quod
1732 931 1786 984 tibi
1810 931 1918 998 tarent,

171 1024 226 1094 lt).
248 1024 376 1077 Dominus
388 1021 474 1086 dedit,
493 1019 624 1074 Dominus
639 1019 761 1086 obstulit,
784 1021 820 1073 sit
840 1033 935 1073 nomen
958 1021 1016 1074 Do-
1071 1035 1131 1074 esse
1148 1035 1270 1075 veraces.
1287 1019 1346 1074 Nisi
1359 1019 1477 1075 forsitan
1495 1018 1652 1073 sententias
1667 1034 1767 1072 eorum
1783 1019 1813 1073 in
1829 1019 1918 1075 rixam

169 1114 238 1168 mini
252 1109 418 1165 benedictum
438 1111 467 1162 in
491 1109 588 1163 sarculo
616 1108 675 1175 (lob
700 1124 718 1172 1,
739 1110 795 1178 tt).
819 1107 939 1178 Oportet
964 1124 1016 1161 nos
1071 1109 1170 1176 mittis,
1187 1114 1215 1164 et
1231 1109 1375 1163 contraria
1395 1124 1442 1162 eos
1463 1108 1516 1162 sibi
1532 1107 1635 1161 dixisse
1651 1107 1816 1162 contendis:
1841 1109 1918 1180 quod

169 1217 222 1274 per
235 1199 339 1254 multas
351 1197 550 1252 tribulationes
564 1195 661 1251 venire
673 1196 709 1250 ad
724 1195 877 1261 Christum,
896 1195 1015 1250 Domino
1072 1197 1095 1252 si
1111 1198 1207 1253 taliter
1234 1198 1332 1269 utique
1360 1198 1459 1262 sentis,
1476 1213 1493 1250 a
1512 1196 1649 1251 catholica
1670 1213 1739 1268 pace
1763 1203 1920 1269 nostraque

170 1289 306 1344 dicente:
327 1286 444 1341 Mundus
472 1284 613 1352 gaudebit,
637 1288 796 1340 vosautem
824 1284 1014 1351 tristabimini,
1071 1285 1212 1341 dissentis.
1244 1288 1276 1341 Et
1299 1288 1359 1341 brec
1383 1287 1422 1341 ita
1445 1286 1576 1357 digerere
1601 1286 1678 1340 volni
1703 1286 1734 1340 in
1763 1287 1919 1358 principio,

169 1375 217 1432 sed
231 1376 347 1431 tristitia
356 1379 448 1429 uestra
459 1377 575 1428 uertatur
587 1374 616 1426 in
627 1373 760 1439 goudium
776 1371 863 1444 (loon.
885 1389 940 1440 xvi,
958 1372 1013 1442 20).
1071 1375 1155 1447 quasi
1183 1391 1230 1430 eas
1256 1375 1318 1446 jam
1345 1379 1444 1430 contra
1478 1375 1618 1430 maforte
1651 1374 1861 1446 exprobrarent
1892 1375 1921 1429 in

170 1466 328 1520 llereamur
349 1468 443 1518 tecum
460 1462 601 1516 coadunes
625 1461 701 1516 otius
720 1461 787 1515 siste
809 1470 1014 1516 ⁸eommunes.
1071 1464 1182 1535 praelio.

170 1552 712 1623 Salutarepraesumoperosvestrum
741 1564 857 1603 omnem
882 1551 1014 1604 decorem
1106 1555 1131 1606 3.
1147 1554 1180 1607 nt
1194 1568 1257 1607 cnm
1280 1556 1388 1606 constet
1406 1551 1436 1606 in
1451 1552 1595 1622 plerisque
1620 1567 1677 1605 non
1703 1553 1763 1606 loco
1793 1567 1921 1622 congrue

169 1641 272 1695 domus
295 1646 405 1695 restrae.
431 1639 540 1693 Salutat
563 1654 613 1692 vos
636 1637 742 1692 domna
772 1637 920 1693 Froisinda
948 1653 1015 1692 cum
1035 1640 1177 1739 Bposite;
1197 1639 1291 1711 quod¹
1316 1640 1387 1694 mihi
1411 1640 1501 1705 obest,
1521 1640 1544 1693 si
1567 1639 1653 1693 totius
1673 1655 1771 1693 eorum
1793 1639 1921 1693 instruas

169 1729 235 1782 tiliis
253 1728 322 1795 suis,
341 1727 404 1782 sani
426 1733 455 1781 et
478 1728 647 1793 incolumes,
674 1733 703 1781 et
719 1726 806 1781 tritici
830 1727 1015 1782 multitudine
1070 1728 1172 1794 aciem,
1190 1729 1257 1783 dum
1273 1727 1405 1796 aliorum,
1422 1744 1480 1781 non
1501 1743 1604 1794 meam,
1628 1727 1751 1781 destruis
1780 1727 1921 1783 classem?

171 1817 336 1888 locupletes.
350 1816 445 1871 Direxi
458 1815 631 1870 vobisillum
644 1817 657 1859 b
671 1816 876 1886 glossematum
891 1815 1015 1887 etephe·
1072 1818 1108 1871 Ex
1124 1822 1219 1871 sancto
1234 1816 1312 1871 enim
1331 1817 1502 1886 {lieronymo
1525 1816 1621 1885 alique
1641 1816 1730 1879 mihis
1764 1821 1793 1871 et
1817 1833 1851 1870 ex
1873 1833 1919 1870 eo·

169 1906 304 1966 merides.
335 1905 532 1960 indesinenter
546 1905 652 1975 gratias
676 1904 812 1959 referens.
837 1906 944 1960 lderear
967 1922 1014 1960 ve·
1070 1906 1135 1960 dem
1164 1905 1264 1959 itidem
1293 1905 1354 1976 ipsa
1384 1907 1487 1975 recepi.
1515 1905 1568 1960 Sed
1594 1905 1723 1975 nunquid
1767 1904 1822 1960 sibi
1859 1904 1920 1975 ipse

169 2000 257 2050 stram
268 1994 436 2065 jucumdam
449 1994 578 2064 accipere
590 1993 737 2064 scriptam.
755 1993 836 2048 Finit.
1070 1993 1214 2049 contraria
1229 1995 1335 2061 docuit,
1352 1999 1402 2048 aut
1422 1995 1498 2048 aliud
1524 1994 1579 2058 hic,
1603 1993 1679 2047 aliud
1707 1993 1748 2048 ibi
1767 1995 1851 2066 quasi
1876 1995 1919 2048 sui

571 2119 606 2173 Ν
1071 2082 1177 2137 oblitus
1193 2083 1352 2153 proterret?
1371 2082 1492 2147 Quodsi
1515 2082 1592 2146 iecit,
1617 2097 1676 2136 non
1695 2088 1797 2136 contra
1811 2098 1857 2137 me
1876 2083 1917 2137 la·

608 2161 614 2173 ’
1070 2171 1175 2226 cundia
1189 2177 1238 2226 tua
1253 2171 1371 2238 tonavit,
1395 2171 1444 2226 sed
1465 2176 1564 2226 contra
1587 2186 1654 2224 eum
1677 2170 1739 2242 ipsa
1762 2171 1827 2241 ejus
1845 2171 1918 2226 dicta

169 2239 238 2282 rrsu·
264 2243 388 2281 crissoni
420 2241 518 2281 ιιιίιιι
546 2242 655 2292 sonans,
689 2242 733 2280 cur
764 2241 859 2291 seras,
891 2241 1014 2281 ornnem.
1069 2258 1205 2330 surgevit·
1221 2259 1296 2313 Audi
1317 2275 1395 2329 ergo,
1419 2258 1707 2328 virprudemissime’
1730 2263 1760 2313 ep
1781 2259 1918 2314 Romana

203 2352 320 2407 Aurelio
336 2350 430 2406 Flavio
444 2352 544 2406 Jonnnr
560 2350 665 2404 Paulus
682 2353 819 2406 helanus.
1070 2347 1225 2402 dialecticae
1240 2352 1336 2417 ceput,
1352 2364 1411 2402 non
1425 2347 1478 2402 hoc
1494 2362 1573 2401 mure
1584 2347 1598 2380 ¹¹
1610 2362 1677 2401 usos
1694 2346 1783 2401 irrisae
1795 2348 1916 2418 priores,

205 2444 230 2495 l.
257 2441 383 2512 Eugloge
399 2439 524 2509 emperie
548 2443 646 2493 restroe
669 2443 846 2492 summenles
857 2438 979 2493 eufrasia
994 2448 1014 2506 ⁶,
1069 2453 1122 2490 nec
1136 2441 1246 2490 nostros
1263 2452 1314 2506 per
1329 2437 1380 2491 has
1394 2435 1607 2490 contrarietates
1632 2435 1806 2490 discursasse
1831 2437 1917 2507 majo·

168 2528 226 2584 imo
237 2529 361 2599 energioe
376 2532 577 2598 percurrentes
593 2527 730 2598 epitoma.
744 2527 872 2598 jucunda
887 2527 960 2582 laeta
974 2532 1017 2582 est
1071 2541 1125 2579 res.
1146 2524 1229 2579 Prius
1244 2526 1321 2579 enim
1344 2525 1536 2579 extenuabant
1559 2524 1677 2595 objecta,
1694 2529 1722 2579 et
1742 2526 1782 2580 sic
1803 2526 1918 2580 demum

167 2618 273 2683 anima,
290 2617 358 2671 dum
373 2617 417 2669 rel
432 2632 494 2670 sere
506 2614 601 2670 dilecti
624 2615 730 2669 meruit
744 2631 914 2685 cognoscere
938 2632 1015 2670 com·
1070 2614 1238 2684 satagebant
1253 2613 1418 2668 assertionis
1432 2629 1491 2667 suoe
1514 2611 1629 2666 firmare
1652 2619 1827 2668 commenta.
1842 2617 1881 2668 Ac
1896 2614 1917 2668 si

168 2706 264 2761 moda.
283 2705 362 2760 Unde
382 2704 450 2776 quin
468 2704 581 2775 prolixa
604 2703 738 2758 facundia
763 2708 911 2758 oratorum
935 2720 1015 2759 more
1069 2701 1187 2757 forsitan
1200 2702 1353 2771 placuisset
1372 2702 1451 2772 prius
1465 2702 1580 2757 liemare
1594 2702 1722 2774 propria,
1753 2702 1852 2758 denuo
1875 2708 1918 2758 te·

167 2793 336 2849 rethoricari
351 2793 472 2860 estvisa,
489 2797 516 2846 et
532 2796 631 2846 contra
646 2791 795 2847 tenuitatis
810 2796 914 2846 nostras
931 2792 1014 2846 insci·
1070 2806 1136 2845 men
1151 2791 1305 2845 adversarii
1323 2791 1509 2846 destruebant
1522 2792 1662 2863 opposita,
1687 2807 1740 2846 nec
1754 2792 1918 2847 nullatenus

167 2882 208 2937 tia
223 2898 327 2954 magna
341 2878 354 2915 ⁰¹
368 2881 518 2936 doctorum
543 2896 611 2933 usus
627 2897 657 2934 es
670 2879 801 2948 llumina,
820 2897 855 2934 ne
871 2881 1014 2952 iperbato·
1070 2893 1103 2932 ea
1116 2879 1286 2933 omittebant
1302 2879 1397 2934 illaesa.

167 2971 240 3028 uicis
256 2978 267 3005 ⁸
281 2970 392 3025 casibus
407 2969 540 3036 serviam,
558 2975 585 3023 et
602 2985 666 3040 quae
682 2971 766 3040 cupio
779 2986 835 3023 non
851 2970 1012 3040 expediam,
1033 2985 1055 3041 g
1104 2967 1130 3022 4.
1143 2967 1195 3022 Sed
1211 2984 1289 3021 nunc
1307 2967 1343 3022 ad
1365 2968 1544 3038 propositum
1569 2973 1756 3034 revertamur,
1785 2969 1918 3041 ipsasque

167 3060 216 3114 sed
231 3059 374 3114 involvam
388 3075 394 3126 ;
411 3058 537 3113 breviter
552 3073 585 3111 ae
600 3057 742 3113 succincte
757 3056 932 3113 detensionis
943 3074 1014 3113 meae
1069 3058 1142 3110 totas
1157 3057 1312 3110 sententias
1323 3056 1493 3126 singillatim
1509 3055 1655 3110 rimemus.
1673 3056 1719 3110 Ais
1732 3057 1812 3111 enirn
1829 3075 1835 3112 :
1850 3060 1917 3112 Nam

156 3148 276 3203 ordiam
291 3149 388 3203 telam.
1068 3144 1102 3199 de
1128 3161 1186 3214 que
1210 3145 1250 3199 ait
1269 3145 1442 3215 Apostolus:
1466 3145 1507 3199 Et
1526 3147 1552 3198 si
1567 3147 1709 3214 imperitus
1723 3159 1854 3212 emmone,
1874 3145 1920 3200 scd

202 3239 229 3292 2.
248 3237 438 3292 Praetermitto
457 3233 535 3289 enim
550 3233 769 3289 demulcationis
783 3233 943 3288 disertioris
967 3251 1015 3288 ve·
1068 3236 1250 3288 ncnscientic
1270 3234 1307 3304 (ll
1331 3235 1391 3290 Cor.
1421 3251 1458 3300 ιιι,
1488 3233 1526 3304 6),
1551 3249 1607 3288 non
1632 3249 1747 3302 semper
1766 3233 1920 3304 imperitus

167 3328 233 3378 stra·
258 3323 446 3393 praeconium,
473 3338 531 3393 quo
555 3326 641 3392 caput
660 3337 757 3375 meum
780 3338 892 3392 ungens
916 3321 1015 3376 niteris
1068 3320 1132 3375 fuit.
1146 3323 1213 3376 Ecce
1228 3322 1252 3374 si
1262 3337 1320 3376 non
1336 3338 1461 3391 semper,
1477 3321 1571 3376 saltim
1588 3322 1631 3376 rel
1648 3320 1805 3392 aliquando
1826 3321 1917 3394 impe·

167 3411 309 3467 mellitum
333 3411 406 3465 mibi
432 3410 563 3479 inlligere
586 3410 724 3480 gladium.
749 3411 783 3464 Et
815 3426 851 3464 ne
879 3425 1015 3465 onerosus
1068 3410 1349 3478 ritumellirmas;et
1368 3410 1504 3464 utrumin
1528 3426 1722 3476 sermone,an
1741 3411 1773 3465 in
1785 3411 1917 3476 scientia,

167 3501 260 3555 multa
287 3499 408 3554 dicendo
436 3498 504 3552 fiam
530 3497 704 3567 legentibus,
733 3512 766 3551 ea
794 3502 906 3552 tanturn
935 3514 1015 3552 meus
1068 3513 1127 3552 non
1153 3499 1249 3553 lucide
1277 3514 1399 3554 narras:
1431 3498 1487 3554 nisi
1515 3499 1580 3571 quis
1603 3498 1651 3553 ille
1676 3498 1786 3570 peritus
1812 3500 1920 3555 dictum

167 3603 261 3642 sermo
277 3587 343 3641 licet
358 3587 485 3658 segniter
500 3589 604 3654 texeat,
621 3602 685 3657 quas
697 3587 1015 3642 sententiasdoetorum
1066 3590 1151 3643 tuum
1163 3591 1255 3641 totum
1277 3591 1435 3658 percurrat,
1461 3592 1489 3641 et
1508 3589 1592 3658 plane
1610 3591 1637 3642 te
1661 3604 1727 3642 enm
1743 3586 1774 3641 in
1801 3585 1922 3641 scientia

168 3681 226 3731 ate
242 3675 399 3747 prudenter
421 3674 546 3746 digestas
574 3674 645 3730 mihi
672 3681 878 3730 consentaneas
905 3676 1013 3746 doceat,
1066 3676 1234 3748 imperitum
1261 3676 1363 3731 dixisse
1378 3680 1539 3747 cognoscat.
1562 3676 1640 3741 Quod
1662 3676 1710 3730 ille
1739 3677 1774 3731 de
1799 3692 1829 3731 se
1852 3691 1919 3748 pro·

166 3781 218 3820 nec
233 3764 409 3819 adversarias
424 3780 458 3818 eo
473 3764 570 3818 animo
585 3779 642 3836 quo
667 3763 749 3835 cupis
764 3765 906 3820 ostendet.
926 3768 965 3820 hc
984 3765 1014 3820 in
1067 3766 1145 3820 tinus
1167 3768 1252 3836 negat
1278 3764 1418 3830 dicendo;
1445 3768 1506 3820 Etsi
1533 3766 1676 3835 imperitus
1707 3780 1839 3832 samone,
1867 3779 1918 3830 sna

167 3854 277 3925 primis,
299 3855 339 3909 mi
359 3854 472 3921 dilecte,
494 3853 548 3909 hoc
571 3869 741 3925 responsum
765 3853 879 3921 habeto,
900 3858 1014 3909 senten·
1068 3859 1157 3910 tomen
1173 3855 1296 3909 scientio.
1314 3854 1386 3908 [tum
1402 3869 1432 3907 se
1447 3869 1505 3906 non
1521 3853 1641 3907 scientia
1665 3851 1847 3924 imperitum,
1872 3852 1919 3906 sed

165 3945 278 4016 tiaeque
299 3943 448 3999 doctorum
470 3959 486 3996 a
508 3957 554 3998 me
574 3942 626 3998 tibi
650 3942 782 4008 directas,
803 3959 820 3997 a
838 3948 865 3997 ta
891 3942 1015 4014 integer·
1067 3957 1199 3998 sermone
1214 3941 1299 4005 dicat,
1315 3941 1380 4012 quis
1403 3944 1483 3995 tenta
1497 3939 1673 3995 hebetudine
1693 3950 1844 4011 possessus
1868 3955 1918 3994 au·

165 4035 253 4090 rimas
273 4038 453 4087 consecratas
475 4037 632 4098 memento,
660 4047 714 4086 nec
742 4047 833 4103 usque
858 4047 933 4086 nnnc
957 4032 1014 4086 alio
1066 4030 1133 4085 deut
1159 4030 1332 4084 econtrario
1346 4028 1490 4083 affirmare
1517 4044 1583 4083 enm
1610 4045 1667 4082 non
1688 4043 1835 4092 sermone,
1870 4027 1918 4082 sed

166 4123 256 4178 dictas
281 4138 296 4174 n
321 4126 347 4174 te
373 4128 494 4174 ostensae
519 4124 585 4173 sunt
600 4120 700 4187 modo,
730 4119 779 4174 sed
805 4119 845 4174 ita
869 4125 902 4175 ut
926 4137 941 4174 a
968 4135 1013 4175 me
1066 4117 1362 4189 scientiaimperitum
1377 4115 1485 4171 tuisse?

166 4210 299 4282 cognitae,
323 4214 351 4264 et
374 4209 437 4275 tibi,
462 4207 708 4271 reverendissime,
734 4208 893 4275 destinatae,
922 4209 1015 4264 haete-
1102 4210 1128 4262 5.
1146 4206 1219 4261 Dicis
1232 4207 1309 4260 enirn
1325 4223 1332 4260 ι
1350 4207 1415 4260 lirat
1428 4211 1525 4260 tamen
1542 4206 1572 4259 in
1593 4204 1705 4276 magnis
1729 4205 1917 4276 profectibus,

166 4312 221 4351 nus
240 4295 332 4350 tenori
345 4296 474 4370 serviunt
493 4310 554 4349 suo.
571 4294 657 4349 ldiror
675 4291 767 4349 veros
788 4311 938 4350 censuram
962 4311 1011 4350 ve·
1032 4287 1095 4351 Det
1118 4296 1233 4367 aliquod
1258 4295 1287 4349 in
1303 4311 1332 4348 se
1348 4295 1425 4349 velut
1453 4293 1640 4348 nutabundus
1665 4293 1825 4363 eloquitur,
1851 4309 1916 4348 cunr

167 4389 254 4438 stram
272 4382 417 4448 eximiam,
439 4387 468 4437 et
484 4381 646 4437 mirabilem
673 4381 833 4437 mihibene
849 4388 946 4437 notam
966 4384 1011 4438 in·
1065 4384 1156 4439 dicit:
1186 4385 1291 4440 Munere
1319 4398 1416 4452 corpus
1436 4399 1532 4450 meum,
1558 4386 1588 4436 in
1608 4385 1765 4437 seruitutem
1787 4384 1914 4452 subjicio,

166 4471 315 4542 dustrinm,
331 4486 381 4525 cur
393 4487 452 4526 non
462 4471 523 4542 ipsa
534 4470 700 4526 testimonia
714 4471 1012 4527 limatioriintentioni
1065 4490 1099 4529 nc
1111 4477 1183 4541 [crte
1197 4474 1261 4528 otiis
1274 4474 1429 4543 predicans
1444 4475 1502 4542 ipsc
1523 4472 1655 4542 reprobus
1673 4474 1802 4527 intuentur
1816 4475 1840 4540 (l
1856 4475 1914 4530 Gor.

165 4561 286 4625 rimasti,
300 4576 391 4631 eaque
407 4559 552 4630 majorum
568 4559 684 4614 solertia
699 4559 882 4630 indagatione
896 4566 1013 4616 strenua
1066 4580 1104 4632 rx,
1125 4562 1179 4634 37),
1200 4566 1228 4617 et
1253 4562 1370 4633 quidem
1394 4563 1455 4617 haec
1483 4561 1683 4616 beatissimum
1706 4561 1915 4633 Hieronymum

167 4651 222 4705 alio
236 4649 322 4704 modo
340 4648 449 4720 digesta
464 4662 480 4703 s
495 4647 622 4718 probasti
638 4664 645 4702 :
668 4648 722 4702 nisi
738 4648 856 4703 forsitan
872 4649 949 4720 quod
971 4649 1012 4705 ibi
1067 4651 1170 4707 dixisse
1190 4651 1376 4722 cognovimus
1391 4667 1398 4704 :
1416 4649 1465 4705 sed
1481 4649 1552 4704 nihil
1574 4650 1749 4720 ademptum
1763 4651 1915 4721 negotium

164 4737 242 4793 aliud
263 4736 437 4806 intelligeres
463 4736 575 4791 elucere
598 4736 662 4801 tibi,
686 4736 801 4808 penitus
824 4752 882 4791 non
904 4736 1009 4793 vidisti.
1065 4740 1120 4796 boe
1134 4741 1277 4812 pertinere
1296 4740 1461 4810 probamus.
1479 4740 1553 4794 llum
1568 4739 1644 4809 enim
1660 4738 1729 4793 dicit
1744 4754 1750 4792 :
1767 4739 1836 4795 Erat
1851 4739 1917 4811 qui-

164 4827 244 4884 Unde
264 4825 332 4896 quia
355 4824 534 4881 intemeratae
557 4829 687 4890 manent,
711 4841 728 4880 a
753 4830 781 4880 te
806 4840 956 4897 nunquam
980 4826 1011 4881 in
1066 4831 1132 4885 dem
1146 4829 1178 4884 in
1189 4829 1302 4899 magnis
1315 4828 1501 4900 profectibus,
1512 4827 1639 4882 ostendit
1651 4843 1717 4881 enm
1734 4826 1808 4882 nihil
1819 4827 1925 4883 minus-

163 4917 252 4972 alium
265 4915 332 4970 visae
345 4919 534 4970 suntsensum
546 4913 669 4982 delleeti,
682 4930 758 4969 nunc
765 4914 855 4969 millia
864 4914 1012 4969 milliumh
1065 4916 1198 4972 habuisse
1213 4917 1405 4988 perfectionis.
1430 4918 1463 4972 Et
1477 4917 1546 4971 dum
1561 4916 1687 4972 addidit:
1704 4917 1815 4972 Tamen
1831 4915 1917 4971 veluti

197 5085 209 5111 ⁸
226 5076 255 5131 F.
270 5075 375 5131 sistere.
1099 5083 1110 5111 ⁸
1130 5075 1313 5147 hyperbaton
1338 5076 1431 5148 figura
1447 5077 1592 5148 quaedam,
1611 5077 1698 5133 latine
1717 5081 1913 5150 transgressio.

197 5151 210 5191 b
229 5148 324 5211 Illum,
338 5145 368 5200 id
382 5148 425 5200 est
438 5144 561 5210 biblum,
576 5143 619 5198 rel
634 5143 752 5198 librum.
1099 5144 1108 5181 f
1127 5148 1187 5214 lle,
1208 5152 1306 5203 uestro.

197 5218 352 5286 ‘Euploea
380 5218 516 5285 empciriae
538 5220 631 5270 cerne
665 5219 797 5270 sumentes
822 5215 1007 5286 euphrasium,
1100 5219 1194 5285 ulls„
1212 5218 1342 5286 digestos.

162 5286 216 5342 hoc
234 5296 286 5349 est,
311 5286 449 5350 dulciflua
462 5288 569 5356 peritia
586 5290 681 5339 cestra
701 5290 833 5340 sumentes
850 5286 892 5357 (in
914 5286 1008 5341 mani·
1098 5289 1113 5330 h
1130 5289 1191 5353 lle,
1208 5291 1356 5344 mitiorum.

163 5357 228 5426 bus)
260 5360 449 5429 eloquentiam.
474 5356 578 5412 Graecis
610 5353 746 5426 ἑῃλύσσω
773 5360 813 5410 est
844 5356 1006 5423 indulcoro,
1099 5356 1320 5429 ¹1dest,quid.

163 5427 344 5483 dulcedinem
360 5427 463 5495 allero;
489 5425 608 5501 ἐμπειρία
629 5426 741 5498 peritia,
757 5426 920 5498 prudentia.
945 5428 1006 5483 Nic.
1094 5430 1105 5494 j
1126 5430 1187 5496 lis,
1202 5432 1304 5502 migi...
1318 5432 1385 5485 nso.

163 5499 229 5553 Ant.
250 5500 260 5553 l
275 5515 312 5564 vr,
327 5515 357 5553 n.
371 5499 431 5553 190.
1098 5500 1112 5534 ¹
1131 5501 1189 5567 us,
1206 5501 1275 5556 bunc
1288 5517 1396 5556 meren

197 5569 210 5611 d
231 5571 296 5637 Leg.
314 5571 451 5624 inscitiam
466 5570 594 5638 mugnis..
609 5568 775 5637 numinibus.
892 5570 896 5579 ’
