3930 6098
47 251 51 257 ’
106 251 172 304 rior
670 250 699 338 s.
720 247 854 306 uuuran
875 249 1112 306 errcouurusrs
1130 248 1289 308 aerscorr
1335 267 1338 272 ·
1375 219 1377 223 ’
1788 252 1852 304 rica

104 385 204 450 tutem,
217 387 246 436 et
266 381 491 453 praecedentium
516 383 630 436 Patrum
653 381 838 435 reverendam
856 385 951 437 aucto·
969 386 992 438 h
1007 382 1136 452 ejusdem
1153 381 1301 451 scripturae
1322 381 1374 435 iste
1396 380 1433 434 sit
1457 379 1577 434 titulus:
1600 381 1652 451 [lle
1676 385 1775 434 sancto
1790 380 1852 450 epi·

104 469 220 524 ritatem
234 474 262 523 et
277 469 367 522 multa
383 467 450 535 alia,
475 484 539 539 qum
564 468 599 522 od
623 474 795 539 praesentem
816 458 952 541 quaestio·
1005 487 1093 541 scopo
1108 469 1270 541 Augustino
1286 469 1360 524 mira
1375 469 1468 524 laudis
1488 469 1666 536 asserti03et
1682 469 1752 523 huic
1774 469 1853 523 titulo

106 575 173 613 nem
198 557 343 612 sufficiunt
366 557 442 611 claro
466 573 598 612 sermone
620 559 760 614 disseruit.
783 559 873 624 Quem
900 575 952 615 nos
1006 558 1218 631 subjungantur
1238 559 1325 613 verba
1348 559 1460 630 praelati
1482 556 1641 625 Pontiticis,
1673 568 1740 629 que
1765 558 1804 611 ita
1826 575 1853 612 se

106 647 231 702 fideliter
255 647 459 716 disputantem,
483 653 511 700 et
532 648 674 718 majorum
699 649 816 719 vestigia
840 649 887 719 pie
909 665 950 703 se·
1007 648 1131 703 habent:
1162 648 1354 719 hugrrstinum
1391 652 1493 703 sanctu
1530 647 1743 702 recordationis
1764 647 1853 701 airum

107 740 244 807 quantem
268 734 443 802 obedienter,
469 741 497 789 et
516 735 664 789 sinceriter
687 737 769 808 sequi
794 737 950 793 debemus:
1007 753 1058 807 pro
1073 736 1131 790 vita
1147 753 1209 803 sua,
1230 741 1316 807 atque
1341 736 1452 790 meritis
1473 736 1502 790 in
1529 739 1627 789 nostra
1650 735 1853 789 communione

107 824 173 895 quia
190 827 218 877 et
231 823 285 877 hoc
300 824 335 878 ad
351 823 419 878 lidci
439 828 543 878 nostras
559 824 754 894 iutegritatem
769 826 904 896 pertinet,
922 832 954 880 ut
1007 840 1121 894 semper
1144 824 1318 879 habuimus:
1342 842 1392 878 acc
1418 840 1544 895 unquam
1566 824 1645 878 hunc
1662 823 1785 878 sinistrae
1807 839 1852 877 su-

106 911 179 966 sicut
195 912 223 965 in
239 912 440 983 caeterisquae
457 912 490 966 de
512 913 570 966 Deo
591 913 744 982 credimus,
760 914 884 968 itaetin
900 914 953 969 hac
1007 913 1141 983 spicionis
1156 913 1258 967 saltem
1280 927 1379 967 ruamur
1393 911 1524 981 aspersit,
1545 926 1632 982 quem
1654 914 1745 965 tantae
1767 910 1852 965 scien·

105 1004 187 1072 parte
199 1001 269 1055 nihil
286 1001 436 1072 iudignum
452 1000 547 1055 divina
572 1004 728 1074 majestate,
752 1003 824 1057 nihil
848 1004 953 1058 falsum
1007 1001 1055 1055 tiae
1066 1000 1136 1055 olim
1153 1001 1239 1055 luisse
1255 999 1452 1066 meminimus,
1470 1006 1501 1053 ut
1519 999 1594 1053 inter
1615 1000 1773 1068 magistros
1787 999 1853 1070 opti·

106 1089 142 1143 de
159 1089 262 1144 divinis
278 1090 395 1160 judiciis
415 1091 584 1145 sentiamus.
605 1092 766 1146 Praesertim
783 1108 847 1146 com
867 1093 953 1164 hujus
1007 1092 1170 1144 musellam
1199 1089 1305 1144 ameis
1324 1104 1438 1160 semper
1468 1088 1667 1143 decessoribus
1686 1089 1848 1143 haberetur.

105 1178 367 1249 praedestinationis
387 1179 500 1249 veritas,
527 1184 556 1234 et
578 1180 646 1234 fidei
671 1181 701 1234 in
726 1181 807 1236 uobis
833 1181 954 1236 aediticet
1008 1179 1082 1234 Rene
1099 1193 1167 1249 ergo
1181 1178 1216 1232 de
1241 1194 1275 1232 eo
1300 1193 1385 1232 omne
1401 1178 1432 1232 in
1446 1193 1612 1231 communes
1629 1181 1795 1244 senserunt,
1810 1183 1850 1231 ut·

107 1266 311 1334 sinceritatem,
340 1276 369 1321 et
391 1268 463 1322 nulli
486 1269 612 1338 praebeat
636 1269 845 1339 desperationis
864 1269 954 1325 oileu-
1006 1271 1074 1337 pote
1090 1266 1139 1338 qoi
1156 1266 1262 1337 ubique
1277 1267 1395 1334 conctis,
1416 1266 1555 1341 etamori
1575 1264 1672 1334 luerit,
1692 1271 1723 1319 et
1739 1265 1849 1321 honori:

107 1355 229 1422 sionem,
246 1362 275 1410 et
293 1355 402 1410 cunctis
427 1356 477 1427 qui
498 1357 529 1411 in
554 1357 613 1411 suis
637 1357 712 1412 vitiis
734 1357 904 1428 perniciose,
925 1363 954 1414 et
1009 1354 1084 1408 uude
1099 1353 1375 1421 resistatartalibus,
1395 1370 1467 1425 quos
1482 1354 1556 1408 male
1571 1369 1701 1408 crescere
1716 1353 1849 1408 ridemus.

105 1443 293 1514 pertinaciter
321 1444 415 1499 rivere
446 1445 632 1511 delectantur,
669 1446 890 1501 saluberrimum
914 1449 954 1502 ti·
1007 1441 1092 1496 Nefas
1107 1446 1148 1496 est
1166 1443 1227 1496 hoec
1242 1442 1303 1513 peti
1326 1442 1474 1513 religiosas
1496 1442 1617 1509 animas,
1643 1457 1769 1513 quarum
1787 1442 1851 1496 ailli-

107 1547 217 1586 morem
240 1534 361 1603 ingerat.
386 1533 457 1587 Nam
481 1533 516 1588 de
537 1538 714 1605 contemptu,
741 1540 769 1589 et
793 1535 953 1606 abjectione
1007 1529 1140 1596 clatione,
1155 1529 1205 1600 qui
1226 1529 1356 1584 membra
1376 1534 1472 1584 nostra
1495 1534 1572 1596 sunt,
1596 1545 1649 1584 nos
1664 1546 1851 1601 qnoquerou

106 1620 335 1676 beatissimorum
361 1627 446 1692 atque
471 1623 729 1677 illustrissimorum
754 1626 877 1691 Petrum,
904 1624 954 1695 qui
1009 1618 1088 1672 venii
1104 1619 1252 1672 macerari·
1268 1618 1403 1682 Quamvis
1423 1624 1536 1672 maneti
1550 1619 1603 1672 11⁰³
1630 1618 1782 1673 beatitudo
1795 1636 1852 1690 pru

107 1708 238 1762 emuttis
257 1709 343 1764 nimis
367 1710 525 1766 insolenter
548 1717 635 1783 atque
656 1712 816 1784 irreligiose
836 1713 952 1767 concut·
974 1684 1106 1773 Bmissa,
1122 1707 1286 1778 quicunque
1301 1706 1461 1780 probantur
1484 1706 1717 1778 persecutionem
1743 1713 1852 1778 propter

106 1802 217 1864 cantur,
234 1797 302 1869 quid
319 1798 404 1853 uobis
421 1800 499 1854 aliud
519 1801 713 1869 sentiendum,
730 1801 785 1855 nisi
799 1806 832 1856 ut
854 1806 953 1856 contra
1004 1795 1146 1866 justitiam
1163 1796 1305 1850 sustinere
1321 1796 1428 1866 (uacet.
1451 1812 1478 1863 r,
1506 1797 1557 1862 td).
1574 1795 1686 1860 Quibus
1704 1797 1775 1867 quid
1790 1812 1850 1867 pro·

106 1885 167 1940 baec
179 1886 271 1958 magis
292 1887 453 1954 audiamus,
475 1892 504 1942 et
518 1888 702 1943 observemus
722 1888 790 1959 quid
807 1889 954 1960 Scriptura
1008 1883 1102 1938 mittat
1113 1885 1252 1939 Dominus
1272 1884 1303 1938 in
1320 1884 1450 1939 futorum
1465 1901 1587 1956 sequens
1601 1901 1698 1940 sermo
1722 1885 1849 1939 declarat.

106 1973 142 2029 de
158 1974 265 2029 eisdem
282 1976 386 2030 sanctis
401 1976 532 2032 Patribus
547 1977 686 2048 praecepit
701 1977 817 2032 dicens:
833 1999 847 2027 «
863 1979 952 2033 luter·
1007 1972 1069 2026 Non
1080 1978 1122 2026 est
1138 1973 1285 2042 agentium
1301 1988 1387 2026 causa
1413 1973 1550 2029 solorum.
1577 1973 1752 2029 Universalis
1768 1973 1849 2027 Eccte

106 2077 176 2133 roga
191 2068 301 2132 patrem
314 2067 409 2132 trium,
425 2069 454 2119 et
466 2065 650 2121 annuntiabit
662 2066 725 2131 tihi,
738 2067 861 2136 majores
875 2072 953 2130 tuos,
1007 2058 1049 2113 sia
1070 2076 1243 2131 quacunque
1268 2063 1391 2117 novitate
1410 2064 1550 2132 pulsatur,
1575 2063 1774 2133 instillemus
1799 2064 1850 2115 hit-⁰

106 2157 136 2205 et
146 2151 242 2206 dicent
257 2152 309 2206 tibi
332 2153 421 2223 (Dect.
446 2169 531 2221 rxxrr,
548 2155 575 2224 7)
586 2170 594 2225 3
619 2173 633 2205 a
659 2171 695 2209 ne
719 2154 900 2209 incurramus
923 2155 952 2210 in
1007 2150 1069 2220 ipsa
1083 2149 1168 2213 vobis,
1185 2167 1250 2222 quae
1265 2150 1347 2205 nubis
1362 2168 1420 2205 uun
1445 2153 1567 2222 placent,
1590 2151 1765 2222 displicere:
1781 2150 1849 2222 quod

108 2237 178 2291 illud
204 2238 281 2309 quod
311 2256 363 2310 per
386 2239 568 2296 Salomonem
592 2241 718 2296 dicitur:
745 2261 760 2291 c
785 2242 887 2297 bialum
913 2245 956 2297 est
1007 2237 1046 2290 ita
1063 2236 1181 2292 demum
1196 2239 1317 2308 probare
1338 2239 1508 2310 poterimus,
1525 2239 1548 2293 si
1566 2240 1704 2311 imposito
1720 2238 1850 2309 improbis

106 2326 218 2381 homini
247 2328 375 2398 deJerare
403 2335 527 2399 sanctos,
561 2335 590 2384 et
613 2335 678 2400 post
711 2334 775 2383 vota
800 2334 954 2385 retractare
1008 2325 1120 2380 silentio
1133 2325 1230 2380 detali
1246 2342 1277 2380 t'e
1292 2326 1480 2398 imposterum
1496 2328 1612 2398 querela
1628 2327 1774 2396 cessabit.]

107 2413 199 2484 (Proo.
215 2431 261 2482 xx,
286 2418 333 2486 5);
359 2437 373 2464 »
400 2416 546 2487 simusque
567 2417 735 2487 parentibus
759 2417 954 2489 spiritualibus
1044 2414 1125 2469 Hunc
1142 2415 1230 2486 igitur
1251 2414 1447 2472 beatissimum
1464 2419 1493 2470 et
1516 2416 1719 2470 fidelissimum
1747 2418 1850 2471 Patrem

108 2503 244 2572 (quorum
259 2502 325 2569 tide,
351 2503 481 2558 doctrina
503 2506 532 2558 in
555 2505 666 2561 Christo
683 2508 810 2576 generati
826 2524 857 2561 ac
872 2522 954 2578 rege·
1008 2503 1160 2574 semperin
1172 2504 1377 2558 communione
1393 2504 1468 2559 sedis
1487 2505 1653 2575 apostolicas
1675 2505 1815 2567 habitum,
1828 2511 1851 2556 et

108 2589 200 2643 nerati
224 2591 332 2660 sumtis)
354 2591 563 2660 inobedientes,
590 2600 618 2647 et
643 2600 857 2665 contemptores
877 2595 955 2651 Scri·
1009 2590 1044 2645 ab
1059 2593 1120 2661 ejus
1139 2594 1226 2647 etiam
1247 2593 1430 2663 pontificibus
1452 2593 1528 2648 inter
1547 2594 1700 2665 magistros
1725 2594 1793 2647 fidei
1807 2592 1850 2646 do·

110 2681 211 2748 pturae,
226 2694 290 2748 quae
308 2679 396 2734 dicit:
413 2701 426 2729 o
444 2681 528 2748 Audi,
545 2681 586 2736 tili
602 2682 651 2751 mi,
673 2683 853 2753 disciplinam
865 2684 955 2754 patris
1009 2680 1107 2735 ctrinae
1121 2681 1325 2736 uenerabiliter
1341 2687 1499 2752 receptum,
1516 2686 1544 2735 et
1558 2681 1594 2735 ab
1610 2682 1681 2753 ipsis
1695 2689 1756 2735 tam
1772 2680 1849 2746 clarr,

109 2767 159 2833 tui,
178 2789 188 2816 s
206 2767 289 2822 idest
302 2770 509 2841 omnipotentis
525 2771 585 2840 uei,
604 2795 617 2818 c
630 2777 658 2826 et
668 2788 704 2826 ne
720 2773 847 2827 dimittas
861 2774 954 2844 legem
1010 2773 1038 2823 et
1053 2769 1209 2823 honorilice
1224 2775 1323 2824 contra
1341 2771 1533 2825 obtrectantes
1548 2777 1577 2824 et
1601 2770 1795 2841 obloquentes
1808 2770 1850 2823 de-

109 2855 209 2910 metris
224 2862 280 2911 tuae
296 2859 385 2928 (Pron.
397 2876 417 2928 1,
432 2860 473 2929 8),
492 2879 505 2911 s
522 2859 549 2913 id
568 2865 611 2915 est
632 2864 735 2916 sanctae
753 2860 883 2916 Ecclesiae
899 2860 954 2915 do·
1008 2858 1131 2926 tensum,
1145 2859 1184 2913 ita
1197 2863 1227 2913 ut
1241 2859 1378 2931 imposito
1392 2859 1530 2929 improbis
1545 2859 1673 2928 silentio,
1689 2874 1806 2913 omnem
1820 2857 1850 2911 de

108 2951 205 3016 gmata
220 2951 249 3000 et
261 2951 366 3001 statuta
382 2947 489 3015 tidelia,
504 2965 568 3020 quae
580 2965 638 3003 uon
648 2955 759 3004 tantum
773 2954 805 3005 ut
815 2950 953 3021 legitima,
975 2962 1043 3038 Ceo
1070 2947 1298 3002 mussitationem
1322 2947 1580 3019 comprimendam,
1603 2964 1636 3001 ac
1661 2948 1850 3019 repellendam

108 3034 158 3088 sed
183 3050 258 3102 vere,
288 3039 319 3088 ot
338 3036 430 3106 legem
463 3037 611 3090 observare
633 3037 785 3091 debemus:
812 3039 880 3109 quia
904 3055 956 3111 per
1010 3036 1205 3102 decernerent,
1231 3037 1318 3091 etiam
1343 3053 1393 3090 nos
1418 3040 1478 3091 tota
1501 3036 1569 3090 fidei
1592 3036 1747 3091 devotione
1768 3036 1851 3090 bono-

108 3122 248 3193 Spiritum
260 3128 389 3178 sanctum
406 3123 482 3178 edita
498 3125 616 3180 minime
632 3125 806 3183 dubitamus.
1009 3139 1115 3186 remus,
1133 3128 1193 3178 toto
1213 3125 1308 3179 studio
1324 3131 1353 3180 et
1376 3125 1535 3180 intentione
1559 3126 1677 3196 pietatis
1691 3140 1847 3197 sequamur.

145 3212 272 3283 Denique
296 3213 330 3267 de
353 3213 430 3269 beati
457 3215 610 3285 Augustini
635 3215 715 3270 libris
738 3220 767 3270 et
787 3215 901 3287 scriptis
924 3217 955 3273 in
1009 3212 1042 3266 Et
1057 3213 1085 3266 iu
1100 3213 1204 3284 quibus
1228 3219 1346 3285 propter
1371 3213 1574 3268 obscuritatem
1601 3230 1712 3282 rernm,
1740 3218 1770 3267 et
1791 3213 1849 3268 sub

109 3299 214 3370 quibus
229 3317 261 3355 ex
277 3303 443 3357 necessitate
459 3319 552 3370 norae,
568 3302 598 3357 id
618 3307 661 3357 est
685 3304 846 3375 Pelagiauae
862 3305 955 3360 baere-
1009 3301 1139 3355 tilitatem
1156 3301 1384 3373 disputationum
1400 3302 1496 3357 minus
1516 3319 1583 3356 eum
1603 3302 1770 3374 intelligere
1792 3318 1849 3373 pos-

108 3387 145 3441 sis
158 3389 336 3444 destruendae
351 3396 378 3445 et
392 3390 459 3445 fidei
480 3391 627 3445 catholicae
641 3391 828 3447 defendendae
845 3393 953 3448 instan-
1008 3406 1117 3459 sumus,
1129 3391 1174 3445 vel
1188 3408 1205 3446 a
1220 3392 1342 3446 Domino
1366 3391 1588 3463 intelligentiam
1605 3392 1798 3462 postulemus,
1812 3391 1848 3444 rel

107 3477 216 3531 tissima
233 3478 391 3533 intentione
411 3479 446 3534 de
468 3484 571 3534 natura
591 3484 620 3533 et
640 3480 743 3551 gratia,
769 3481 803 3535 de
819 3482 913 3552 gretia
927 3486 956 3538 et
1008 3479 1043 3534 ab
1057 3480 1108 3547 eis,
1130 3496 1202 3551 quos
1218 3480 1278 3551 ipse
1298 3496 1351 3534 suo
1367 3481 1443 3535 dono
1460 3480 1624 3535 illuminare
1644 3481 1848 3552 dignatusest,

107 3563 199 3617 libero
214 3564 344 3628 arbitrio,
360 3567 394 3620 de
416 3566 593 3638 correptione
608 3572 637 3621 et
656 3568 758 3638 gratia,
782 3569 817 3622 de
839 3569 953 3639 praede·
1008 3567 1156 3622 humiliter
1170 3584 1221 3622 nos
1235 3568 1331 3623 doceri
1347 3569 1537 3640 patiemurne
1552 3569 1754 3640 deprecemur.

107 3651 262 3706 stinatione
275 3661 440 3709 sanctorum
462 3660 490 3709 et
513 3656 589 3710 bono
608 3657 839 3727 perseverantiae,
856 3673 888 3712 ac
902 3658 953 3713 ba·
1044 3658 1113 3711 Nam
1131 3658 1209 3729 quod
1224 3662 1266 3713 est
1282 3658 1373 3729 magis
1394 3658 1559 3725 dolendum,
1585 3662 1613 3712 et
1637 3673 1739 3713 amore
1755 3657 1849 3713 divine

107 3741 213 3811 ptismo
229 3743 423 3813 parvulorum,
445 3745 528 3816 juxta
552 3744 776 3816 profunditatem
801 3746 953 3817 Scripturas
1007 3746 1134 3801 veritatis
1148 3747 1263 3817 penitus
1285 3747 1485 3802 detestandum
1509 3747 1719 3802 circumferunt
1742 3748 1849 3819 quiden

107 3835 224 3894 sanctae,
249 3838 278 3888 et
306 3835 476 3904 evangelicae
502 3839 588 3904 atque
622 3835 783 3905 apostolicae
814 3835 953 3890 doctrinm
1007 3835 1135 3891 libellum
1150 3838 1228 3890 retut
1241 3835 1331 3908 ipsius
1346 3836 1464 3890 nomine
1483 3836 1643 3903 titulatum,
1657 3851 1747 3907 quem
1761 3837 1848 3892 Graeco

106 3922 236 3991 regulam
251 3922 952 3995 multipliciterdisputarit;adhucipsorirente,
1006 3926 1145 3981 vocabolo
1178 3926 1372 3997 tropaeorum
1395 3926 1551 3997 appellant,
1576 3940 1665 3996 quem
1691 3941 1787 3997 neque
1810 3925 1848 3978 itte

107 4009 181 4064 sicut
195 4012 318 4083 Prosper
341 4016 370 4066 et
398 4012 521 4067 llilarius
545 4013 579 4067 ad
603 4012 738 4067 eumdem
762 4013 908 4068 scribunt:
925 4018 954 4067 et
1007 4014 1293 4085 sauctusepisropos‚
1309 4014 1359 4086 qui
1383 4014 1483 4085 utique
1498 4014 1592 4068 Vitam
1615 4013 1711 4083 ipsius
1734 4013 1846 4084 scripsit,

107 4099 305 4173 multomagis
322 4102 513 4172 postobitum
534 4101 596 4172 ejus
618 4105 735 4171 propter
750 4101 952 4156 obscuritatem
1006 4108 1034 4158 et
1048 4102 1174 4157 indicem
1199 4103 1329 4157 omnium
1347 4102 1485 4157 librorum
1507 4102 1568 4155 sive
1584 4101 1777 4173 epistolarum
1796 4103 1848 4173 ejus

107 4202 215 4257 rerum,
242 4194 271 4244 et
294 4190 460 4244 tarditatem
481 4189 576 4244 minus
599 4189 836 4260 intelligentium,
851 4190 951 4244 multi·
1006 4190 1225 4262 diligentissime
1239 4191 1269 4244 in
1285 4192 1343 4245 tine
1366 4190 1494 4261 ejusdem
1517 4189 1669 4260 scripturae
1698 4191 1847 4262 subjunxit,

107 4277 172 4347 pler
196 4277 322 4347 querela,
345 4277 470 4331 maxime
492 4276 568 4331 intra
591 4278 694 4333 Gallias
714 4282 811 4332 exorta
826 4283 887 4349 est3
902 4279 951 4334 sed
972 4283 994 4336 l)
1010 4281 1060 4351 qui
1073 4280 1172 4351 utique
1187 4279 1283 4334 omnia
1298 4279 1359 4349 ejus
1373 4279 1479 4349 scripta
1492 4278 1601 4349 optime
1613 4284 1747 4345 noverat,
1760 4283 1848 4350 utpote

107 4363 244 4417 continuo
264 4380 317 4435 per
338 4364 441 4419 diriore
464 4365 666 4420 misericordia
690 4367 910 4438 providentiam,
926 4373 954 4424 et
1008 4368 1042 4423 ab
1057 4367 1120 4439 ipso
1135 4367 1271 4434 nutritos,
1294 4371 1322 4422 et
1336 4383 1401 4422 cnm
1416 4384 1451 4422 eo
1467 4368 1565 4421 multis
1588 4367 1744 4422 curriculis
1764 4383 1847 4421 anno-

107 4450 235 4507 conciliis
250 4468 283 4506 ac
305 4453 418 4507 statutis
443 4453 675 4510 beatissimorum
704 4457 831 4525 Petrum,
858 4462 887 4511 et
901 4457 949 4512 de·
1006 4472 1069 4511 rum
1086 4461 1268 4510 conversatus
1282 4456 1358 4511 inter
1381 4461 1495 4510 caeteros
1516 4455 1604 4510 libros
1623 4456 1689 4526 ejus
1704 4459 1847 4510 memorat.

107 4540 191 4596 cretis
214 4545 300 4612 etque
320 4543 487 4598 auctoritate
505 4544 669 4614 apostolicae
688 4545 764 4600 sedis
784 4545 953 4617 pontificum
1009 4547 1105 4616 Neque
1127 4546 1201 4599 ultus
1227 4545 1285 4600 lere
1310 4544 1516 4599 ecclesiasticus
1544 4544 1669 4615 scriptor
1692 4545 1757 4615 ejus
1781 4533 1849 4598 men

107 4630 291 4686 solertissime
311 4631 418 4699 sedata,
442 4637 528 4704 atque
554 4637 672 4688 sanata:
699 4634 740 4688 ita
762 4639 795 4688 ut
816 4635 910 4689 stultis
925 4639 953 4689 et
1006 4633 1113 4687 tionem
1129 4632 1221 4688 lacere
1231 4633 1387 4698 invenitur,
1404 4636 1432 4686 et
1447 4631 1511 4686 ideo
1527 4631 1598 4685 falsa
1608 4632 1849 4703 superscriptione

106 4716 327 4790 indisciplinatis
353 4719 558 4790 questionibus
580 4720 727 4775 sitentium
742 4720 952 4792 imponeretur,
1005 4723 1151 4776 titulatum
1166 4722 1284 4776 minime
1297 4720 1417 4776 dubium
1433 4728 1484 4774 est.
1501 4720 1582 4774 llunc
1596 4735 1667 4790 ergo
1690 4720 1740 4775 isti
1752 4719 1849 4776 relictis

106 4811 135 4861 et
147 4807 318 4862 sanctissimi
337 4823 369 4861 ac
389 4807 575 4863 sincerissimi
597 4809 721 4864 doctoris
744 4810 901 4864 auctoritas
921 4809 953 4864 in
1006 4811 1067 4880 ejus
1082 4810 1263 4876 authenticis,
1281 4815 1311 4864 et
1334 4809 1498 4864 clarissimis
1522 4808 1612 4874 libris,
1627 4825 1703 4880 quos
1724 4810 1848 4865 universa

106 4895 239 4949 omuibus
270 4897 409 4964 Ecclesiis,
444 4902 530 4969 atque
562 4899 592 4952 in
620 4897 683 4969 ipsa
711 4898 778 4953 sede
798 4898 953 4969 apostolica
1007 4899 1130 4954 Ecclesia
1144 4898 1285 4970 sequitur,
1303 4897 1472 4970 confingunt
1487 4913 1539 4951 suo
1553 4911 1651 4951 errore
1675 4903 1764 4970 atque
1780 4911 1848 4952 meu

105 4985 335 5040 confirmaretur.
360 4987 489 5058 Denique
515 4987 695 5042 beatissimos
726 5004 800 5060 papa
823 4988 953 5046 Coelesti·
1005 4989 1097 5053 dacio,
1113 4989 1191 5043 velut
1205 4993 1271 5058 post
1286 5004 1387 5043 omnes
1402 4987 1491 5041 libros
1510 5002 1576 5040 suos
1591 4987 1746 5057 praelatam
1762 4986 1846 5059 ponti·

106 5092 171 5143 uus,
187 5075 267 5146 qu'us
286 5075 454 5130 auctoritate
478 5080 506 5130 et
534 5076 674 5131 industria
702 5077 870 5133 Nestoriana
894 5078 952 5132 hae·
1004 5078 1088 5132 licem
1125 5078 1259 5132 ultimum
1296 5075 1506 5147 conscripsisse,
1537 5078 1565 5129 et
1586 5080 1733 5144 esserunt,
1777 5070 1845 5146 quod

106 5163 175 5217 rasis
190 5179 320 5233 surgens,
338 5179 403 5218 eum
419 5181 471 5218 suo
495 5170 611 5219 auctore
627 5181 764 5236 oppressa
784 5170 836 5232 est,
852 5170 952 5221 contra
1004 5166 1145 5240 quidquid
1173 5166 1204 5220 in
1232 5165 1459 5237 precedentibus
1480 5163 1560 5218 libris
1585 5163 1645 5217 sais
1670 5163 1707 5219 de
1721 5165 1846 5236 gretieet

105 5252 178 5307 tanti
196 5251 249 5306 viri
275 5254 506 5324 reprehensores,
532 5255 576 5309 rel
601 5256 698 5325 potius
718 5253 950 5326 calumniatores,
1004 5255 1094 5311 libero
1120 5254 1248 5322 arbitrio,
1274 5254 1309 5308 de
1330 5251 1585 5325 predestinatione
1608 5256 1637 5307 et
1673 5251 1845 5324 prescientia

105 5340 217 5395 sicutin
233 5341 313 5396 libris
327 5342 476 5397 Cononem
493 5342 568 5398 inter
583 5342 698 5398 decreta
711 5343 880 5415 pontificum
895 5345 950 5399 lto-
1004 5345 1055 5402 Dei
1070 5352 1222 5417 perperam
1235 5342 1358 5408 dixerat,
1376 5343 1406 5396 in
1417 5341 1472 5396 isto
1482 5341 1615 5396 correxit.
1629 5340 1714 5406 Quod
1734 5342 1843 5396 omniuo

105 5442 256 5484 manorum
272 5431 478 5498 contineretur,
494 5432 607 5503 scripsit
622 5432 658 5487 ad
681 5431 829 5504 episcopos
846 5432 951 5489 Gallia·
1004 5434 1107 5489 absita
1125 5433 1218 5500 nobis,
1235 5436 1267 5487 ut
1290 5437 1350 5486 tam
1377 5430 1517 5486 nefariam
1543 5435 1743 5484 commentum
1767 5428 1842 5484 susci·

104 5530 180 5584 rum,
196 5521 275 5573 tanta
288 5520 671 5577 reverentiaetlaudeitlum
687 5523 903 5590 commendans,
918 5526 952 5578 ut
1003 5537 1072 5593 pere
1094 5523 1256 5592 patiamur:
1282 5525 1316 5576 ut
1339 5523 1459 5591 propter
1480 5517 1643 5573 istiusmodi
1660 5517 1767 5573 librum
1790 5513 1843 5587 (qui
