3930 6098
593 272 638 327 DE
658 272 737 327 vlla
753 275 781 328 S.
803 272 949 329 thanet.
961 301 994 314 -
1005 274 1071 328 Llll.
1093 276 1137 328 lll.
1697 282 1748 335 962

91 417 123 468 re,
137 408 167 456 et
181 402 296 456 sceleris
312 401 420 472 pariter
435 402 578 456 consortia
593 402 685 457 ferre:
863 409 886 459 Α
900 406 966 458 Plus
983 411 1078 459 tamen
1099 405 1153 458 ista
1175 405 1276 473 nitent,
1293 422 1358 476 quae
1381 406 1444 460 coeli
1461 423 1494 460 ex
1516 423 1580 462 arec
1597 408 1747 479 refulgent.

90 491 182 545 ahena
196 506 259 544 reos
273 489 392 543 adduxit
405 490 502 543 missio
519 507 609 557 noxa,
901 495 1022 548 Pulcher
1035 493 1152 564 ubique,
1170 495 1244 563 polo,
1260 499 1345 560 terra,
1361 502 1507 564 pontoque
1523 501 1693 563 coruscans,

90 579 187 633 illente
200 579 265 633 dolo
280 594 309 632 se
325 578 423 632 fallere
441 595 523 649 posse
537 585 669 649 putantes
901 583 1018 653 Respice
1033 581 1153 636 dillusos
1162 582 1283 652 jamjam
1297 583 1457 637 miserando
1472 584 1585 651 lideles;

105 669 207 738 plenus
222 672 284 721 erat
298 667 349 736 qui
363 668 428 737 puri
445 668 572 721 lluminis
588 668 701 722 haustu.
901 672 1008 741 Hisque
1020 671 1121 740 jugem
1139 670 1271 740 precibus
1286 672 1372 723 saeris
1387 672 1507 741 deposce
1523 673 1658 739 salutem;

90 758 157 811 bant
171 756 242 809 falso
259 756 374 810 fallaces
388 756 494 810 lamine
510 758 589 822 falsa,
900 757 1046 821 Quatenus
1060 757 1179 812 invictas
1191 757 1346 812 retinentes
1360 767 1473 828 pectore
1487 760 1570 823 vires,

90 861 126 900 ue
141 861 209 899 rura
222 844 290 897 satis
305 861 334 897 se
349 845 452 899 Sancto
468 846 617 899 ostendere
634 861 737 914 posse:
902 845 957 899 Nec
979 846 1055 900 mala
1079 860 1131 899 nos
1154 845 1297 916 frangant,
1324 862 1377 900 uec
1393 852 1519 902 mentem
1543 864 1679 920 prospera
1701 866 1748 904 ra·

89 933 192 988 uitetur
207 948 254 986 eos
269 948 369 987 caussa
384 933 537 1005 studioque
552 933 660 987 tuendi.
705 920 711 927 ’
1646 936 1746 1009 [ptent.

89 1036 121 1074 us
138 1025 168 1075 et
181 1035 347 1091 quanquam
364 1021 445 1074 miles
459 1021 637 1076 simulaverit
653 1037 712 1089 ore,
1232 1040 1345 1095 gqppp
1365 1040 1415 1096 111,

89 1110 121 1164 rit
134 1114 162 1163 et
178 1113 256 1163 tanto
270 1109 418 1163 mendacia
435 1109 510 1164 dicte
527 1111 688 1180 Prophetae,

101 1199 281 1251 monstrante
296 1197 352 1249 lleo
367 1196 407 1249 nil
420 1197 559 1262 clausum,
574 1197 672 1266 nilque
686 1197 792 1251 latebat

89 1296 145 1338 :um
161 1284 251 1350 libris,
268 1285 307 1337 nil
323 1289 430 1337 tectum
446 1284 569 1354 pecturis
584 1285 682 1338 antris.
936 1272 962 1323 8·
981 1269 1073 1322 ¹¹¹⁵&st
1089 1269 1153 1336 stes,
1165 1269 1344 1339 jamjamqffll
1360 1270 1510 1340 seillelmi!
1522 1276 1691 1343 letor‘luent

88 1389 119 1427 u,
133 1373 163 1426 qn
176 1375 257 1442 cujus
272 1372 312 1426 510
328 1389 407 1426 mens
421 1379 454 1426 ut
469 1373 568 1442 lingua
582 1374 721 1440 sonabam
899 1358 1039 1412 Carminis
1053 1373 1214 1425 excursum,
1227 1358 1339 1410 canitur
1355 1372 1401 1411 ree
1418 1359 1505 1429 digna
1521 1360 1623 1414 relatu.

88 1477 171 1515 ame„
187 1461 301 1531 injustis
316 1460 455 1514 scelerum
470 1461 611 1514 pambus
626 1462 686 1530 ipse
903 1446 1006 1500 lllentio
1021 1461 1145 1514 namque
1161 1446 1215 1498 riri
1227 1447 1398 1500 venerandis
1414 1448 1545 1502 laudibus
1560 1454 1627 1519 apta
1641 1455 1695 1518 est,

89 1549 121 1615 it,
136 1555 185 1602 aut
198 1549 280 1602 saeris
296 1548 464 1601 monstrarit
480 1554 560 1618 terga
573 1549 719 1604 ministris.
900 1536 1028 1603 Numque
1044 1534 1231 1603 &andelium
1247 1534 1354 1605 r⁰r¹¹¹0
1370 1536 1437 1589 dum
1453 1536 1589 1605 predicat
1604 1539 1693 1605 ⁰m¹¹is

97 1653 150 1690 nec
166 1637 285 1690 invictus
302 1636 413 1690 animos
427 1635 551 1689 formido
567 1653 719 1705 pererrans
900 1622 1015 1676 Nemus
1030 1622 1144 1692 i¹¹⁰⁰9l>ti
1161 1638 1258 1676 curam
1274 1623 1368 1675 ¹⁸¹⁸?ss
1384 1623 1498 1688 ¹³b⁰ll⁵2

88 1724 132 1791 lit,
144 1731 193 1778 aut
206 1725 336 1779 stabilem
353 1725 439 1793 liquit
451 1727 611 1778 constantia
626 1730 772 1780 mentem:
865 1699 886 1753 B
902 1713 1085 1781 L³³⁸³l⁰⁵qu⁰
1101 1716 1179 1764 astus
1199 1711 1310 1765 m⁰di⁰³
1327 1727 1409 1781 repar
1411 1727 1442 1764 ΒΓ
1444 1727 1459 1764 ⁶
1474 1713 1581 1782 quiete,

87 1813 121 1866 sii
132 1813 241 1883 jugiter
256 1812 395 1882 quoni-,qm
411 1811 538 1865 fervebat
552 1829 660 1866 amm,
899 1800 1077 1853 Pertustrans
1092 1799 1158 1869 pagi
1170 1799 1294 1852 confinia
1309 1798 1532 1866 Bellovacensis;

87 1918 208 1972 ‚nquam
222 1901 332 1955 dederit
347 1918 422 1954 nunc
443 1903 584 1971 temporis
599 1902 677 1971 oppio
693 1909 791 1958 popum
898 1888 1081 1941 lltosscntus
1096 1889 1175 1941 lucus
1189 1894 1241 1952 est,
1257 1903 1314 1957 quo
1329 1886 1448 1942 Sanctus
1463 1888 1539 1942 venit
1555 1889 1675 1944 anhelus

88 1989 136 2055 fis,
153 1991 273 2043 emerit„
289 2007 346 2043 110„
361 1995 405 2043 ρει
421 1989 566 2043 fraudatus
582 1991 702 2045 honore,
898 1975 958 2039 Oua
974 1975 1103 2029 modicus
1116 1976 1186 2047 ripis
1203 1974 1305 2039 refluit,
1322 1977 1371 2029 sed
1386 1992 1496 2029 massus
1511 1977 1613 2045 opimis
1627 1981 1641 2022 b

87 2077 193 2148 superis
209 2077 300 2146 magis
312 2083 355 2130 est
371 2076 515 2131 laudanda
531 2079 661 2148 potentia
675 2080 789 2143 Christi,
899 2064 989 2117 Ubere
1002 2065 1140 2118 slflfflffllfi
1152 2064 1260 2135 c⁰l³l⁰si
1276 2071 1305 2118 θῑ
1320 2079 1439 2118 munem
1452 2065 1553 2119 Rflfflffi
1569 2082 1576 2119 ³

92 2165 172 2220 dedit
185 2166 252 2220 huic
269 2165 395 2236 palmam
412 2166 501 2236 gratis
516 2167 577 2220 sine
599 2168 715 2221 vulnere
732 2168 841 2222 mortis.
898 2155 951 2206 Nec
965 2152 1065 2221 Ps⁰⁰¹¹l
1081 2170 1097 2206 ἃ
1112 2157 1214 2217 “fletus
1235 2167 1322 2222 (luem
1336 2167 1435 2206 0¹¹f⁵1¹⁵
1455 2156 1603 2222 c⁰¹1¹llletc
1621 2154 1746 2210 0s0¹¹1¹ffl

897 2240 948 2293 llic
963 2239 1056 2295 fuerat
1072 2242 1175 2294 mulier
1189 2241 1311 2310 geminis
1326 2241 1442 2295 viduata
1452 2242 1575 2296 lucernis
1591 2259 1597 2296 :

899 2329 1001 2383 Fronte
1017 2328 1192 2383 subobscura
1206 2328 1297 2382 noctis
1313 2328 1458 2383 simulatio
1471 2346 1546 2393 rere,

897 2417 983 2488 Cujus
998 2433 1102 2487 nempe
1118 2417 1236 2471 modum
1253 2418 1321 2471 dum
1333 2418 1429 2472 tostus
1443 2418 1574 2471 cominus
1588 2419 1697 2474 instans

896 2507 1053 2573 Scrutatur,
1069 2506 1169 2560 didicit
1184 2522 1283 2559 carisas
1299 2511 1469 2576 tempusque
1484 2511 1595 2576 negatae

897 2594 993 2658 Dircis,
1008 2601 1037 2648 et
1051 2593 1179 2663 auguriis
1193 2595 1284 2663 justas
1300 2593 1435 2663 quaesisse
1451 2593 1593 2659 tenebras,

897 2682 1092 2736 Frondicornae
1109 2684 1173 2736 lleae
1188 2699 1218 2735 se
1233 2682 1391 2736 deseruisse
1406 2696 1566 2736 renarrans.

896 2771 979 2826 Discit
993 2787 1056 2825 eam
1068 2771 1169 2841 rigidis
1183 2786 1329 2825 ramorum
1347 2769 1466 2823 lleiibus
1483 2770 1578 2839 arbor,

896 2859 957 2923 Quo
973 2864 1057 2930 caput
1072 2860 1213 2913 extulerat
1228 2875 1360 2929 perversa
1375 2857 1457 2928 fruge
1472 2859 1581 2913 colonis

897 2949 985 3002 Noxia
998 2947 1163 3002 lethiferum
1179 2947 1300 3017 gignens
1315 2946 1409 3000 radice
1425 2962 1576 3011 venenum,

897 3037 1012 3091 Rustica
1024 3036 1104 3106 plebs
1118 3035 1212 3106 prisco
1223 3050 1309 3106 quam
1324 3040 1539 3089 consecraverat
1552 3035 1635 3090 hosti.

896 3125 980 3179 Fudit
995 3129 1024 3179 et
1043 3129 1074 3178 ut
1090 3125 1193 3177 mulier
1208 3125 1346 3195 plangens
1368 3124 1584 3194 lacrymansque
1601 3124 1743 3195 querelas,

896 3212 1029 3268 Reddidit
1042 3212 1086 3266 his
1101 3213 1220 3267 Sanetus
1235 3213 1383 3267 miseranti
1398 3217 1511 3282 pectore
1522 3228 1603 3267 voces
1620 3228 1625 3266 :

897 3303 957 3356 Nou
973 3300 1105 3355 miranda
1118 3300 1215 3367 refers,
1232 3300 1337 3366 mulier
1351 3305 1454 3354 caecate
1471 3305 1550 3354 reatu

895 3389 965 3443 Cum
979 3389 1095 3458 proprio
1113 3388 1224 3458 plangis
1240 3387 1406 3442 discrimina
1416 3387 1535 3442 crimine
1550 3393 1636 3442 creta.

894 3477 995 3547 Magna
1008 3476 1057 3530 sed
1074 3476 1200 3530 admiror
1215 3491 1302 3547 quam
1313 3476 1350 3530 sit
1360 3477 1512 3530 clementia
1522 3476 1637 3542 Christi,

895 3564 980 3633 Cujus
995 3565 1074 3636 larga
1090 3565 1174 3619 nimis
1190 3570 1217 3619 te
1229 3566 1289 3634 jam
1304 3563 1443 3634 patientia
1457 3568 1562 3635 portal,

896 3653 982 3722 CuJus
998 3653 1033 3707 ad
1048 3652 1186 3706 offensam
1202 3651 1317 3722 proprio
1333 3653 1507 3708 famulabilis
1522 3655 1597 3708 hosti

895 3742 1053 3796 Emeritum
1067 3742 1171 3795 retines
1186 3741 1325 3795 damnum
1333 3743 1502 3812 justumque
1516 3742 1667 3812 pudorem.

895 3834 930 3885 At
944 3831 997 3885 tibi
1011 3830 1035 3884 si
1051 3835 1181 3900 superest
1195 3829 1305 3883 amissae
1321 3845 1390 3883 cura
1404 3829 1503 3882 salutis

894 3922 1049 3973 assensum
1066 3918 1236 3988 nostrisjam
1251 3924 1319 3971 tunc
1329 3918 1456 3987 prebere
1470 3918 1600 3988 loquelis.

895 4009 987 4079 Ocyus
1002 4008 1136 4062 audacter
1151 4008 1208 4060 Dea
1223 4023 1280 4077 quo
1296 4009 1352 4060 stat
1367 4005 1511 4075 pestilera,
1527 4007 1578 4070 ito,

897 4097 951 4167 Spe
975 4096 1069 4151 stabili
1090 4096 1227 4150 confirma
1246 4094 1386 4160 animum,
1405 4095 1592 4165 dextramque
1613 4093 1742 4164 bipenni,

895 4185 986 4240 Arbor
1001 4191 1032 4239 ut
1047 4185 1082 4237 ad
1099 4190 1188 4238 terras
1196 4184 1257 4254 jam
1271 4189 1389 4256 proruat
1404 4189 1466 4236 acta
1479 4182 1582 4248 securi,

861 4274 985 4341 pQuam
1001 4273 1144 4328 veneraris
1160 4291 1167 4326 :
1186 4272 1264 4327 enim
1279 4272 1362 4327 citius
1377 4272 1514 4343 promitto
1528 4271 1658 4326 luterum

897 4363 1017 4417 Credula
1031 4363 1053 4415 si
1070 4362 1167 4429 fueris,
1184 4362 1278 4416 felicia
1290 4368 1355 4416 vota
1371 4367 1529 4433 reportans,

896 4450 976 4513 Orrod
993 4449 1087 4519 capies
1101 4449 1222 4503 celerem
1245 4449 1442 4502 membrorum
1460 4448 1622 4520 animaque
1646 4450 1744 4504 mede·

82 4527 92 4580 l
107 4527 240 4595 nimium,
256 4529 356 4583 dilecte
372 4532 439 4596 Deo,
456 4532 501 4586 cui
517 4533 620 4587 militat
635 4534 734 4601 ather,
1664 4538 1744 4608 llam,

91 4615 120 4668 in
135 4617 239 4670 auxilio
255 4618 376 4671 eoelestis
390 4620 520 4673 machine
536 4621 669 4676 frendens
899 4626 954 4679 Nec
969 4641 1049 4679 mora
1062 4625 1131 4679 dum
1147 4627 1281 4694 properat
1294 4622 1407 4691 mulier,
1421 4622 1543 4677 ducente
1559 4624 1665 4694 puelle,

83 4709 175 4773 parat,
192 4705 291 4760 lumen
304 4707 432 4774 retrahit,
451 4708 617 4780 lethumque
632 4711 768 4764 minatur.
895 4714 1051 4767 Arboream
1067 4717 1199 4765 truncare
1215 4712 1312 4777 Deam,
1328 4710 1521 4782 frondensque
1534 4727 1671 4766 cacumen

83 4792 140 4846 tuis
154 4794 288 4860 tonitrus,
309 4811 361 4864 pro
382 4782 444 4849 telis
460 4797 563 4867 igneus
578 4799 680 4867 imber,
896 4800 1055 4870 Relligione
1069 4815 1168 4855 carens
1178 4798 1318 4853 succisum
1330 4798 1440 4853 tradere
1454 4798 1592 4865 llammis;
1642 4835 1643 4838 η

81 4880 167 4934 armis
182 4898 318 4952 quassans
333 4882 536 4938 immurmurat
551 4887 656 4941 arduus
672 4887 741 4941 aris.
790 4879 795 4888 ’
895 4888 1072 4959 Perspieiens
1084 4886 1202 4942 Sanctus
1217 4886 1284 4940 lidei
1300 4887 1459 4941 venerabile
1475 4887 1574 4941 lumen

81 4968 185 5022 mirum
198 4980 239 5022 est
255 4971 373 5024 serrissc
389 4973 445 5025 luis
461 4975 606 5028 terrestria
615 4976 711 5045 jussis,
896 4975 1017 5029 luterius
1031 4975 1150 5045 fulgere,
1166 4975 1256 5029 crucis
1267 4974 1436 5029 celebrabile
1451 4975 1565 5044 signum

81 5056 111 5109 lo
129 5059 271 5112 elementa
285 5059 370 5113 simul
386 5061 566 5130 quatiuntur,
584 5064 672 5118 ferret
693 5064 838 5134 Olympus.
896 5065 927 5118 In
943 5064 1044 5119 frontis
1060 5064 1153 5118 medio
1167 5063 1281 5134 gemina
1295 5063 1369 5117 inter
1386 5069 1513 5133 tempore
1526 5061 1654 5132 sculpsit,

80 5144 141 5211 tibi,
159 5145 214 5199 fida
231 5147 286 5200 tuis
301 5165 374 5218 spes,
390 5165 466 5203 mors
482 5149 587 5220 injusta
602 5158 727 5223 paratur.
897 5154 959 5206 ltlox
974 5168 1087 5223 quoque
1103 5154 1271 5222 conspicuus
1288 5153 1399 5206 delatus
1414 5152 1523 5205 coelitus
1538 5151 1614 5222 iguis

80 5248 203 5303 anquam
218 5234 276 5288 sint
291 5239 480 5307 magnasatis,
498 5256 562 5310 quae
576 5241 697 5311 gesserit
710 5245 786 5307 ante,
895 5241 1054 5311 Splenduit,
1072 5245 1100 5295 et
1112 5241 1215 5295 clausae
1228 5245 1348 5312 patuere
1362 5240 1391 5293 in
1405 5240 1496 5293 lronle
1511 5241 1652 5294 fenestrae.

900 1145 1024 1201 Caritate
1038 1148 1062 1199 et
1076 1144 1202 1214 paralysi
1220 1145 1323 1213 puniti,
1342 1148 1478 1198 serrantur
1496 1161 1544 1215 ope
1557 1148 1591 1216 ¹S.
1612 1148 1744 1204 Amuadi.

89 2304 194 2358 amque
208 2288 393 2358 supercilium
407 2288 513 2343 montis
527 2290 575 2360 pia
589 2290 703 2344 victima
715 2292 804 2346 adivit

86 2393 200 2447 ssorque
216 2377 303 2441 ferus,
321 2393 373 2431 ceu
388 2379 535 2448 quondam
550 2386 664 2433 sanctus
677 2380 764 2446 isaac,

104 2465 230 2536 maligna
244 2481 344 2519 manus
358 2467 482 2520 nimium
499 2469 620 2521 crudelis
635 2469 727 2522 lesum

86 2553 112 2607 lo
128 2554 224 2608 furore
240 2555 343 2621 calens,
359 2555 394 2609 ad
410 2556 515 2609 montis
531 2557 656 2611 culmina
670 2562 775 2612 nostrae

86 2658 147 2696 rem
163 2642 227 2695 vita
242 2643 381 2712 pertraxit
397 2643 646 2714 praecipitandum,

86 2747 104 2784 ic
118 2745 211 2800 posse,
223 2732 301 2785 velut
315 2730 501 2786 furibundum
518 2733 598 2800 velle,
616 2734 769 2789 habuisset.

90 2834 170 2872 secus
185 2819 230 2872 bic
244 2820 257 2874 J
262 2823 350 2887 ustus,
368 2834 434 2873 cum
449 2826 536 2874 staret
551 2822 637 2888 mitis,
656 2828 687 2876 ut
704 2838 805 2892 agnus.

85 2907 150 2960 renis
166 2907 269 2978 pietate
285 2909 370 2977 lupis,
390 2924 456 2962 mox
469 2911 579 2964 coelitus
599 2916 668 2964 atrae

85 2999 125 3049 :tas
140 2995 230 3049 nubes
245 2997 342 3049 oeulos
357 2997 484 3050 clausere
500 2999 653 3065 malorum,
862 2993 882 3048 C

85 3082 186 3138 hoebea
204 3088 281 3153 patet
297 3083 384 3154 digno
400 3085 467 3137 satis
482 3085 584 3139 ordine
598 3087 708 3157 lampas
724 3106 732 3141 ε
804 3129 809 3144 .

85 3169 178 3224 rtrahit
190 3170 276 3239 jubar
288 3175 317 3224 et
331 3171 425 3224 radios
440 3173 580 3226 convertit
593 3173 622 3226 in
638 3173 763 3242 umbras,

84 3258 147 3312 rtilo
161 3258 284 3328 spoliare
300 3258 416 3313 student
430 3260 582 3328 splendore
597 3261 751 3326 lucernam,

84 3362 99 3399 a
114 3345 270 3417 diffugiunt
285 3347 383 3413 oculis,
396 3363 451 3400 non
465 3347 574 3418 ingruit
589 3350 685 3421 ampla
700 3370 707 3404 :

84 3439 213 3506 eslasque
227 3435 285 3488 ruit
300 3436 450 3490 commisto
466 3438 607 3506 grandine
623 3439 750 3509 grandis.

84 3524 143 3577 solo
158 3523 238 3576 strati
252 3524 366 3593 culpam
381 3524 551 3595 justumque
567 3526 692 3581 fatentur

83 3611 181 3676 icium,
198 3612 311 3666 veniam
326 3614 453 3683 rogitant
471 3631 477 3668 :
496 3620 629 3669 curratur
643 3617 763 3672 adorans

83 3716 144 3754 ram
157 3701 264 3768 fustus,
279 3701 393 3771 pietatis
405 3718 502 3757 amore
518 3706 644 3774 repletus
661 3723 667 3759 :

83 3788 176 3843 ambra
191 3789 351 3859 herbigeris
367 3792 524 3860 prosternit
537 3793 566 3845 in
580 3809 685 3863 aggere
700 3794 805 3865 glebis3

83 3876 141 3930 rius
156 3876 267 3931 absistit
281 3877 375 3932 studio
392 3882 515 3950 votoque
530 3881 675 3952 precandi,

83 3964 217 4019 :aetherei
230 3981 259 4018 se
275 3966 431 4021 submisere
448 3967 569 4034 fureres,

83 4068 162 4106 urum
173 4053 356 4125 tonitrusque
368 4056 455 4109 etiam
471 4072 579 4110 cessere
595 4058 732 4127 fragores.

82 4156 126 4211 [ue
140 4157 240 4195 serena
255 4142 311 4196 illis
322 4159 351 4196 se
368 4144 489 4198 reddunt
505 4146 612 4200 aethera
629 4143 777 4215 misturis,

88 4230 118 4279 nt
137 4243 224 4296 quarn
244 4229 346 4282 merito
366 4230 540 4284 aitsanctus
561 4233 666 4286 honore
687 4234 838 4289 serendus.

82 4330 167 4368 mum
184 4316 272 4378 missi,
289 4317 453 4388 factumque
470 4319 573 4374 referte
590 4323 723 4382 Patrono,

82 4403 145 4457 bees
160 4404 231 4457 alios
246 4421 282 4458 ne
296 4412 361 4475 post
372 4423 421 4460 ros
437 4407 532 4462 mittat
545 4411 686 4463 rimando.

80 5390 100 5426 a
126 5375 185 5442 lla,
217 5377 317 5432 Elnon.
353 5381 473 5434 alterum
507 5382 591 5436 habet
615 5385 784 5444 dassaretas:
813 5387 842 5438 at
931 5382 1073 5454 bllargini
1093 5384 1289 5451 alteriusllls,
1316 5384 1491 5454 adscriptum
1515 5389 1585 5451 erat,
1605 5389 1741 5455 fluviolus.

80 5449 161 5512 utam,
179 5463 229 5500 seu
248 5451 403 5517 Ressoaam,
424 5453 545 5521 pesteris
569 5452 625 5506 diei
647 5470 733 5523 supra
755 5459 841 5508 uota·
931 5452 1025 5521 clmo,
1040 5455 1168 5522 Areada,
1186 5461 1218 5508 ut
1231 5470 1319 5524 supra
1332 5455 1510 5509 adnotatum.

79 5543 96 5567 f·
