3930 6098
107 307 171 360 toti
669 303 695 356 S.
717 299 855 356 huhrau
875 297 1114 356 LUGDUNENSIS
1128 296 1286 355 netscorl
1785 296 1844 350 toea

105 438 255 494 fruebatur
266 437 396 510 proximo
410 436 440 491 in
456 436 532 502 Deo;
547 435 584 490 ab
597 435 650 489 hac
665 434 724 490 vita
743 450 794 489 sua
816 438 948 490 mortuus
966 437 989 489 Α
1004 434 1108 506 quibus
1127 434 1184 489 dici
1197 437 1336 505 oporteat,
1358 433 1405 488 sad
1424 434 1486 504 ipsa
1502 432 1618 488 silentio
1633 433 1840 504 praetereunda.

106 529 158 591 est,
174 524 344 596 negligendo
361 526 462 590 ileum,
479 523 653 594 negligendo
669 523 795 593 seipsum
811 528 839 577 et
851 523 950 594 proxi-
1006 523 1076 579 Cum
1093 539 1162 594 ergo
1176 522 1212 578 de
1227 521 1355 594 praefatis
1371 519 1588 594 quaestionibus,
1605 525 1632 573 ιι
1645 518 1690 574 illi
1716 518 1766 590 qui
1779 519 1847 573 haue

106 629 203 668 mum:
221 636 231 662 ι
247 613 388 677 Quoniam
404 611 455 682 qui
467 628 524 666 non
539 611 643 682 diligit,
660 617 758 666 manet
772 611 800 665 iu
817 616 919 665 morto.
936 633 950 661 ιι
1006 610 1162 667 secundam
1177 610 1292 681 scripsit
1306 609 1458 681 epistolam
1475 607 1602 663 breviter
1616 606 1780 678 significare
1794 607 1848 661 ιιι-

106 699 210 754 Auima
238 699 335 770 itaqua
361 700 498 764 humana,
524 702 552 753 ιι
573 698 698 752 hnmana
722 699 862 761 volrrntas,
879 698 952 751 sicut
1007 699 1046 754 let
1058 705 1199 771 quantum
1216 698 1292 770 apud
1313 714 1360 753 eos
1382 701 1455 751 esset
1484 695 1648 768 inquirendi
1675 695 1850 762 studium,sl

106 802 170 839 vere
186 792 282 841 manet
304 786 334 840 in
350 792 444 841 morte
467 802 525 840 nou
541 785 698 857 diligendo,
722 786 764 844 ita
777 802 843 840 vere
860 792 951 841 trans·
1006 793 1113 859 quanta
1137 787 1313 842 dissonantia
1335 785 1553 851 sententiarum,
1578 788 1747 856 quantaque
1763 782 1849 837 avidi·

106 873 195 928 fertur
218 873 253 928 de
275 875 419 929 mortain
444 875 530 928 sitam
554 874 710 943 diligendo.
738 875 769 928 Et
791 874 863 929 sicut
885 891 953 928 vera
1008 880 1065 931 tate
1079 875 1301 942 desideraretur,
1313 880 1345 929 ut
1357 875 1391 929 de
1409 874 1454 928 his
1464 874 1550 928 rebus
1561 872 1674 945 aliquid
1690 876 1810 936 certum,
1826 875 1851 925 ιι

104 977 179 1016 mors
194 963 254 1033 ejus
271 970 313 1018 est
336 979 393 1017 non
409 962 540 1032 diligere,
564 962 604 1017 ita
619 967 647 1016 et
672 979 738 1016 rara
755 963 813 1017 vita
834 963 896 1034 ejus
910 967 953 1016 est
1008 965 1114 1035 absque
1134 963 1320 1035 ambiguitate
1344 962 1522 1034 sequendum
1548 960 1670 1015 inveniri
1697 965 1726 1015 et
1745 960 1851 1015 ostendi

105 1050 235 1121 diligere.
259 1052 315 1105 Hac
341 1051 491 1107 dilectione
507 1067 565 1105 non
588 1051 620 1105 fit
643 1067 709 1105 vere
729 1051 850 1105 liberum
873 1050 953 1105 arbi·
1007 1057 1112 1124 posset,
1126 1053 1166 1107 ita
1181 1051 1241 1106 ait:

104 1139 204 1206 trium,
222 1139 252 1193 id
268 1145 388 1193 estsere
404 1140 492 1194 libera
508 1141 650 1205 voluntas,
669 1140 724 1194 nisi
738 1140 787 1194 illo
801 1140 951 1207 liberante,
1338 1136 1518 1178 PARDULUS·

105 1227 134 1282 id
149 1233 192 1281 est
204 1227 363 1281 libertatem
381 1227 520 1298 largiente
536 1228 586 1298 qui
601 1229 655 1282 ait:
672 1251 686 1278 «
702 1228 731 1282 Si
747 1244 795 1282 vos
814 1229 900 1282 Filius
914 1226 952 1280 li·
1044 1250 1058 1278 «
1072 1230 1171 1284 Plures
1183 1228 1251 1283 inde
1270 1227 1347 1299 apud
1367 1243 1419 1281 nos
1444 1225 1628 1297 scripserunt.
1644 1226 1680 1280 Et
1694 1240 1759 1279 cum
1773 1225 1851 1297 qnin-

107 1315 258 1381 beravcrit,
270 1320 337 1369 tunc
348 1332 412 1370 rere
428 1316 509 1371 liberi
524 1317 603 1371 eritis
621 1319 716 1389 (doen.
734 1333 792 1384 vnr,
818 1318 899 1388 36),ι
924 1320 954 1370 ιι
1007 1334 1063 1389 que
1078 1333 1111 1372 ex
1127 1317 1167 1371 eis
1180 1316 1365 1381 nominasset,
1382 1315 1456 1369 inter
1473 1331 1546 1386 qnos
1569 1314 1654 1368 etiam
1679 1314 1850 1369 Amalarium

107 1403 163 1457 nisi
177 1403 224 1456 illo
239 1418 359 1458 munere
372 1403 495 1474 Spiritus
510 1405 560 1460 Dei
576 1406 610 1460 de
628 1422 684 1475 quo
700 1405 769 1459 dicit
782 1406 951 1475 Apostolus:
1007 1406 1151 1477 scripsisse
1167 1404 1344 1466 memorarit,
1367 1403 1515 1474 subjunxit
1535 1403 1651 1457 dicens:
1669 1423 1685 1452 «
1709 1401 1766 1457 Sed
1788 1402 1851 1473 quia

109 1490 305 1546 «Ubiautem
330 1492 451 1563 Spiritus
478 1493 604 1559 Domini,
628 1493 667 1547 ibi
695 1494 809 1548 libertas
833 1493 870 1565 (li
891 1494 950 1551 Gor.
1007 1492 1295 1549 hecintersevatde
1317 1491 1533 1558 dissentiebant,
1562 1491 1679 1545 Scotum
1703 1490 1785 1545 illum
1806 1490 1851 1561 qni

109 1595 148 1647 ιιι,
163 1582 215 1647 ιι).
234 1601 244 1627 ι
1009 1583 1095 1638 estin
1110 1583 1216 1654 palatio
1237 1581 1322 1652 regis,
1344 1582 1484 1635 loannem
1502 1579 1619 1633 nomina
1640 1579 1767 1633 scribere
1788 1594 1850 1633 coe-

143 1669 239 1724 Sedet
263 1670 333 1725 illud
359 1670 433 1742 qnod
456 1670 570 1725 inistis
590 1670 685 1725 verbis
707 1670 828 1726 dicitnr:
846 1693 860 1720 α
881 1671 953 1736 Quia
972 1672 1112 1756 Bgimus.
1127 1691 1141 1724 ιι
1157 1673 1191 1726 nt
1204 1671 1290 1742 paulo
1304 1673 1382 1741 post:
1402 1689 1416 1718 ιι
1431 1669 1499 1734 Qua
1520 1674 1616 1724 autem
1641 1668 1721 1722 inter
1743 1673 1851 1722 nostros

107 1757 215 1812 bonnm
229 1759 306 1828 qnod
330 1758 454 1828 agimus,
479 1763 508 1813 et
525 1759 574 1814 [lei
602 1765 645 1813 est
668 1766 697 1815 et
718 1766 868 1815 nostrum:
886 1760 954 1831 qnia
1007 1761 1073 1816 inde
1090 1760 1126 1815 sit
1140 1760 1264 1815 maxima
1277 1757 1424 1814 contentio
1440 1758 1520 1812 robis
1534 1757 1689 1828 significo.)

108 1846 246 1901 nisiesset
266 1846 327 1917 Dei,
348 1847 450 1901 nonai
471 1863 523 1918 pro
546 1847 646 1902 eodem
669 1847 744 1901 bono
768 1849 796 1902 in
813 1851 953 1903 aternum
1044 1849 1196 1914 «Quidam
1219 1846 1341 1902 dicimus
1364 1845 1560 1915 augustinum
1587 1844 1714 1900 edidisse
1729 1844 1851 1899 libellum

108 1935 213 2006 gratias
228 1951 380 2006 ageremus
395 1953 402 2003 ;
418 1941 447 1990 et
461 1936 516 1990 nisi
536 1942 610 1991 esset
627 1940 768 2003 nostrum,
785 1953 844 1991 uon
869 1937 954 1992 abeo
1007 1954 1094 2009 quem
1115 1936 1345 2008 llypognosticon
1362 1934 1590 2005 praeintitulavit.
1614 1935 1646 1987 Et
1665 1933 1786 2004 qnidam
1804 1948 1850 1987 no·

107 2039 160 2094 pro
173 2026 274 2079 eodem
291 2026 367 2080 hono
379 2025 455 2095 juste
474 2024 592 2095 praemia
614 2031 852 2094 exspectaremus.
872 2043 884 2077 s
902 2027 954 2080 Ne
1008 2031 1133 2080 atrorum
1150 2024 1258 2090 dicunt,
1273 2040 1332 2077 non
1346 2040 1362 2077 a
1374 2021 1494 2093 praefato
1507 2021 1714 2077 virceumdem
1728 2021 1851 2076 libellum

108 2111 298 2184 scimusquid
318 2112 475 2180 divisionis,
506 2113 550 2165 rel
571 2113 719 2183 cujusdam
742 2112 954 2167 distributionis
1008 2130 1069 2169 esse
1084 2113 1211 2168 editum:
1230 2112 1307 2183 quod
1323 2110 1505 2166 mendacium
1519 2126 1580 2164 esse
1594 2109 1651 2164 cito
1666 2109 1790 2180 probare
1804 2125 1851 2179 po·

109 2200 204 2269 unius,
221 2207 306 2273 atque
318 2201 448 2272 ejusdam
467 2201 535 2255 boni
550 2203 625 2255 inter
648 2202 737 2254 Deum
763 2204 791 2255 et
805 2201 954 2256 hominem
1007 2202 1084 2270 terit,
1101 2202 1152 2274 qui
1167 2201 1324 2256 secundnm
1340 2200 1468 2254 libellum
1483 2198 1635 2270 Augustini
1651 2213 1742 2268 quem
1755 2199 1785 2251 in
1799 2198 1852 2253 Ge-

108 2295 199 2344 sonat.
214 2290 301 2355 Quasi
316 2306 348 2344 ex
365 2295 446 2360 parte
462 2289 499 2343 sit
514 2289 573 2357 ιιιι,
591 2277 674 2344 et'ex
698 2293 781 2359 parte
810 2295 951 2358 nostrum,
1008 2290 1100 2347 uesim
1117 2294 1215 2344 contra
1230 2289 1399 2344 hanichaeos
1413 2280 1502 2342 edidit
1517 2286 1552 2341 ad
1576 2285 1665 2340 finem
1683 2300 1852 2357 usqneper·

107 2374 181 2430 sicut
200 2381 261 2431 tolo
282 2377 336 2432 isto
369 2394 502 2433 sermone
533 2395 659 2433 asserere
693 2378 806 2433 ridetur
831 2378 954 2448 scriptor
1007 2378 1118 2449 legerit,
1140 2376 1188 2431 ubi
1207 2376 1386 2431 demonstrat
1405 2390 1435 2428 se
1463 2375 1554 2445 ipsam
1578 2375 1771 2444 quaestionem
1790 2388 1851 2428 cum

107 2463 246 2534 epistolae,
259 2470 291 2519 ut
304 2465 386 2536 quasi
400 2466 516 2520 initium
533 2467 601 2521 honi
621 2467 711 2521 nostri
733 2466 953 2531 athanasiis·
1007 2466 1071 2522 aliis
1084 2466 1212 2539 quinque
1231 2469 1331 2520 contra
1346 2463 1454 2519 rabiem
1474 2462 1696 2519 Manichaeorum
1716 2462 1850 2527 edidisse;

107 2555 170 2605 ctus
186 2567 251 2606 vero
267 2552 481 2608 libarihumani
503 2554 634 2608 arbitrii:
661 2555 725 2607 licet
754 2556 829 2608 hunc
848 2573 862 2602 ι
879 2568 954 2606 erro·
1007 2558 1200 2625 etpropterea
1225 2551 1256 2606 in
1285 2551 1486 2606 retractatione
1500 2549 1573 2604 nihil
1588 2550 1658 2605 iude
1679 2565 1852 2605 commemo·

107 2655 168 2694 rem
183 2641 374 2711 velutgratiae
390 2642 583 2713 adJ‘unctiona
601 2658 659 2696 non
675 2641 953 2712 etiamplenitudine
1007 2645 1062 2708 rat,
1077 2641 1144 2713 qnia
1168 2655 1347 2711 quaecuuque
1373 2639 1509 2692 aliorsum
1538 2638 1573 2692 de
1602 2637 1852 2708 predestinatione

106 2731 412 2798 tenrperareconetur,
430 2751 440 2779 ι
458 2746 523 2784 cum
544 2746 609 2785 vere
626 2734 717 2784 totum
743 2730 780 2783 sit
799 2729 859 2797 Dei,
881 2730 954 2785 sicut
1007 2728 1126 2791 dixerat,
1141 2729 1170 2782 in
1199 2728 1300 2782 eodem
1328 2726 1425 2781 libello
1448 2725 1590 2796 corrigere
1614 2725 1738 2781 ridetur.
1764 2724 1852 2780 Simili

106 2813 169 2885 ipsa
181 2815 290 2870 Veritas
305 2815 392 2871 dicit:
409 2835 424 2868 s
439 2816 505 2872 Sine
527 2832 573 2871 me
587 2816 659 2870 nihil
674 2816 793 2888 potestis
810 2816 952 2871 lacere‘ls
1007 2817 1193 2873 modoetiam
1210 2816 1326 2888 quidam
1347 2815 1468 2870 dicimus
1486 2814 1524 2868 [le
1550 2813 1739 2868 induratione
1763 2813 1852 2868 cordis

107 2902 195 2974 (loca.
212 2919 258 2969 xv,
286 2904 324 2972 5.)
345 2905 378 2959 Et
403 2905 604 2975 Apostolusza
634 2904 706 2969 Quid
734 2904 824 2970 enim,
846 2905 953 2975 inquit,
1007 2909 1165 2962 Pharaonis
1185 2906 1316 2960 libellum
1339 2921 1354 2957 a
1379 2905 1462 2959 beato
1486 2904 1659 2974 Hieronymo
1684 2902 1803 2958 editum.
1823 2903 1854 2957 Et

106 2992 195 3046 habes
220 2992 297 3062 quod
319 3009 376 3047 nun
402 2993 563 3062 accepisti?
582 3016 591 3039 ι
611 2992 641 3058 (l
665 2995 729 3049 Cor.
753 3009 789 3060 ιι,
815 2992 855 3061 7.)
872 2994 954 3047 Unde
973 2993 1169 3050 Cnostrcrum
1185 2994 1301 3065 qnidam
1319 3009 1376 3046 non
1401 2992 1436 3046 ab
1457 3007 1503 3060 eo,
1523 2991 1570 3046 sed
1591 2991 1627 3046 ab
1650 2989 1854 3062 alioquolibet

107 3080 210 3134 Beatus
225 3085 253 3134 ιι
266 3080 408 3151 gloriosus
428 3085 537 3152 martyr
560 3081 717 3152 Cyprianus
732 3081 772 3134 ita
787 3081 896 3148 defluit,
911 3080 955 3136 di·
1007 3084 1142 3139 mendose
1157 3083 1272 3137 iactum.
1290 3082 1368 3145 Quod
1386 3081 1474 3135 etiam
1489 3080 1672 3134 mendacium
1693 3079 1754 3134 iore
1777 3079 1853 3133 inre·

107 3184 190 3224 cens:
209 3167 250 3240 [ln
275 3170 352 3224 nullo
376 3169 558 3242 gloriandum
582 3170 697 3240 qrrando
725 3169 798 3223 nihil
823 3174 952 3224 nostrum
1007 3173 1101 3237 nietis,
1118 3172 1142 3226 si
1157 3171 1312 3241 septimum
1334 3168 1478 3224 decimum
1502 3169 1607 3223 librum
1630 3168 1747 3238 praelati
1761 3167 1854 3222 Hiero-

107 3255 166 3328 sit.]
183 3257 292 3311 Βοιιιιιιι
308 3257 405 3329 itaque
430 3264 560 3312 nostrum
582 3262 674 3312 totum
692 3257 740 3312 [lei
756 3262 808 3324 est,
824 3257 892 3329 qnia
906 3262 951 3312 to·
1006 3259 1087 3332 nymi
1100 3259 1130 3314 in
1146 3258 1248 3314 isaiam
1261 3257 1397 3329 legeritis,
1419 3256 1469 3315 ubi
1484 3256 1658 3311 mentionem
1676 3255 1806 3326 ejusdem
1820 3254 1852 3309 li·

106 3351 168 3400 tum
184 3362 217 3401 ex
234 3347 290 3400 [leo
318 3352 382 3414 est;
405 3351 434 3401 et
455 3347 525 3401 nihil
546 3347 615 3400 boui
637 3346 727 3400 nostri
752 3350 884 3400 nostrum
900 3351 952 3416 est,
1006 3348 1190 3403 bonifacii.»

108 3434 177 3505 quia
195 3434 267 3489 nihil
280 3435 350 3490 honi
364 3434 454 3489 nostri
469 3451 501 3488 ex
520 3435 601 3489 nohis
617 3438 668 3488 cst.
686 3435 720 3488 Et
739 3434 805 3490 ideo
828 3435 953 3489 maniie-
1337 3429 1524 3471 limmisw-

67 3536 70 3540 ⁸
108 3522 435 3592 ste,utjuxtaiormam
452 3522 954 3595 paternaedoctrinaepotiusloqna·
1043 3525 1092 3582 llis
1106 3524 1198 3579 verbis
1214 3523 1284 3594 quid
1298 3522 1376 3577 alind
1390 3521 1419 3576 in
1435 3521 1536 3590 primis
1558 3521 1735 3591 respondere
1757 3534 1851 3591 possu-

108 3624 182 3674 mur,
200 3625 285 3663 omne
309 3610 417 3664 honum
434 3615 573 3677 nostrum,
600 3615 629 3665 et
652 3617 744 3665 totum
762 3611 811 3666 [lei
837 3617 880 3666 est
905 3612 954 3667 do·
1007 3630 1091 3669 mus:
1106 3613 1160 3668 nisi
1179 3611 1293 3684 quiade
1308 3611 1353 3666 his
1368 3611 1454 3665 rebus
1469 3609 1627 3665 auxiliante
1642 3613 1670 3663 ιι
1685 3613 1853 3680 protegente

109 3697 374 3765 naud03ettotum
394 3703 524 3753 nostrum
545 3699 767 3770 litaccipiendo.
786 3700 864 3755 Unde
880 3701 953 3756 etin
1007 3702 1104 3757 divina
1126 3700 1330 3767 misericordia,
1354 3699 1448 3753 nullus
1474 3698 1563 3765 labor,
1592 3698 1675 3752 uuila
1704 3697 1854 3752 necessitas

108 3785 256 3840 [lominica
280 3786 410 3841 oratioue
441 3787 570 3858 quotidie
592 3788 780 3858 postulamus,
804 3788 952 3843 dicentes:
1007 3803 1080 3842 nora
1103 3784 1280 3856 inquirendi,
1306 3789 1335 3838 et
1356 3782 1533 3849 inveniendi,
1555 3787 1584 3837 et
1607 3782 1765 3851 scribendi,
1781 3779 1853 3851 apud

109 3874 244 3928 «Panem
261 3878 391 3928 nostrum
403 3875 644 3944 quotidianumda
655 3875 737 3929 nohis
747 3876 951 3942 hodielllottlr.
1007 3890 1057 3930 eos
1079 3873 1255 3929 exstitisset:
1283 3888 1334 3927 nec
1367 3876 1446 3926 tauta
1471 3870 1611 3925 dissensio
1643 3875 1673 3924 et
1710 3869 1854 3925 contentio

108 3977 145 4028 ιι,
170 3962 223 4033 ιι).
241 3981 255 4013 ι
272 3964 328 4018 Cirr
342 3963 419 4017 enim
434 3979 536 4034 panem
555 3968 686 4018 nostrum
702 3963 786 4018 nobis
808 3965 954 4036 poscimus
1007 3962 1114 4020 exoriri
1127 3962 1277 4034 potuisset,
1297 3961 1320 4014 si
1335 3965 1446 4015 remoto
1471 3959 1552 4013 omni
1569 3957 1804 4030 praesumptionis
1817 3961 1853 4011 at·

109 4067 124 4104 a
139 4051 197 4105 Deo
212 4050 284 4119 dari,
301 4051 356 4105 nisi
371 4052 439 4123 quia
454 4052 499 4119 (ut
514 4052 648 4123 diximus)
666 4052 738 4106 sicut
762 4068 828 4106 rare
845 4059 888 4106 est
903 4052 954 4107 Dei
1008 4068 1063 4124 que
1078 4051 1268 4106 animositatis
1280 4049 1388 4118 studio,
1399 4048 1459 4102 sola
1467 4049 1541 4118 apud
1553 4048 1618 4102 illos
1634 4048 1739 4102 veritas
1752 4048 1781 4102 in
1796 4060 1853 4100 san·

109 4138 269 4209 largiendo,
281 4140 321 4194 ita
335 4140 422 4195 etiam
437 4146 566 4195 nostrum
583 4141 619 4194 sit
632 4140 809 4210 accipiendo.
827 4141 905 4196 Unde
920 4142 951 4196 B.
1007 4147 1118 4196 storum
1142 4141 1260 4194 Petrum
1278 4138 1462 4209 dogmatibus
1480 4141 1509 4191 et
1530 4134 1731 4191 ecclesiasticis
1758 4132 1853 4191 delini·

109 4226 184 4295 Papa
199 4227 367 4282 coelestinus
382 4227 468 4296 (sicut
484 4229 543 4297 jam
565 4227 698 4298 superius
721 4228 783 4298 ejus
808 4229 894 4282 rerba
905 4244 953 4298 po
1007 4228 1135 4283 tionibus
1147 4229 1285 4298 (quorum
1301 4225 1487 4281 rectissimam
1508 4225 1596 4280 fldem
1618 4227 1647 4278 et
1659 4223 1852 4278 fidelissimam

109 4314 230 4384 suimus)
254 4315 294 4369 ait
312 4331 319 4369 ε
338 4313 439 4385 [Tanta
458 4315 534 4370 euim
558 4321 600 4369 est
614 4331 682 4382 erga
705 4331 806 4371 omnes
821 4317 954 4372 homines
972 4327 995 4381 ι)
1010 4317 1169 4372 doctrinam
1184 4329 1298 4384 semper
1313 4313 1519 4368 honorabiliter
1533 4317 1562 4367 el
1575 4311 1700 4367 fideliter
1715 4318 1746 4366 et
1763 4312 1852 4365 secuta

107 4400 222 4456 bonitas
248 4402 307 4469 Dei,
330 4408 362 4457 ut
383 4407 479 4458 nostra
498 4403 565 4457 velit
581 4418 642 4458 esse
665 4405 779 4471 merita,
802 4421 867 4476 quaa
886 4410 954 4460 sunt
1007 4411 1051 4460 est
1065 4411 1094 4460 et
1107 4404 1248 4476 sequitur,
1267 4407 1295 4457 et
1313 4408 1450 4474 sequatur
1463 4401 1600 4471 Ecclesia)
1631 4401 1809 4456 unanimiter
1826 4400 1851 4452 et

107 4489 198 4560 ipsius
226 4489 321 4563 dona]
349 4492 449 4545 Totnrn
479 4491 576 4562 itaque
605 4491 715 4546 bonurn
746 4498 876 4548 nostrum
896 4496 952 4549 [leo
1009 4492 1167 4558 humiliter,
1195 4496 1280 4561 atqua
1304 4490 1472 4545 obedienter
1494 4489 1705 4559 inquireretur,
1728 4492 1757 4543 et
1780 4483 1850 4558 qnod

82 4581 86 4588 “
109 4576 247 4647 dandum,
263 4578 319 4632 ileo
333 4583 376 4633 est
391 4578 586 4646 tribuendum,
603 4579 671 4651 quia
684 4584 776 4635 totum
792 4595 824 4634 ex
834 4579 884 4634 illo
899 4584 952 4646 est,
1009 4581 1157 4636 inventum
1172 4584 1256 4647 esset,
1272 4579 1389 4649 pacifica
1398 4584 1427 4633 et
1439 4578 1595 4649 tranquilla
1604 4577 1714 4648 pietate
1721 4574 1850 4630 omuibus
1865 4570 1868 4576 ’

108 4682 216 4721 nonex
242 4666 337 4733 uobis,
365 4666 434 4722 dnm
460 4672 551 4722 totum
569 4672 597 4721 ιι
616 4667 652 4721 ab
676 4668 725 4722 illo
745 4668 904 4733 inchoatur,
922 4684 954 4723 ac
1007 4669 1186 4740 sequendum
1209 4672 1430 4739 proponeretur,
1461 4672 1490 4722 et
1512 4664 1777 4721 commendaretur.
1801 4664 1850 4718 ne

109 4755 146 4809 ab
160 4755 211 4811 illo
227 4755 332 4827 agitur,
346 4771 378 4810 ac
401 4757 548 4826 peragitur
563 4755 592 4809 in
607 4755 709 4821 nobis;
737 4756 805 4827 qnia
831 4771 889 4810 non
904 4756 954 4828 qui
1010 4777 1023 4805 a
1040 4759 1160 4826 propter
1175 4769 1265 4808 uuum
1276 4753 1405 4808 libellam
1422 4767 1538 4822 susque
1550 4751 1636 4806 hodie
1646 4751 1749 4806 incerti
1766 4753 1851 4806 aneto

109 4859 172 4909 suo,
189 4842 263 4897 sed«
281 4844 445 4914 quicunqne
453 4843 556 4913 spiritu
571 4844 619 4897 Dei
628 4850 763 4915 aguntur,
780 4844 809 4898 hi
824 4844 878 4899 tilii
888 4850 955 4900 sunt
1008 4844 1059 4910 ris,
1075 4847 1101 4897 ιι
1120 4841 1251 4897 inusitati
1272 4858 1324 4897 nec
1347 4843 1490 4896 ullatenus
1510 4839 1668 4910 recipiendi
1683 4856 1795 4905 seusus,
1819 4840 1850 4892 de

111 4930 160 4985 llei
176 4931 261 5002 (ilem.
287 4947 344 4996 vnr,
375 4932 425 4993 ιιι.
443 4950 457 4983 ιι
476 4934 540 4988 Haec
563 4932 598 4987 da
621 4933 715 5004 prima
741 4933 871 5004 epistola,
887 4933 956 5004 quia
1009 4930 1167 5005 qrraestione
1181 4929 1370 5002 praescientiae
1394 4933 1423 4984 et
1438 4928 1697 5000 predestinationis
1723 4929 1850 5023 ilai,tarn

110 5019 208 5074 multis
237 5024 266 5074 et
283 5019 427 5091 perplexis
444 5020 649 5091 questionibus
669 5022 752 5091 plena
775 5027 846 5084 erat,
871 5023 956 5091 prout
1009 5019 1102 5087 claris,
1118 5025 1148 5074 et
1161 5023 1241 5073 tanta
1255 5018 1393 5073 firmitate
1418 5017 1545 5072 solidatis
1570 5012 1850 5072 ecclesiasticaseri·

111 5108 251 5163 Dominus
275 5108 382 5164 donare
405 5108 614 5179 dignatusest,
640 5109 702 5180 ipsa
725 5109 892 5211 necessitate
910 5123 956 5164 co·
1010 5108 1077 5164 tatis
1092 5107 1323 5164 institutionibus
1337 5105 1473 5179 preferre
1494 5105 1672 5160 maluissent
1687 5104 1763 5169 Quid
1781 5103 1851 5158 enirn

110 5202 195 5269 gente
209 5197 350 5269 prolixius
365 5196 498 5253 diximus
1010 5212 1103 5251 causa
1119 5195 1236 5262 exstitit,
1255 5201 1285 5249 nt
1298 5195 1349 5249 illa
1364 5194 1462 5249 omnia
1477 5196 1732 5264 postponerentur,
1752 5188 1853 5247 atScn'·

1011 5287 1228 5443 stanna
1243 5280 1854 5441 retrarremarensi

235 5445 274 5496 De
288 5442 415 5511 lecum,
437 5458 496 5512 Μ
514 5448 554 5497 0⁸⁶
572 5442 697 5509 parduli,
713 5443 837 5512 dimilia-
1011 5466 1099 5527 etone,
1111 5461 1190 5515 nulla
1204 5476 1271 5514 vera
1287 5461 1399 5515 ratione
1419 5460 1523 5515 fultum
1547 5463 1599 5525 est,
1615 5457 1795 5529 sequendum
1811 5469 1854 5526 po

149 5548 180 5598 ιιι
196 5547 320 5601 secunda
344 5554 439 5602 autam
455 5547 576 5619 epistola
597 5564 688 5620 panca
707 5548 824 5620 quidem
840 5553 908 5603 sunt
921 5548 956 5604 de
1011 5549 1068 5604 tius
1079 5548 1266 5619 judicaretur,
1283 5547 1338 5602 nisi
1353 5564 1371 5603 e
1384 5552 1466 5619 parte
1482 5547 1578 5617 ipsum
1592 5544 1790 5600 contentionis
1802 5555 1855 5598 me
