3930 6098
106 252 157 307 921

584 254 684 312 steen
707 255 1023 316 secunaunronnn.
1035 290 1071 302 -
1083 259 1241 318 PRAEFAT.
1263 259 1377 327 annio.

1805 262 1858 317 922

107 384 208 457 gratis.
226 386 267 442 'iu
283 402 317 442 ea
339 401 404 460 ques
430 390 506 443 retro
526 392 603 456 sunt,
619 389 736 446 oblivsci
766 392 908 461 concedis,
925 397 953 449 et
972 397 991 450 a
1008 394 1080 466 [rao
1092 411 1610 454 concanonicusaaarorosoeuu
1623 413 1857 457 xonacnonux.

107 473 145 528 ad
160 474 258 546 priora
273 475 413 547 promissa
429 476 566 548 mysteria
577 478 799 536 clementissima
815 481 957 554 guberna-

108 562 188 618 tione
201 563 342 634 perducis.
355 565 388 619 lit
400 563 475 619 ideo.

416 691 497 756 latro
512 692 651 746 actionem.

147 793 225 850 lianc
239 792 329 865 igitur
342 794 518 851 oblationem
535 797 595 868 spei
609 803 724 866 nostrae,
740 815 827 871 quam
843 800 895 855 tibi
910 801 953 856 ol-

109 879 231 935 ierimus
245 881 275 935 in
288 881 334 936 die
348 881 495 938 hodiernae
510 885 710 952 solemnitatis,
727 904 785 959 quo
808 888 891 943 nobis
912 888 955 944 iu-

109 966 207 1039 dignis
235 969 441 1024 sacerdotalem
469 971 590 1027 infulam
614 974 748 1040 tribuisti,
779 992 954 1046 quaesumus,

110 1056 243 1124 Domine,
260 1063 292 1112 ut
310 1058 438 1129 placatus
452 1060 585 1132 accipies,
603 1063 675 1117 etin
696 1069 745 1118 tua
767 1065 875 1136 pietate
890 1081 958 1121 con·

112 1160 195 1200 serva
207 1146 285 1217 quod
300 1163 329 1202 es
350 1153 484 1219 operatus
496 1150 527 1204 in
541 1149 634 1206 nobis.

271 1285 302 1325 ln
324 1285 417 1327 tussa
432 1286 629 1330 sacsnuorts
647 1289 799 1331 enorum.

143 1377 260 1432 AEterna
282 1377 366 1432 Deus.
385 1378 439 1442 Qui
461 1378 648 1458 dissimuletis
665 1382 801 1435 humanae
815 1381 956 1453 fragilita·

110 1463 146 1519 tis
160 1465 294 1536 peccatis,
311 1467 463 1521 sacerdotii
478 1467 648 1538 dignitatem
675 1469 809 1524 concedis
820 1469 955 1540 indignis,

109 1560 138 1608 et
154 1570 212 1608 nou
235 1554 328 1609 solum
350 1562 466 1626 peccata
490 1557 621 1626 dimittis,
651 1560 852 1614 verumetiam
879 1561 957 1632 ipsos

1048 505 1163 558 AEterne
1178 503 1262 560 Deus.
1286 504 1426 569 Quoniam
1442 502 1623 558 clementiam
1643 508 1722 559 tuam
1747 503 1858 578 precari

1012 591 1074 645 sine
1103 593 1261 646 cessatione
1285 592 1432 660 debemus,
1461 598 1492 646 ut
1517 608 1634 664 gregem
1651 597 1743 661 tuum,
1760 582 1859 666 pastor

1011 679 1096 748 bone,
1114 697 1170 735 non
1183 680 1306 746 deseras,
1327 681 1376 734 sed
1401 697 1453 752 per
1471 682 1500 735 B.
1524 681 1695 736 contessoris
1709 682 1752 737 tui
1769 684 1856 738 Rene-

1011 769 1080 824 dicti
1096 786 1194 840 preces
1210 769 1346 824 continua
1362 770 1539 840 protectione
1561 771 1715 838 custodias,
1733 776 1765 825 ul
1780 771 1856 827 viam
1909 804 1919 821 .

1011 857 1064 914 tibi
1078 859 1209 929 placitam
1227 858 1400 925 ohedientia,
1417 858 1485 928 quia
1501 858 1577 914 idem
1594 861 1674 914 Pater
1690 859 1796 914 illaesus
1808 876 1858 914 an-

1011 946 1169 1014 tecedebal,
1181 963 1232 1002 nos
1245 947 1392 1018 praeclaris
1407 949 1470 1017 ejus
1493 947 1603 1001 meritis
1623 947 1725 1018 adjuti,
1740 947 1801 1004 sine
1815 964 1858 1003 er·

1013 1049 1078 1090 rore
1091 1035 1309 1107 subsequamur.
1325 1037 1379 1090 Per
1396 1035 1563 1105 Christum]

1263 1157 1293 1196 ln
1313 1156 1408 1196 aissa
1424 1155 1483 1196 rao
1502 1156 1612 1195 aurcis.

1047 1229 1163 1284 AEterne
1180 1230 1263 1283 Deus.
1283 1229 1469 1299 implorantes
1485 1234 1541 1283 tuae
1563 1228 1719 1299 majestatis
1745 1228 1856 1284 miseri-

1012 1317 1149 1386 cordiam,
1163 1323 1193 1371 ut
1208 1319 1315 1372 iemvrlo
1331 1323 1379 1372 luo
1389 1320 1435 1387 n,
1450 1319 1565 1372 veniam
1577 1334 1695 1373 suorum
1709 1318 1808 1389 largiri
1818 1319 1859 1373 di·

1012 1408 1108 1477 gneris
1133 1413 1329 1478 peccatorum;
1352 1414 1382 1462 ul
1398 1407 1433 1461 ab
1450 1406 1584 1462 omnibus
1599 1407 1710 1461 inimici
1737 1406 1858 1461 vinculis

1013 1495 1159 1561 liberatus,
1174 1495 1231 1549 tuis
1252 1500 1313 1549 toto
1334 1496 1417 1550 corde
1437 1497 1578 1550 mandatis
1593 1497 1753 1563 inhaereat;
1771 1501 1805 1551 ut
1832 1500 1858 1550 te

1013 1587 1104 1638 solum
1121 1600 1234 1656 semper
1249 1590 1309 1639 tota
1320 1584 1423 1639 virtute
1440 1584 1551 1656 diligat,
1565 1589 1593 1639 et
1607 1586 1642 1639 ad
1655 1592 1712 1639 tuac
1728 1583 1857 1656 quando·

109 1648 275 1715 P⁰⁰⁰⁸i⁰f⁰³
293 1644 453 1715 iu⁵iffi⁰⁸f⁰
479 1646 616 1716 dilium&
636 1647 739 1720 ·C¹¹i¹¹⁵
759 1654 804 1704 ⁰⁵2
830 1651 957 1704 mmm
977 1668 1069 1744 Bque
1084 1672 1268 1728 beatitudiuis
1285 1673 1422 1728 visionem
1451 1674 1602 1745 pervenire
1629 1677 1783 1728 mereatur.
1803 1673 1858 1728 Per

110 1736 142 1786 ut
157 1747 217 1786 nou
232 1732 382 1787 existentia
397 1740 513 1789 sumant
528 1736 653 1805 exordia,
673 1742 773 1792 exorta
792 1737 957 1793 nutrimen-

109 1823 183 1889 tum,
199 1821 309 1876 nutrita
327 1821 463 1888 fructum,
488 1823 632 1880 fructuosa
661 1827 861 1897 perseverandi
876 1828 957 1882 auxi·

110 1906 192 1962 lium.
209 1908 263 1973 Oui
279 1925 325 1964 me
339 1926 399 1965 non
420 1911 590 1967 existentem
605 1913 721 1981 creasti;
738 1920 864 1970 creatum
889 1916 956 1971 iidei

110 1994 247 2052 firmitate
257 1997 371 2067 ditasti;
389 1999 512 2067 lidelem,
529 2001 661 2072 quemvis
676 2003 797 2074 peccatis
824 2005 956 2076 squalen-

110 2088 181 2153 tem,
198 2086 350 2141 sacerdotii
365 2086 507 2159 dignitate
521 2090 644 2144 donasti.
656 2091 745 2146 Tuam
760 2092 849 2164 igitur
861 2093 956 2147 omni-

109 2173 271 2245 potentiam
287 2176 407 2248 supplex
418 2192 540 2248 exposco
569 2184 602 2233 ut
629 2195 704 2234 mea
726 2181 879 2251 preteritis
892 2198 957 2253 pec·

109 2262 180 2317 calis
195 2263 347 2332 emacules,
366 2264 397 2320 in
415 2267 517 2320 mundi
546 2267 633 2337 hujus
649 2284 735 2340 cursu
763 2268 793 2323 in
823 2270 957 2341 operibus

108 2351 289 2422 corrobores,
302 2357 331 2407 et
345 2353 374 2408 in
390 2354 610 2424 perseverantia
635 2355 778 2412 soliditate
792 2357 955 2413 confirmes.

110 2437 215 2511 Sicque
231 2456 277 2495 me
289 2440 346 2495 tuis
360 2442 497 2497 altaribus
513 2442 600 2498 iacias
622 2442 775 2514 deservire,
798 2453 830 2500 ut
853 2447 889 2501 ad
909 2463 957 2503 eo-

109 2543 174 2583 rum
186 2529 236 2600 qui
251 2528 495 2600 tibiplacueruut,
516 2532 698 2588 sacerdotum
715 2535 892 2591 consortium
909 2552 956 2590 ve-

109 2617 186 2672 leam
198 2618 360 2688 pervenire.
373 2619 407 2673 Et
415 2635 468 2690 per
479 2636 545 2675 eum
557 2620 609 2674 tibi
624 2621 662 2675 sit
677 2622 850 2692 acceptabile
861 2628 956 2679 sotum

110 2721 219 2772 meum,
236 2706 287 2776 qui
301 2722 331 2761 se
345 2707 396 2762 tibi
410 2708 515 2762 obtulit
530 2708 560 2763 iu
576 2710 762 2777 sacrificium,
779 2711 829 2783 qui
841 2718 884 2765 est
895 2729 957 2766 om·

112 2795 194 2849 nium
208 2794 313 2866 opifex,
340 2802 369 2850 et
394 2797 545 2852 solussine
574 2799 687 2853 macula
713 2799 851 2870 pontifex,
876 2802 956 2856 Jesus

112 2883 242 2938 Christus
255 2885 394 2939 [lominus
409 2892 517 2940 noster.
532 2887 586 2941 Per
600 2903 697 2958 quem.

493 2994 570 3048 Atio.

144 3096 263 3152 AEterne
283 3098 367 3152 Deus.
385 3099 439 3154 Per
461 3098 605 3154 Christum
634 3100 789 3157 Dominum
814 3109 954 3159 nostrum.

108 3184 164 3250 Qui
181 3201 234 3257 pro
251 3201 348 3240 amore
360 3186 512 3241 hominum
526 3187 617 3242 lactus
628 3189 658 3242 in
669 3189 890 3247 similitudinem
899 3209 957 3247 car·

109 3273 155 3328 nis
169 3273 290 3344 peccati,
306 3273 430 3328 formam
453 3275 528 3329 servi
545 3276 685 3330 Dominus
702 3280 866 3350 assumpsit,
883 3287 911 3334 et
927 3282 955 3336 in

108 3364 205 3434 specie
221 3363 363 3417 vulnerati
379 3363 507 3419 medicus
523 3365 691 3420 ambulavit.
709 3355 849 3421 llicnobis
867 3370 957 3424 llomi-

108 3456 205 3506 nuset
229 3451 364 3522 magister
380 3453 490 3520 salutis,
511 3453 664 3508 advocatus
686 3459 715 3508 et
736 3455 837 3525 judex,
853 3458 958 3512 sacriti-

108 3538 208 3594 licium
224 3540 400 3594 etsacerdos.
421 3541 475 3594 Per
496 3540 571 3596 hvruc
594 3547 632 3609 te,
649 3543 770 3598 [lomiue
785 3551 890 3612 sancte,
908 3547 957 3600 Pa·

108 3640 152 3682 ter
167 3627 360 3698 omnipotens,
376 3629 544 3700 suppliciter
567 3647 665 3698 exoro,
694 3638 726 3686 ut
751 3632 819 3687 dum
846 3639 957 3689 reatum

108 3715 292 3771 conscientiae
305 3733 376 3772 mese
391 3734 577 3789 recognosco,
604 3737 661 3791 qno
686 3721 716 3775 iu
734 3723 885 3794 praeceptis
900 3724 957 3778 tuis

109 3805 313 3877 prevaricator
334 3807 439 3872 exstiti,
458 3812 486 3861 et
501 3823 552 3877 per
566 3808 737 3865 delictorum
757 3810 868 3865 iacinrrs
897 3828 958 3866 cor-

109 3894 156 3949 rui
168 3893 200 3948 in
216 3893 341 3948 ruinam.
357 3896 408 3962 Tu,
424 3896 555 3964 Domine,
581 3897 659 3968 erige
675 3914 761 3968 quem
778 3900 875 3970 lapsus
891 3917 956 3971 pec-

110 3983 165 4037 cati
180 3986 347 4054 prostravit,
376 3984 488 4038 illustra
514 4001 562 4040 cor
578 3986 654 4056 quod
669 3992 750 4040 tetrae
774 3994 956 4056 peccatorum

111 4072 248 4143 caligines
272 4072 508 4141 obscuraverunt3
542 4075 618 4128 solve
645 4077 840 4146 compeditum
869 4095 955 4150 qiiem

1012 1761 1167 1817 Christum.

1314 1835 1544 1900 lolraactionem.

1048 1923 1126 1976 lianc
1140 1921 1228 1993 igitur
1247 1921 1433 1988 oblationem,
1448 1937 1534 1993 quam
1557 1920 1608 1976 tibi
1636 1918 1783 1975 offerimus
1805 1934 1857 1990 pro

1011 2010 1119 2065 famule
1142 2016 1193 2065 tuo
1209 2011 1254 2079 N,
1273 2014 1305 2064 ut
1327 2025 1443 2065 omnem
1469 2014 1650 2081 peccatorum
1673 2023 1792 2063 suorum
1806 2023 1857 2062 ve-

1011 2099 1090 2154 niam
1105 2099 1242 2171 consequi
1264 2105 1418 2165 mereatur,
1446 2114 1621 2170 quaesumus,
1636 2097 1767 2164 Domine,
1792 2097 1858 2169 pla-

1011 2193 1091 2243 catus
1114 2189 1290 2260 accipisset
1310 2187 1494 2243 miseratione
1523 2192 1580 2241 tute
1596 2185 1737 2258 largitatis
1760 2200 1858 2240 conce

1011 2277 1070 2346 das,
1099 2278 1193 2332 utiiat
1221 2278 1247 2332 ei
1271 2278 1307 2333 ad
1334 2277 1447 2332 veniam
1477 2277 1658 2344 delictorum,
1684 2281 1713 2330 et
1742 2279 1856 2329 actuum

1011 2367 1261 2428 emendationem:
1287 2374 1320 2420 ut
1344 2372 1373 2422 et
1401 2366 1448 2420 hic
1463 2366 1555 2420 valeat
1568 2365 1641 2420 bene
1655 2364 1761 2432 visere,
1777 2361 1857 2417 etad

1011 2460 1149 2510 aternam
1169 2455 1376 2511 beatitudinem
1392 2455 1513 2509 leliciter
1527 2454 1687 2524 pervenire..

1272 2573 1331 2614 rao
1350 2573 1597 2614 vnurnranleus.

1045 2650 1164 2705 AEterne
1184 2649 1267 2704 Deus.
1295 2648 1481 2703 Clementiam
1498 2652 1576 2701 tuam
1597 2646 1697 2716 pronis
1711 2644 1857 2701 mentibus

1011 2738 1203 2804 obsecrantes,
1221 2741 1252 2791 ut
1266 2736 1389 2791 famulos
1404 2741 1469 2790 tuos
1490 2739 1516 2789 el
1529 2734 1662 2797 ramulas,
1689 2748 1760 2805 quos
1789 2748 1857 2787 sau·

1011 2833 1063 2881 ctae
1077 2826 1238 2880 dilectionis
1266 2824 1460 2880 familiaritate
1490 2824 1574 2878 nohis
1594 2821 1778 2894 conjunxisti,
1804 2820 1857 2876 tibi

1011 2914 1097 2968 iacias
1122 2913 1281 2968 totocorde
1298 2913 1454 2982 subjectos;
1477 2918 1508 2966 ut
1522 2916 1579 2966 tua
1595 2910 1742 2965 charitatis
1755 2906 1857 2982 spiritu

976 2998 1123 3073 Creplati,
1140 3002 1290 3056 aterrcuis
1309 3000 1484 3056 mundentur
1504 3000 1720 3071 cupiditatibus,
1747 3004 1776 3053 et
1800 3014 1856 3053 coe·

1010 3091 1074 3145 lasti
1089 3091 1276 3157 beatitudine,
1305 3095 1332 3144 te
1360 3090 1485 3142 donante
1509 3088 1588 3159 digni
1613 3088 1782 3142 efficiantur.
1803 3088 1857 3142 Per

1011 3180 1165 3234 Christum.

1321 3250 1400 3315 inlro
1415 3251 1555 3302 actionem.

1047 3341 1125 3395 Hanc
1140 3339 1229 3409 igitur
1244 3339 1419 3392 oblationem
1434 3336 1609 3391 famulorum
1625 3334 1856 3405 famularumque

1011 3433 1124 3482 tuarum
1143 3443 1229 3499 quam
1245 3426 1296 3481 tibi
1317 3426 1475 3492 offerimus,
1496 3424 1532 3478 ob
1546 3424 1726 3479 devotionem
1752 3421 1857 3476 mentis

1010 3517 1201 3586 eorum,pius
1228 3530 1260 3569 ac
1287 3515 1427 3585 propitius
1452 3512 1586 3568 clementi
1615 3512 1694 3565 vultu
1719 3510 1855 3581 accipias;

1010 3605 1061 3659 tibi
1086 3605 1280 3676 supplicantes
1294 3604 1387 3657 libens
1409 3607 1538 3674 protege,
1559 3603 1713 3672 dignanter
1740 3598 1855 3666 exaudi,

1010 3698 1038 3747 et
1052 3698 1158 3747 veterna
1174 3710 1223 3746 eos
1237 3692 1412 3762 protectione
1425 3707 1573 3756 conserva,
1590 3694 1621 3743 ut
1633 3704 1748 3760 semper
1762 3689 1793 3741 iu
1807 3693 1858 3741 tua

1011 3781 1149 3850 religione
1175 3782 1315 3844 testantes,
1345 3781 1485 3833 instanter
1508 3780 1538 3833 in
1579 3784 1686 3832 sanctae
1711 3775 1857 3831 Trinitatis

1011 3870 1188 3925 confessione
1203 3876 1231 3923 et
1241 3869 1296 3923 lide
1316 3868 1453 3922 catholica
1468 3871 1660 3938 perseverent.

1046 4064 1160 4119 AEterne
1180 4063 1263 4116 Deus.
1281 4061 1369 4132 Cujus
1383 3972 1592 4130 sigibaudus
1608 4058 1789 4128 deprecanda
1803 4061 1856 4125 cst,

109 4161 224 4215 vincula
240 4165 422 4231 peccatorum
437 4162 655 4232 constringunt;
680 4170 851 4235 praestaper
874 4183 956 4220 erim·
1011 4150 1205 4206 mi⁵⁶li⁰⁰1¹di³
1229 4151 1384 4217 0¹0f⁸¹¹d³2
1410 4150 1501 4219 l'i‘a'las
1529 4146 1738 4217 imileciessda·
1770 4146 1858 4217 cujus

109 4249 175 4304 dem
191 4254 322 4304 sanctum
339 4249 537 4319 etgloriosum
552 4255 581 4304 et
595 4250 775 4306 adorandum
799 4255 953 4310 Dominum
1011 4240 1189 4310 ffl³i⁰³i⁸i⁰m
1213 4240 1316 4293 huffliii
1334 4255 1368 4310 pr
1369 4254 1416 4293 ⁰⁰⁰
1438 4237 1631 4309 d⁰P⁰⁸⁰iffl¹¹b
1648 4240 1681 4290 ¹¹2
1695 4235 1809 4290 stimuli!
1825 4239 1854 4289 ⁰¹

109 4339 344 4393 nostrumJesum
357 4337 499 4392 Christum
516 4339 620 4393 Filium
631 4344 722 4407 tuum,
738 4343 956 4411 quemlaudant
1011 4328 1172 4383 famulabus
1188 4328 1385 4381 ifffli⁵³i⁰¹1fl¹¹¹
1401 4332 1583 4397 90⁰⁰⁸¹⁰r⁰m
1597 4325 1716 4391 tribuas,
1741 4339 1857 4378 emm·
1925 4332 1928 4339 '

107 4426 218 4497 angeli,
233 4426 330 4481 throni
345 4430 374 4481 ct
388 4426 609 4482 dominationes.
626 4427 698 4482 Cum
714 4429 831 4501 quihus,
848 4437 901 4486 etc.

410 4535 495 4600 lassu
511 4537 652 4588 actionem.

144 4640 225 4695 lianc
252 4638 340 4710 igitur
356 4639 541 4706 oblationem,
559 4655 647 4709 quam
671 4639 733 4707 tibi,
766 4642 896 4710 Domine,
917 4644 956 4698 oi-

108 4727 183 4794 lero,
208 4742 261 4798 pro
289 4727 412 4799 peccatis
430 4728 501 4783 meis
524 4727 620 4782 nimiis
636 4734 723 4799 atque
739 4729 954 4799 offensionibus,

105 4816 291 4886 majestatem
306 4822 385 4870 luam
402 4816 470 4870 totis
486 4815 602 4883 viribus,
616 4818 691 4871 Deris
703 4818 843 4889 piissime,
853 4820 955 4876 humili

104 4919 192 4975 preca
212 4904 336 4975 deposco
361 4905 515 4976 dignanter
540 4905 687 4977 suscipias,
716 4923 837 4962 exorans
852 4915 883 4964 ut
909 4926 956 4964 re-

103 4991 206 5046 mittas
225 4992 347 5047 crimina
372 5009 437 5065 quae
459 4993 552 5047 carnis
580 4993 734 5064 fragilitate
759 5000 846 5067 atque
862 5003 955 5051 teuta-

103 5081 188 5138 tione
201 5079 370 5153 iniquorum
387 5081 541 5152 spirituum
571 5081 705 5153 nequiter
724 5084 839 5154 admisi,
869 5086 954 5140 etiam

103 5170 184 5224 ultra
200 5170 234 5225 ad
252 5187 300 5224 eas
315 5187 374 5225 non
404 5170 479 5224 sinas
496 5171 611 5236 reverti,
628 5171 676 5224 sed
692 5172 831 5226 contlrma
850 5190 896 5228 me
925 5174 955 5228 in

100 5258 361 5329 justificationibus
372 5259 439 5326 tuis,
461 5263 490 5313 et
513 5260 757 5330 perseverantiam
776 5260 847 5315 mihi
862 5263 955 5317 tribue

105 5346 225 5412 inillis,
255 5352 283 5401 et
311 5347 354 5402 lac
382 5363 427 5402 me
447 5347 568 5418 dignum
597 5353 662 5402 ante
677 5356 955 5420 conspectumtuum

105 5440 215 5503 astare,
236 5436 467 5507 sacrificiumque
490 5436 542 5491 tibi
565 5436 686 5491 Domino
701 5442 777 5492 casto
793 5455 911 5508 corpure
928 5446 956 5496 et

107 5524 219 5579 mundo
234 5525 320 5580 corde
335 5525 422 5597 digua
437 5524 549 5581 otierre.
567 5527 621 5582 Per
633 5524 788 5582 Christum.

1011 4433 1067 4489 que
1083 4418 1142 4471 vias
1164 4418 1194 4471 in
1222 4422 1273 4471 tua
1287 4418 1433 4470 voluntate
1452 4415 1569 4484 dirigas,
1594 4429 1700 4484 eosque
1715 4429 1732 4468 a
1748 4413 1858 4468 cunctis

1012 4505 1221 4575 maliseripias,
1243 4511 1385 4576 quatenus
1410 4504 1446 4559 ab
1476 4503 1611 4558 omnibus
1635 4501 1858 4557 adversitatibus

1011 4595 1095 4658 eruti,
1114 4594 1170 4649 tuis
1184 4593 1267 4648 donis
1282 4593 1445 4658 confortati,
1469 4597 1498 4646 et
1518 4592 1554 4646 ad
1573 4590 1714 4645 bonorum
1742 4590 1857 4645 deside-

1011 4681 1122 4736 riorum
1138 4688 1203 4736 vota
1226 4685 1408 4752 perveniant,
1433 4686 1462 4734 et
1477 4696 1541 4751 qliae
1566 4680 1643 4751 juste
1670 4679 1857 4750 postulantte

1010 4772 1150 4843 largiente
1165 4771 1333 4843 percipiant.
1350 4772 1403 4825 Per
1417 4771 1571 4826 Christum.

1155 4892 1214 4934 ruo
1242 4892 1435 4941 cuncununa
1455 4890 1710 4934 rnreunariona.

1045 4965 1163 5020 AEterne
1180 4966 1262 5019 [teus.
1277 4965 1331 5030 Qui
1346 4967 1530 5037 fragilitatem
1546 4978 1676 5019 nostram
1688 4979 1746 5018 uon
1762 4965 1856 5018 solum

1011 5053 1238 5110 misericorditer
1248 5054 1332 5109 donis
1348 5055 1554 5126 temporalibus
1575 5053 1742 5120 consolaris,
1757 5056 1789 5108 ut
1803 5068 1857 5109 nos

1011 5142 1046 5196 ad
1059 5147 1166 5196 aterna
1194 5143 1347 5213 provehas,
1374 5144 1423 5197 sed
1438 5145 1524 5198 etiarn
1552 5143 1622 5214 ipsis
1638 5142 1857 5197 adversitatibus

1012 5231 1110 5284 saculi
1126 5230 1270 5302 benignus
1286 5232 1394 5301 erardis,
1411 5230 1489 5287 ulad
1504 5231 1629 5286 coelestia
1644 5245 1732 5302 regne
1747 5230 1854 5301 perdu-

1011 5334 1067 5372 cas.
1084 5319 1139 5373 Per
1152 5319 1307 5374 Christum.

1243 5440 1304 5481 rao
1323 5440 1419 5481 sarco
1432 5436 1623 5479 carsulano.

1046 5531 1163 5586 AEterne
1180 5530 1263 5587 Deus.
1288 5530 1343 5596 Qui
1359 5547 1389 5586 es
1412 5531 1557 5602 justorum
1580 5526 1673 5600 gloria
1696 5530 1725 5583 et
1748 5527 1859 5585 miseri·
