3930 6098
128 236 179 292 liv
820 234 948 292 ALVARl
966 233 1207 292 CORDUBENSIS
1827 235 1881 291 448

129 375 318 442 ricimannus,
333 381 358 431 et
381 391 437 429 ecce
450 389 510 429 eam
529 375 622 428 vinens
645 376 675 429 ia
688 375 787 428 secato
806 375 971 428 secutorum.
992 371 1082 427 Abos
1094 372 1199 427 dictam
1219 371 1394 443 perlegimus
1417 371 1518 440 (Eccti.
1543 389 1608 433 ιιιιι,
1634 373 1672 444 6).
1702 374 1759 428 ιιοι
1784 375 1881 429 solum

130 464 218 519 Amen
241 465 335 534 (apoc
361 480 378 516 ι.
407 463 460 532 tv).
486 462 519 516 Et
542 462 703 532 propheta:
731 464 762 518 Si
784 465 879 530 olfipet
902 464 978 516 homo
1031 461 1228 532 inproeinctu
1255 464 1268 505 b
1295 461 1506 532 respondimus,
1537 463 1604 533 quia
1628 462 1651 516 si
1675 479 1741 517 caro
1769 462 1877 517 Christi

131 554 214 608 mum
236 568 323 619 sarrin,
349 553 481 619 quostiam
505 566 551 605 cos
573 553 707 620 affixistis
724 552 783 604 me‘?
802 551 910 622 (lictae.
935 566 976 616 ιιι,
1032 551 1096 606 ideo
1112 556 1226 606 nonest
1241 551 1317 605 Patri
1338 551 1465 622 propria,
1482 551 1550 622 qnia
1571 551 1698 606 nonfuit
1720 551 1877 606 abeodem

130 641 166 703 8).
203 641 280 694 Unde
305 647 333 694 ιι
356 640 511 693 Dominum
535 640 634 711 gloriae
663 640 827 693 crucilixum
854 639 978 709 legimus
1032 645 1174 709 suscepta;
1193 655 1260 708 ergo
1276 655 1328 693 nec
1346 639 1432 694 titius
1447 640 1476 692 in
1492 638 1640 693 divinitate
1662 646 1739 694 totns
1755 645 1797 694 est
1810 656 1879 710 pro·

131 729 158 798 (Ι
168 728 227 783 Cor.
241 744 270 794 ιι,
290 729 327 796 8),
343 744 409 782 cum
424 727 454 781 in
468 728 522 782 hoc
537 728 614 798 quod
638 728 776 782 Dominus
800 727 899 797 gloriae
923 733 976 795 est,
1031 725 1121 797 prius,
1137 725 1203 798 qnia
1219 743 1276 780 non
1292 731 1333 780 est
1348 742 1411 780 com
1429 728 1511 781 Patre
1525 743 1582 781 nna
1596 743 1730 798 persona,
1751 744 1804 781 nec
1826 744 1880 798 pu·

129 815 220 869 crucis
236 832 292 870 non
306 815 428 870 sensisse
444 816 628 886 dispendium
644 816 682 869 sit
696 823 816 869 certum.
1031 816 1101 870 riter
1125 817 1281 869 humanam
1306 815 1425 869 ιιιιιιιιιο
1449 815 1582 869 formam.
1612 820 1648 869 nt
1673 816 1698 869 si
1727 815 1880 886 proprium

164 905 207 958 st.
230 905 349 960 Concitii
375 905 508 976 Ephesini
523 921 657 975 percurre
674 906 838 968 sententias,
862 909 890 959 ιι
910 905 977 959 Ηιι-
1032 905 1114 958 Ριιιι
1129 903 1199 957 dicis
1212 903 1242 957 in
1256 909 1314 957 toto
1331 902 1445 968 Filium,
1462 908 1492 956 et
1515 919 1573 956 non
1587 919 1620 956 ex
1637 904 1720 957 Patre
1736 904 1876 974 praedicas

129 994 462 1065 ronymipraeclari‚seu
495 994 645 1065 Fulgentii,
673 995 715 1046 vel
736 994 976 1057 aliornm‚maxi-
1031 992 1372 1062 adoptivum3propriam
1386 991 1687 1060 carncrn,velisnolis,
1706 993 1879 1046 Patredice-

129 1098 233 1153 meque
248 1099 322 1153 pene
343 1083 481 1153 temporis
508 1082 596 1136 nostri
621 1083 699 1136 Beati
721 1081 888 1136 Libanensis
911 1097 975 1152 pre·
1031 1079 1083 1148 bis,
1100 1079 1161 1134 sine
1180 1096 1236 1151 qua
1259 1080 1371 1134 tertiam
1387 1079 1503 1133 credere
1525 1080 1555 1132 in
1570 1079 1708 1133 Trinitate
1726 1094 1880 1149 porsonam

128 1170 391 1242 sbyte1·i,etplaue
416 1187 565 1242 nunqnam
584 1176 702 1241 propter
724 1176 917 1225 assumentem
933 1187 978 1225 ve·
1031 1185 1089 1223 non
1101 1171 1187 1224 vales.
1211 1169 1275 1238 Ipsa
1291 1169 1367 1222 enim
1386 1174 1428 1222 est
1445 1169 1518 1222 Deus
1543 1173 1571 1222 et
1594 1168 1681 1222 homo
1697 1168 1781 1222 tertia
1811 1185 1881 1239 per-

129 1259 244 1314 nerabis
258 1264 448 1330 assumptum,
464 1276 517 1314 uec
528 1265 647 1331 propter
662 1259 833 1314 invisibilem
846 1259 978 1314 adorabis
1031 1273 1101 1313 sona
1115 1258 1237 1328 perlecta
1253 1264 1280 1311 et
1295 1259 1390 1328 plena,
1408 1263 1446 1326 et,
1462 1262 1494 1310 nt
1516 1254 1612 1322 credo,
1629 1273 1645 1310 a
1665 1258 1747 1311 Patre
1762 1262 1791 1311 et
1814 1256 1879 1328 Spi-

128 1347 280 1410 visibitem,
296 1347 344 1401 sed
360 1353 539 1418 assumptum
564 1354 593 1402 et
608 1355 813 1414 assumentem,
843 1348 977 1403 invisibi-
1030 1346 1086 1401 ritu
1103 1353 1199 1400 sancto
1213 1347 1242 1400 in
1260 1346 1350 1400 nihilo
1371 1347 1535 1399 minorata:
1553 1345 1608 1399 nisi
1632 1345 1752 1399 forsitan
1772 1345 1879 1400 Filium

128 1437 184 1491 lem
212 1441 241 1490 et
264 1436 415 1502 visibilem,
446 1453 536 1490 unum
565 1453 626 1490 mox
649 1442 731 1490 tnum
761 1437 909 1491 venerabis
932 1438 976 1491 vel
1030 1435 1317 1507 propriumllerbuvn
1341 1436 1541 1489 tantummodo
1563 1435 1880 1504 credis,etcorpusab

128 1524 260 1579 omnium
278 1525 507 1595 Redemptorem.
527 1525 881 1596 llaeclidesestpresini
909 1542 974 1581 con·
1030 1526 1131 1580 eodem
1147 1530 1311 1595 susceptum
1326 1523 1399 1578 sicut
1413 1524 1615 1577 indumentum
1631 1522 1797 1592 deposuisse
1826 1522 1881 1576 ite·

129 1612 195 1679 ciiii,
214 1613 275 1667 hac
290 1617 317 1667 ιι
331 1618 430 1667 nostra
446 1613 595 1683 professio.
612 1615 667 1668 Pro
689 1614 742 1668 hac
757 1616 854 1681 etiam,
879 1614 903 1670 si
931 1631 976 1670 res
995 1630 1093 1708 Brum
1109 1615 1187 1668 unde
1207 1617 1351 1684 sumptum
1378 1613 1472 1666 luerat
1492 1611 1572 1666 dicis.
1596 1613 1653 1665 Ant
1668 1616 1800 1682 quartam
1817 1627 1882 1682 per·

129 1702 263 1772 exegerit,
288 1701 383 1770 gladio
406 1702 545 1756 cervicem
572 1702 716 1772 praebebo.
745 1704 838 1757 Unum
863 1709 974 1758 tantum
1029 1719 1130 1757 sonam
1147 1709 1280 1757 naturam
1292 1702 1449 1756 hornanam
1464 1700 1568 1754 asseris
1583 1716 1652 1763 esse,
1666 1706 1694 1755 et
1707 1717 1766 1755 uon
1781 1700 1882 1754 Trini-

128 1789 159 1844 in
173 1790 262 1845 finem
278 1791 365 1861 hujus
379 1791 506 1862 epistolae
521 1791 646 1845 fraterno
666 1807 787 1861 suggero
812 1808 891 1845 more
912 1808 917 1845 :
946 1798 977 1845 ut
1029 1797 1128 1860 tatem,
1144 1793 1193 1846 sed
1209 1792 1430 1863 quaternitatem
1443 1790 1535 1844 libera
1551 1804 1617 1842 voce
1632 1789 1770 1843 defendis.

128 1895 250 1951 quaeque
266 1880 376 1950 digesta
391 1884 468 1946 sunt,
490 1895 549 1933 non
575 1887 691 1950 accepta
715 1881 772 1934 sint
792 1880 882 1934 dure:
908 1881 976 1951 qnia
1065 1885 1108 1937 37.
1124 1881 1203 1946 Quod
1233 1896 1300 1934 vero
1320 1880 1488 1949 scriptorem
1515 1883 1641 1932 erratum
1667 1877 1803 1944 causaris,
1833 1894 1882 1932 ne-

129 1983 187 2021 non
200 1966 358 2022 intentione
374 1968 511 2033 victoriae,
532 1968 580 2022 sed
596 1968 724 2022 veritatis
752 1969 913 2024 intentione
945 1970 975 2023 in
1028 1971 1086 2025 scio
1099 1987 1150 2024 cnr
1164 1970 1217 2024 hoc
1229 1969 1359 2023 indidere
1380 1969 1514 2023 volueris.
1531 1969 1587 2022 Nos
1607 1966 1684 2022 enim
1706 1966 1880 2020 sententiam

128 2055 190 2110 hec
214 2057 300 2110 verba
324 2057 466 2111 descendi.
495 2057 625 2110 Vestrum
644 2063 752 2128 estque
781 2057 856 2112 dicta
880 2058 976 2113 miuus
1028 2059 1164 2130 Ephesini
1189 2058 1301 2113 consilii
1330 2058 1473 2128 integram
1501 2057 1659 2127 posuimus,
1685 2056 1816 2127 nihilque
1844 2057 1880 2111 de

129 2145 187 2199 sale
203 2145 320 2199 condire
338 2161 376 2199 :e
402 2145 569 2200 verbositati
594 2147 635 2200 rel
653 2146 806 2217 imperitia
831 2164 902 2201 meae
925 2164 974 2202 ve·
1028 2149 1145 2218 proprio
1161 2146 1301 2201 incudem
1317 2146 1529 2215 augmentando
1547 2146 1731 2211 confecimus,
1754 2161 1808 2198 uec
1829 2145 1880 2199 de·

130 2232 208 2287 uiam
227 2233 384 2304 impertire.
409 2233 501 2288 Semel
525 2234 602 2288 enim
628 2235 719 2289 fassus
741 2252 814 2301 sum,
841 2253 900 2290 non
924 2252 977 2307 per
1029 2237 1135 2290 mendo
1149 2235 1332 2290 detraximus.
1351 2234 1431 2298 Quod
1447 2234 1472 2287 si
1485 2234 1623 2305 syllabam
1658 2234 1806 2303 demptam
1831 2237 1881 2287 aut

129 2326 219 2376 artem
248 2322 352 2377 Donati
376 2322 518 2391 incedere,
547 2324 596 2377 sed
624 2323 783 2378 inscientiae
806 2340 878 2378 mcae
904 2325 976 2379 mihi
1029 2331 1143 2379 auctam
1158 2324 1302 2378 inveneris
1316 2324 1351 2378 de
1365 2324 1426 2393 ipsa
1449 2323 1591 2377 sententia
1614 2321 1749 2392 Ephesini
1778 2322 1879 2393 synodi

129 2411 289 2480 congenitae
308 2410 442 2467 innitere.
464 2413 519 2466 Nec
533 2412 575 2465 las
591 2416 642 2479 est,
668 2417 697 2466 ut
711 2414 793 2483 cnjus
808 2417 907 2467 contra
931 2428 976 2466 re·
1030 2430 1116 2486 qnam
1133 2413 1273 2483 iniringis,
1292 2412 1363 2466 scire
1379 2412 1465 2465 debes
1480 2411 1559 2482 quod
1573 2411 1707 2464 velocitas
1718 2410 1772 2464 hoc
1788 2415 1881 2480 patra·

129 2498 225 2570 gulam
240 2515 337 2567 surgo,
357 2515 363 2564 ;
381 2499 471 2570 ipsius
487 2501 593 2569 regulae
608 2516 695 2571 quain
717 2501 832 2554 destruo
845 2500 975 2554 incedam
1030 2503 1101 2557 verit
1116 2502 1272 2572 scriptoris,
1293 2517 1353 2555 non
1377 2500 1499 2554 intentio
1518 2499 1612 2553 atiena
1636 2499 1784 2553 dictantis:
1813 2498 1881 2569 quia

130 2590 225 2657 tropo.
248 2587 333 2641 bliaut·
360 2593 456 2642 lamen
477 2604 528 2641 cur
544 2589 697 2642 Varronem
721 2593 845 2656 secutus,
871 2589 913 2641 lac
932 2589 975 2642 di·
1029 2590 1218 2658 incongruum
1235 2597 1287 2655 est,
1308 2596 1337 2643 et
1359 2606 1430 2661 pene
1456 2588 1535 2644 stulti
1562 2588 1687 2642 hominis
1710 2592 1738 2641 et
1769 2588 1878 2653 vesani,

129 2691 193 2730 cere
216 2676 362 2730 voliteris:
391 2693 455 2731 cum
485 2678 577 2731 Caesar
600 2676 696 2731 dicat:
728 2678 844 2732 Nullum
871 2694 976 2732 nomen
1029 2679 1192 2734 testimonia
1212 2680 1360 2732 doctorum
1375 2679 1405 2732 in
1427 2677 1563 2747 suffragio
1579 2678 1696 2748 proprio
1714 2677 1765 2743 nti,
1791 2683 1819 2731 et
1846 2678 1881 2730 de

129 2763 240 2819 duabus
255 2764 409 2818 terminare
425 2765 527 2819 litteris
555 2765 652 2819 mritis.
681 2766 734 2821 Sed
763 2766 824 2820 haec
852 2766 973 2820 etalias.
1029 2768 1147 2838 proprio
1172 2768 1246 2820 lianc
1278 2767 1451 2821 sententiam
1477 2767 1624 2836 polluere;
1660 2782 1692 2818 ac
1721 2765 1880 2835 disputanti

165 2854 208 2907 35.
237 2852 317 2906 Nunc
344 2853 378 2907 ad
400 2853 580 2922 propositum
607 2859 791 2921 revertamus,
823 2861 851 2909 et
879 2854 976 2908 omnia
1030 2861 1173 2910 contrase
1195 2855 1390 2926 responsionis
1413 2856 1540 2925 linguam
1562 2870 1614 2924 per
1637 2854 1787 2908 stultitiam
1812 2871 1879 2923 pro·

129 2956 195 3011 quae
223 2941 329 3010 scripta
354 2947 430 3008 suut,
457 2943 564 2996 amoris
592 2958 677 2997 causa
706 2943 781 2998 dicta
808 2944 972 3014 probemus.
993 2943 1355 3014 cpriamacriusacuere.
1373 2944 1445 3011 Noli,
1461 2943 1707 3008 reverendissime,
1725 2943 1881 2997 intantum

130 3030 192 3084 Non
207 3029 285 3083 enim
300 3028 459 3083 inimicanti
474 3030 580 3098 studio,
596 3031 647 3085 sed
662 3031 771 3086 amanti
786 3036 850 3086 voto
880 3038 977 3087 sancta

130 3117 245 3189 digessi,
257 3117 286 3172 ιιι
302 3134 337 3172 ea
351 3134 414 3190 quae
432 3124 459 3173 te
478 3119 652 3185 crudelibus,
669 3124 700 3174 ut
719 3120 822 3186 dicitis,
847 3121 976 3176 trabibus

129 3206 298 3272 demulcavi,
310 3211 339 3261 et
354 3213 385 3262 ut
394 3212 465 3277 puto
476 3209 701 3278 profectuosum,
718 3225 785 3263 nam
801 3225 860 3263 uon
874 3209 976 3264 inutile

128 3295 192 3363 fuit,
213 3301 246 3349 ιιι
260 3300 325 3366 pote
336 3296 385 3366 qui
395 3312 564 3366 responsum
576 3296 659 3350 multi
668 3299 726 3367 J'am
741 3297 881 3368 temporis
896 3298 976 3354 debi-

129 3387 192 3438 tum
207 3383 356 3438 severitate
378 3399 440 3450 sua,
460 3383 518 3437 imo
538 3384 704 3451 rusticitate,
721 3385 861 3453 exhibuit,
883 3391 912 3440 et
929 3391 975 3440 ta·

129 3476 240 3526 centem
257 3476 285 3526 et
299 3471 350 3526 din
371 3471 487 3525 silentio
503 3472 675 3538 studentem,
697 3473 728 3527 in
748 3474 864 3545 eloquio
879 3490 975 3529 erum·

129 3575 198 3630 pere
212 3559 288 3613 iecit.
302 3559 438 3614 Praestitit
450 3561 528 3630 quod
549 3559 800 3632 blandiloquacida
813 3572 826 3597 ²
850 3579 909 3618 non
928 3580 975 3618 va-

129 3647 195 3715 lnit,
218 3651 246 3700 et
270 3646 463 3701 desideratum
492 3648 574 3702 nobis
594 3649 676 3703 aurici
703 3649 862 3705 indiculum
887 3651 975 3707 misit.

131 3735 189 3790 Nec
202 3751 248 3790 me
261 3735 459 3790 Antisthenen
475 3736 689 3808 philosophum,
707 3743 793 3810 teque
806 3739 975 3811 Diogenem,

129 3839 238 3879 asseras
257 3841 332 3892 esse;
354 3841 417 3880 cunr
440 3842 497 3880 non
526 3826 707 3897 discipulum,
733 3829 782 3883 sed
806 3829 975 3899 magistrum

130 3912 161 3967 in
171 3914 305 3969 omnibus
315 3915 457 3985 approbes
471 3915 545 3984 iore,
560 3916 696 3987 quianon
710 3917 820 3987 praebes
835 3919 947 3988 capuli
964 3947 975 3958 ·

129 4002 213 4057 rienti
241 4008 270 4057 et
297 4003 452 4069 submittis,
477 4004 527 4058 sed
558 4005 714 4058 accerrimo
730 3996 906 4077 ‘crudelique
928 4023 974 4060 me

130 4091 197 4145 satis
223 4107 359 4145 mucrone
381 4092 464 4161 petis.
489 4093 538 4147 ilic
561 4098 637 4147 certe
658 4098 701 4147 est
723 4093 906 4148 Antisthenes
925 4094 975 4164 qui

129 4194 194 4233 cum
209 4180 333 4250 gloriose
348 4180 490 4234 docuisset
503 4180 694 4250 {rhetoricam
720 4182 899 4253 audissetque
925 4182 974 4237 So·

1031 3049 1083 3100 nos
1098 3034 1201 3088 stultos
1215 3038 1326 3104 putare,
1342 3037 1375 3087 ut
1387 3033 1512 3087 etismes
1527 3048 1579 3085 nos
1594 3031 1624 3085 in
1640 3032 1733 3085 aliena
1750 3030 1877 3085 aditione

1031 3121 1128 3192 aliqua
1142 3121 1272 3175 minuere
1288 3121 1311 3186 d,
1328 3125 1377 3175 ant
1392 3136 1472 3174 secus
1489 3137 1576 3192 quam
1591 3120 1716 3190 positum
1734 3123 1786 3186 est,
1804 3119 1881 3174 dicta

1031 3211 1174 3281 majorum
1195 3209 1350 3263 temeritati
1379 3209 1521 3279 petulanti
1545 3224 1693 3278 usurpare.
1721 3209 1779 3261 lloc
1802 3208 1879 3261 enim

1030 3298 1145 3369 profani
1165 3302 1217 3364 est,
1236 3302 1265 3352 et
1290 3297 1435 3367 sacrilega
1459 3297 1572 3365 mantis,
1597 3312 1656 3350 non
1678 3296 1811 3349 catholici
1836 3296 1880 3348 vel

1031 3387 1317 3459 quantulumcunque
1343 3381 1446 3440 tidelis.
1474 3385 1553 3449 Quod
1588 3384 1611 3437 si
1639 3384 1736 3454 aliqua
1764 3384 1881 3454 dempta

1029 3477 1164 3531 invenisti
1178 3476 1222 3529 vel
1238 3478 1329 3536 atrata,
1346 3474 1376 3527 in
1387 3474 1489 3545 synodi
1505 3473 1594 3528 sancti
1610 3491 1624 3525 a
1641 3472 1723 3526 nobis
1739 3472 1881 3542 excerptis

1030 3565 1161 3632 decretis,
1178 3564 1299 3618 membri
1315 3563 1422 3633 deputa
1438 3564 1531 3632 culpae
1547 3562 1672 3616 exterius
1692 3561 1843 3615 servientis
1857 3567 1878 3628 ⁶,

1030 3671 1089 3710 non
1111 3652 1201 3708 ruenti
1216 3652 1337 3706 interius
1362 3651 1538 3721 praesidenti.
1556 3651 1633 3718 Vale,
1650 3651 1691 3705 ιιιι
1707 3650 1836 3717 domine,
1853 3657 1882 3705 et

1031 3759 1146 3815 semper
1179 3742 1210 3796 in
1244 3742 1383 3796 tractibus
1415 3741 1627 3810 scripturarum
1658 3739 1724 3794 laeta
1748 3739 1882 3809 gramina

1031 3847 1125 3903 carpe.

1439 3935 1469 3988 V.

1199 4075 1261 4113 iren
1281 4076 1343 4113 ιιιι
1362 4075 1444 4113 ernau
1463 4069 1559 4112 sonum
1580 4074 1699 4112 ιιιιιιιιι.

1151 4165 1265 4219 Aurelio
1281 4165 1375 4219 Flavio
1390 4165 1488 4220 ιοιιιιιι
1503 4164 1606 4218 Paulus
1619 4168 1756 4218 hevaeus.

130 4272 247 4334 cratem,
264 4267 364 4321 dixisse
380 4268 471 4323 fertur
494 4269 528 4323 ad
543 4269 718 4340 discipulos:
739 4269 831 4336 abite,
861 4275 888 4324 et
910 4286 974 4324 ma-
992 4255 1015 4309 D
1067 4277 1090 4326 l.
1108 4273 1173 4326 Post
1187 4271 1410 4343 disputationem
1427 4271 1584 4324 inscientiae
1600 4275 1704 4324 nostroe
1715 4270 1750 4323 de
1766 4269 1881 4323 duabus

130 4355 253 4427 gistrum
268 4356 410 4426 quarite:
434 4357 581 4428 egoenim
602 4357 661 4428 jam
689 4357 792 4428 reperi.
815 4358 869 4413 Sed
892 4359 973 4430 quid,

130 4459 238 4515 quase,
255 4445 417 4500 amantibus
443 4445 567 4500 durum?
586 4446 654 4516 quid
679 4447 779 4502 amicis
793 4448 901 4518 polerit
915 4465 975 4503 esse

88 4551 91 4562 ·
130 4545 271 4600 severum,
287 4548 353 4587 cnm
376 4550 425 4587 nec
448 4535 510 4605 ipsa
532 4550 609 4589 mors
624 4540 718 4605 potest
741 4535 875 4591 divellere
904 4554 975 4608 quos

130 4619 252 4674 charitas
267 4622 472 4678 indissolubilis
486 4624 615 4694 Jnnxerit
627 4624 750 4679 Christi?

165 4712 209 4766 36.
226 4710 385 4766 Secundam
401 4711 550 4781 epistolam
574 4718 699 4768 vestram
725 4714 822 4768 tristes
844 4720 873 4769 et
900 4730 974 4784 pene

131 4802 166 4856 ad
179 4800 307 4855 infernos
318 4816 408 4871 usque
419 4799 560 4856 dimersos
575 4801 746 4873 accepimus,
759 4807 787 4856 et
800 4803 976 4874 velquantu·

129 4889 306 4959 lumcnnqne
325 4887 354 4942 in
376 4887 524 4943 doloribus
548 4890 678 4944 solamen
702 4905 736 4944 ex
764 4889 849 4943 amici
871 4889 976 4961 scripta

130 4993 182 5032 nos
199 4976 332 5031 habuisse
347 4976 543 5044 cognovimus.
559 4977 601 5033 Ad
617 4994 703 5050 quam
728 4979 902 5049 respondere
934 4980 975 5034 nil

131 5083 191 5138 prae
213 5065 345 5137 lacrymis
359 5065 516 5135 potuimus,
528 5067 596 5139 quia
611 5071 639 5121 et
658 5067 766 5121 musica
782 5065 812 5122 in
832 5068 911 5122 luctu
924 5067 977 5122 im·

131 5162 287 5227 portunam
302 5156 346 5210 vel
361 5156 593 5227 intempestivam
608 5155 803 5212 narrationem
817 5173 834 5210 a
859 5157 977 5227 majori·

165 5307 178 5332 ⁸
197 5299 229 5354 ld
243 5304 286 5353 est
302 5298 545 5370 blandiloquentiae.

165 5369 253 5437 blla,
271 5372 416 5437 procincte.

167 5448 177 5473 ⁰
195 5441 252 5507 lis,
267 5440 369 5495 induti.

167 5507 258 5578 dits,
279 5515 411 5566 minuare.

1029 4360 1236 4432 quaestionibus
1248 4376 1308 4414 non
1324 4359 1509 4428 sufficienter,
1519 4364 1551 4413 ιιι
1566 4362 1632 4429 pote
1646 4362 1732 4412 tantae
1747 4357 1880 4412 materiae

1028 4453 1246 4521 congruentem,
1254 4449 1303 4503 sed
1315 4449 1511 4502 mediocritate
1522 4446 1879 4518 ingeniinostriundique,

1030 4555 1088 4592 uon
1100 4539 1205 4604 medie,
1219 4543 1422 4607 temperatam
1435 4538 1573 4590 hactenus
1584 4535 1658 4596 silui,
1675 4543 1703 4589 et
1719 4536 1748 4589 in
1764 4535 1881 4608 cceptol

1029 4626 1144 4681 silentio
1160 4627 1341 4681 decreveram
1364 4641 1544 4694 permanere,
1569 4633 1720 4694 quousque
1737 4625 1882 4694 rescripto

1029 4714 1201 4785 eloquentia
1214 4718 1314 4767 vestrae
1330 4718 1379 4766 aut
1395 4712 1572 4775 retunderer,
1588 4711 1805 4779 arrtprobarer:
1829 4712 1882 4767 sed

1029 4803 1097 4876 quia
1110 4818 1190 4857 amor
1204 4802 1346 4865 internus,
1362 4807 1411 4854 ant
1427 4800 1450 4852 si
1464 4799 1675 4853 commodatius
1687 4798 1792 4853 dicitur
1808 4800 1882 4854 dile-

1029 4891 1096 4957 ctio,
1112 4906 1177 4962 quae
1193 4889 1316 4944 charitas
1329 4890 1424 4960 aptius
1439 4888 1469 4941 in
1479 4888 1585 4942 divinis
1593 4887 1788 4942 voluminibus
1804 4904 1882 4942 nnn-

1030 4985 1161 5051 cupatur,
1173 4978 1288 5032 interna
1301 4977 1435 5031 obtinens
1449 4981 1555 5043 extuat,
1568 4981 1595 5031 et
1605 4977 1748 5031 extuando
1759 4978 1884 5032 modum

1030 5084 1089 5125 non
1105 5072 1212 5132 servat3
1238 5065 1303 5120 inde
1319 5066 1449 5120 ordinem
1466 5064 1640 5119 litterizandi
1664 5081 1723 5118 non
1753 5081 1883 5128 servans,

1031 5162 1116 5227 atque
1131 5155 1357 5209 extraordinario
1374 5170 1455 5208 more
1470 5169 1516 5208 me
1540 5159 1631 5208 totum
1654 5154 1714 5225 ipse
1732 5160 1885 5209 comatum

1065 5296 1152 5360 οιιι,
1168 5301 1322 5366 exscerpta
1336 5297 1444 5354 decreto
1460 5296 1592 5351 :membri
1610 5297 1712 5366 deputa
1722 5295 1808 5366 culpu-
1830 5314 1884 5352 ea-

1033 5371 1116 5422 terius
1131 5368 1268 5422 scrutanti.

1068 5438 1078 5473 ¹
1096 5439 1275 5509 bis.,incepto.
