3930 6098
112 271 180 325 1109
657 273 704 329 DE
722 271 892 328 TENENDA
911 271 1115 328 SCRIPTURAE
1134 272 1320 328 vantram.
1794 277 1862 329 ttto

108 416 205 473 neque
228 400 258 456 in
282 402 411 473 catalogo
436 403 574 466 librorum
600 402 672 472 ejus,
702 418 796 473 neque
820 402 851 457 in
875 402 957 457 libris
976 404 1097 473 Aptera
1118 402 1276 474 quastione
1296 403 1330 458 de
1357 404 1536 475 praescientia
1559 409 1587 458 et
1611 405 1860 476 predestinatione
1959 387 1963 395 ¹

109 489 349 545 Retractationum
370 491 441 562 ejus,
464 507 556 562 neque
577 491 607 545 in
631 492 742 562 scriptis
766 491 886 563 alicujus
905 492 959 547 riri
1012 491 1118 557 divina,
1135 492 1373 546 inconsideratius
1389 498 1474 564 atque
1488 493 1737 548 inconvenientius
1751 494 1860 550 dictum

107 578 291 633 ecclesiastici
315 579 388 635 forte
412 585 587 634 aremoratus
611 580 763 651 reperitur,
785 587 813 635 et
838 581 958 635 manife-
1012 584 1065 646 est,
1084 596 1142 634 non
1156 580 1333 634 contentiose
1353 581 1532 650 defendatur,
1558 598 1609 635 nec
1625 581 1757 653 synodali
1772 582 1858 637 etiarn

107 667 234 722 stissime
258 668 392 738 praedicti
414 669 537 723 doctoris
563 670 706 737 sensibus,
728 670 786 724 imo
810 670 959 725 catholicas
1012 669 1179 723 auctoritate
1191 669 1369 723 fulciendum
1386 674 1503 739 putetur
1516 687 1523 724 :
1536 671 1585 724 sed
1602 671 1698 739 potius
1714 671 1812 740 agnita
1821 671 1860 726 di.

107 755 268 810 sinceritati
290 757 430 826 probatur
461 760 605 824 adversus,
632 773 684 811 nec
709 759 771 829 ipso
794 759 867 829 stylo
889 759 959 813 utta·
1013 758 1223 824 rinaveritate,
1248 763 1277 811 et
1293 761 1406 827 recepta
1425 758 1574 812 humiliter
1596 764 1716 829 paterna
1735 760 1859 814 auctori-

106 846 192 898 tenns
213 859 278 898 curn
303 845 365 915 ejus
393 846 507 916 eloquio
531 846 689 917 consonat),
711 847 880 918 abjiciamus
904 848 959 901 cla·
1012 851 1080 913 tate,
1096 847 1221 901 velocius
1231 851 1260 901 et
1275 847 1412 900 attentius
1425 847 1595 917 corrigatur.

106 932 223 986 tissima
235 932 360 987 veritatis
374 933 520 1005 dogmata,
538 950 602 1004 quae
615 934 645 988 in
668 935 825 989 verissimis
847 938 875 989 et
889 950 958 1004 pro·
1363 952 1474 1007 cngT
1493 955 1522 1007 χ,

104 1020 262 1075 batissimis
284 1022 364 1076 libris
386 1023 446 1092 ejus
464 1039 523 1076 non
551 1024 644 1077 solum
667 1023 696 1078 io
721 1023 832 1078 caeteris
856 1023 958 1078 mundi
1012 1043 1131 1098 Gemma
1154 1043 1270 1110 ,appuli
1297 1042 1419 1098 secundi,
1444 1045 1481 1096 pe
1502 1056 1566 1095 „era
1591 1042 1695 1098 chrm,-
1717 1043 1811 1110 qratia
1833 1045 1859 1095 22

106 1109 247 1179 partibus,
272 1112 320 1164 sed
341 1111 427 1165 etiam
450 1112 480 1165 in
500 1111 563 1181 ipsa
584 1113 651 1165 sede
680 1112 846 1182 apostolica,
863 1111 957 1166 omnis
1323 1114 1406 1167 libero
1420 1113 1546 1167 arbitrio.

106 1198 248 1252 catholica
278 1199 397 1270 suscipit
429 1205 457 1253 et
484 1205 576 1254 serrat
605 1201 737 1257 Ecclesia.
767 1201 835 1266 Quae
861 1200 958 1255 omnia
1045 1198 1348 1270 Sequitursecundum
1375 1200 1542 1256 earumdem
1558 1199 1757 1254 definitionum
1780 1198 1858 1268 capi-

106 1285 212 1341 idcirco
245 1292 304 1341 tarn
347 1288 501 1358 diligenter
537 1289 703 1360 replicanda
741 1290 894 1358 credimus,
927 1294 957 1343 nt
1011 1288 1497 1359 tuluni,cujusverbahaecsunt:

107 1379 221 1429 tantum
242 1377 349 1430 matum
371 1378 406 1431 de
430 1383 643 1447 contemptuet
665 1377 823 1448 abjectione
842 1378 957 1432 sanctis·
1047 1379 1250 1433 «Libertatem
1281 1379 1391 1433 arbitrii
1416 1379 1444 1432 in
1469 1378 1564 1448 primo
1593 1376 1712 1431 bomine
1735 1373 1860 1445 perdidi·

106 1464 247 1519 simorum
265 1468 391 1528 Petrum.
406 1471 519 1521 tantum
534 1467 716 1521 mendacium
732 1468 766 1522 de
791 1467 870 1521 libris
885 1468 950 1521 fide·
1011 1482 1083 1531 mus,
1103 1482 1190 1537 quam
1207 1483 1259 1537 per
1273 1467 1418 1522 Christum
1443 1467 1595 1520 Dominum
1611 1471 1742 1520 nostrum
1757 1463 1860 1533 recipi·

107 1552 210 1606 tissimi
226 1559 255 1607 et
270 1554 454 1609 sincerissimi
470 1555 603 1621 doctoris,
615 1572 667 1626 per
677 1556 752 1626 quod
767 1555 956 1610 clarissimam
1010 1572 1084 1623 mus,
1101 1561 1128 1609 et
1141 1557 1279 1610 babemus
1295 1556 1415 1609 liberum
1431 1555 1583 1610 arbitrium
1599 1555 1634 1607 ad
1649 1555 1769 1619 bonum,
1784 1568 1861 1622 praa·

107 1641 254 1696 veritatem
289 1645 491 1713 respuendam,
521 1650 549 1698 et
576 1645 753 1699 fallaciarum
777 1644 892 1698 umbras
924 1659 956 1698 ac
1010 1651 1137 1711 ventum,
1163 1651 1191 1698 et
1220 1645 1350 1713 adjutum
1373 1644 1488 1714 gratia:
1513 1648 1540 1696 et
1568 1642 1705 1696 babemus
1734 1642 1859 1695 liberum

106 1730 227 1785 nebulas
256 1733 414 1803 sequendas
442 1732 488 1786 isti
516 1733 700 1804 persuadent,
722 1733 838 1803 penitus
864 1750 880 1787 a
904 1749 954 1787 no·
975 1705 1159 1787 Barbitrium
1177 1732 1212 1786 ad
1237 1734 1355 1798 matum,
1378 1733 1521 1787 desertum
1543 1731 1643 1803 gratia.
1659 1730 1793 1785 Liberum
1808 1745 1859 1784 au·

106 1819 174 1873 stris
190 1819 294 1874 animis
313 1821 496 1891 repellamus.
510 1820 582 1886 Quia
595 1821 619 1874 si
636 1821 797 1876 istiusmodi
813 1821 955 1876 fallaciam
1011 1826 1068 1876 tem
1089 1821 1227 1876 habemus
1251 1821 1415 1887 arbitrium,
1439 1820 1508 1892 quia
1534 1819 1627 1891 gratia
1650 1818 1815 1885 liberatum,
1832 1820 1860 1871 et

104 1905 219 1963 incaute
244 1909 424 1980 suscipimus,
449 1909 537 1964 intrat
562 1909 684 1979 putredo
710 1909 745 1964 de
769 1926 878 1964 veneno
897 1893 956 1964 ser·
1010 1910 1103 1980 gratia
1118 1909 1152 1964 de
1167 1914 1303 1980 corrupto
1320 1915 1492 1963 sanatum.»

104 1996 210 2066 pentis,
231 2003 259 2050 et
274 1996 344 2052 nihil
358 1999 504 2067 integrunt
520 1997 688 2052 remanebit.
1358 2012 1511 2053 1111111.

139 2083 292 2139 Ρ10111111
307 2091 335 2140 11
347 2086 436 2140 alium
453 2087 596 2154 libellum,
617 2089 695 2141 vetut
716 2086 769 2140 sub
793 2085 910 2140 nomine
926 2086 953 2140 S.
1045 2085 1147 2143 Mirum
1163 2090 1206 2140 est
1225 2086 1323 2155 igitur,
1338 2102 1390 2141 cur
1411 2102 1462 2156 per
1476 2085 1531 2139 hoc
1550 2089 1607 2138 tam
1630 2080 1747 2136 confuse
1760 2086 1789 2135 et
1803 2081 1856 2135 ob-

106 2172 272 2242 Hieronymi
305 2174 339 2226 de
370 2173 459 2226 libero
482 2173 600 2227 arbitrio
632 2174 835 2244 conscriptum,
869 2190 955 2244 quem
988 2178 1082 2243 tuse,
1108 2192 1139 2229 ac
1163 2175 1308 2229 decurtate
1335 2175 1369 2229 de
1388 2174 1478 2228 libero
1502 2173 1623 2227 arbitrio
1643 2171 1795 2226 definitum
1810 2171 1856 2237 sit,

107 2260 622 2332 utiqueclariusdebentostendere,
639 2263 876 2334 utprobetur,{si
893 2279 956 2317 vere
1009 2279 1074 2317 cum
1104 2263 1224 2318 Domino
1252 2263 1390 2333 largiente
1419 2262 1566 2316 abundent
1594 2261 1623 2315 in
1644 2259 1768 2314 Ecclesia
1793 2258 1857 2328 ejus

105 2349 197 2419 ipsius
212 2365 274 2403 esse
287 2349 446 2404 credendus
461 2351 506 2404 sit.
525 2351 580 2404 Nos
601 2351 677 2406 enim
702 2351 807 2405 scimus
822 2352 955 2406 eumdem
1009 2357 1172 2406 sanctorum
1199 2356 1284 2421 atque
1308 2351 1536 2404 orthodoxorum
1556 2351 1673 2403 Petrum
1696 2347 1730 2401 de
1750 2346 1803 2400 hac
1825 2344 1875 2399 11

106 2443 236 2492 sanctum
265 2437 471 2509 Hieronymum
492 2441 522 2492 in
544 2440 670 2509 quodam
694 2455 782 2510 opero
803 2439 838 2495 de
865 2440 956 2495 libero
1008 2440 1184 2512 plenissimae
1197 2446 1227 2495 et
1241 2439 1406 2494 clarissimae
1419 2439 1621 2494 definitiones:
1642 2437 1672 2491 in
1685 2435 1789 2507 quibus
1804 2450 1857 2488 nec

105 2527 252 2597 scripsisse
285 2527 413 2591 arbitrio,
443 2534 471 2581 et
503 2528 630 2597 posuisse
663 2528 732 2582 duas
763 2529 956 2599 quorumdam
1008 2515 1170 2584 addendum
1197 2529 1306 2600 aliquid
1331 2530 1434 2594 fuerat,
1454 2543 1505 2581 nec
1528 2525 1764 2592 subtrahendum,
1788 2524 1858 2594 quia

105 2615 266 2686 opiniones,
282 2631 405 2686 quarum
431 2632 517 2670 unam
540 2617 681 2688 sequitur,
699 2618 818 2671 alteram
835 2618 954 2672 omnino
1008 2623 1038 2671 et
1057 2618 1133 2689 quod
1148 2618 1215 2672 fidei
1237 2617 1385 2671 catholicae
1407 2616 1598 2670 necessarium
1618 2619 1671 2680 est,
1693 2611 1857 2684 plenissime

105 2705 217 2773 respuit
241 2704 371 2758 Ecclesia.
388 2705 544 2758 Careamus
570 2705 667 2776 itaque
692 2705 875 2777 (inquantum
899 2707 955 2760 lleo
1008 2707 1166 2774 continent,
1183 2712 1210 2760 et
1225 2707 1247 2759 si
1264 2706 1328 2776 quis
1344 2706 1411 2760 inde
1427 2704 1621 2768 subtrahatur,
1639 2699 1766 2756 veritatis
1781 2701 1856 2754 inte·

104 2792 262 2847 ausiliante
287 2794 451 2863 possumus)
475 2792 625 2847 mendacia
656 2794 792 2848 adversus
814 2794 901 2848 tidem
928 2799 956 2848 et
1009 2795 1098 2866 gritas
1126 2795 1259 2848 violatur.
1284 2794 1303 2846 E
1332 2793 1436 2863 quibus
1458 2792 1583 2862 paternis
1603 2796 1633 2846 et
1662 2788 1858 2844 ecclesiasticis

104 2881 256 2934 veritatem
290 2880 438 2951 surgentia
469 2897 475 2934 :
504 2876 533 2935 et
567 2881 688 2936 maxime
718 2882 772 2935 hoc
812 2887 953 2951 ternpore,
1009 2877 1854 2951 definitionibus,erempligratia,haecpaucaproponimus.

104 2968 222 3038 quando
239 2968 362 3022 terribili
378 2968 558 3037 lieijudicio,
582 2972 611 3023 et
633 2969 799 3039 ignorantia
817 2970 910 3040 major
924 2970 994 3058 inc
1047 2975 1070 3026 t.
1098 2973 1152 3036 (Ec
1166 2973 1256 3039 Epist.
1280 2971 1416 3026 Coetestina'
1440 2984 1505 3037 pop.
1530 2985 1554 3021 c.
1576 2968 1615 3036 1.)
1636 2967 1667 3020 11
1693 2965 1858 3036 praevarica-

104 3054 271 3109 hominibus
299 3056 384 3125 coepit
418 3071 606 3120 succrescere,
635 3063 662 3109 et
696 3056 846 3128 multiplex
873 3073 954 3111 error
1007 3058 1086 3113 tione
1110 3059 1176 3112 Adae
1201 3074 1301 3111 omnes
1325 3057 1660 3111 heminessnaturatem
1683 3053 1857 3125 possibilita-

104 3143 224 3196 liberius
239 3143 391 3212 pullulare.
409 3143 462 3198 Sed
486 3149 513 3197 et
528 3144 552 3197 si
572 3144 636 3214 quis
651 3143 682 3197 in
698 3145 807 3199 ratione
828 3144 893 3199 fidei
910 3145 954 3199 rel
1008 3152 1067 3203 tem
1082 3153 1110 3201 et
1126 3146 1319 3201 innocentiam
1337 3145 1518 3216 perdidisse:
1535 3150 1563 3199 11
1574 3144 1722 3198 neminem
1738 3142 1773 3196 de
1792 3157 1858 3211 pro-

102 3236 191 3296 errat,
208 3231 251 3284 vel
266 3247 361 3285 errare
384 3236 512 3302 putatur,
530 3231 630 3302 utique
653 3248 711 3286 non
728 3233 877 3287 mendacio
891 3234 954 3287 rin·
1008 3237 1097 3290 fundo
1112 3237 1189 3291 illius
1202 3236 1293 3289 ruinae
1310 3251 1362 3304 per
1375 3227 1499 3289 liberum
1515 3233 1665 3287 arbitrium
1685 3246 1769 3302 posse
1783 3245 1855 3284 con-

102 3320 210 3373 cendus
225 3324 278 3385 est,
294 3321 342 3374 sed
368 3321 498 3386 veritate,
519 3321 593 3375 sicut
615 3327 642 3375 et
663 3321 764 3376 beatus
779 3323 953 3393 augustinus

103 3409 138 3461 ad
172 3408 328 3478 quemdam
358 3409 527 3479 scriptorem
554 3409 747 3479 improvidum
774 3411 953 3467 vincentium

105 3497 245 3551 Victorem
261 3497 352 3551 dicit:
381 3498 449 3567 [Nos
464 3504 491 3553 te
506 3499 547 3552 ita
570 3498 702 3553 volumus
723 3515 782 3554 esse
803 3499 952 3567 victorem„

104 3591 137 3639 ut
153 3585 280 3640 veritatis
295 3585 389 3640 vincat
409 3601 547 3652 errorem,
570 3602 628 3641 uon
645 3603 726 3642 error
748 3604 887 3657 errorem,
913 3593 951 3657 et,

104 3674 182 3746 quod
196 3680 238 3728 est
253 3676 344 3745 pejus,
359 3676 452 3745 major
465 3674 630 3745 minorem]

141 3763 208 3818 Haec
231 3763 266 3817 de
291 3765 384 3834 primo
410 3764 535 3835 capitulo
565 3764 768 3820 definitionum
793 3765 952 3820 necessario

103 3851 179 3906 dicta
204 3851 273 3918 sint,
300 3857 331 3906 ut
357 3857 385 3907 et
406 3852 527 3923 siquid,
550 3858 686 3924 surgente
707 3854 826 3908 obscura
840 3857 869 3907 et
887 3870 952 3924 per·

1009 3340 1137 3396 surgere,
1153 3325 1209 3378 nisi
1223 3340 1289 3378 eum
1305 3323 1396 3393 gratia
1411 3323 1461 3376 Dei
1475 3321 1637 3376 miserantis
1652 3319 1784 3374 erexerit.

1044 3412 1186 3483 11111,
1216 3429 1239 3466 c.
1267 3414 1306 3477 7.)
1330 3411 1410 3475 Quod
1440 3427 1524 3465 neruo
1552 3409 1607 3464 nisi
1631 3424 1683 3478 per
1712 3407 1857 3462 Christum

1009 3499 1099 3554 libero
1115 3501 1187 3555 bene
1203 3504 1300 3553 utatur
1316 3499 1444 3553 arbitrio.

1049 3590 1074 3643 3.
1090 3589 1185 3657 (totu,
1202 3605 1227 3642 c.
1244 3590 1283 3654 8.)
1301 3586 1384 3651 Quod
1397 3587 1496 3641 omnia
1510 3586 1604 3640 studia
1616 3590 1645 3639 et
1659 3584 1757 3639 omnia
1770 3600 1858 3655 opera

1009 3693 1041 3731 ac
1056 3677 1158 3731 merita
1171 3684 1333 3730 sanctorum
1358 3676 1392 3730 ad
1413 3675 1463 3729 llei
1486 3675 1608 3744 gloriam
1628 3673 1800 3744 laudemque
1816 3689 1858 3726 re·

1008 3766 1126 3821 ferenda
1142 3765 1208 3830 sint,
1224 3764 1293 3834 quia
1313 3779 1398 3817 nemo
1421 3763 1537 3817 aliunde
1562 3763 1588 3816 ei
1606 3763 1727 3832 placeat,
1753 3761 1857 3816 nisiex

1009 3871 1042 3909 eo
1059 3854 1136 3926 quod
1146 3854 1207 3924 ipse
1219 3852 1376 3908 donaverit.

638 3980 737 4037 NOTAE
756 3981 920 4040 DUVALLlI
940 3982 1111 4039 uocroats
1130 3982 1323 4039 SORBONICI.

139 4084 244 4138 'Hanc
258 4083 326 4138 dicit
341 4100 393 4138 nos
407 4100 459 4155 per
474 4089 623 4154 peccatum
637 4085 704 4140 aare
723 4085 862 4141 amisisse.
875 4087 952 4142 Sicut
971 4089 993 4144 D
1008 4092 1113 4154 catum,
1140 4087 1197 4141 sive
1224 4086 1389 4158 praecedens
1415 4085 1472 4138 sive
1497 4077 1685 4153 subsequens,
1707 4097 1759 4135 nos
1782 4083 1856 4136 Deos

103 4158 132 4206 et
156 4155 323 4208 Caelestinus
350 4172 433 4226 papa,
458 4172 520 4227 cap.
537 4157 718 4227 aeporegiae
742 4173 795 4228 pro
811 4159 951 4228 Prospero

104 4228 133 4277 et
150 4226 266 4278 Hilario.
282 4225 336 4280 Sed
352 4241 480 4296 peream
505 4226 639 4298 intelligit
657 4232 783 4282 sanctam
805 4229 953 4298 cogitatio·

104 4310 184 4357 nem,
200 4296 280 4364 pinni
296 4297 447 4351 consilinm
468 4313 642 4369 omnemque
657 4298 740 4351 bonae
755 4306 784 4351 et
803 4305 951 4354 11111111-

104 4366 225 4420 luntatis
244 4372 366 4433 motum,
389 4383 454 4438 quae
478 4372 543 4422 ante
564 4375 712 4438 peccatum
736 4384 787 4437 per
809 4369 952 4439 justitiam

105 4437 279 4505 originalem
301 4437 415 4492 inerant
438 4439 557 4504 homini,
588 4455 645 4492 non
667 4437 785 4509 quidem
814 4447 952 4509 tanquam

106 4513 218 4562 naturae
233 4509 435 4578 proprietates,
456 4510 505 4563 sed
521 4510 613 4563 solum
635 4509 669 4562 ab
689 4509 808 4563 instanti
827 4511 951 4563 creatio·

103 4578 149 4631 nis
168 4577 259 4648 ipsius
280 4585 414 4633 natiue:
437 4596 495 4650 quo
519 4596 605 4634 sensu
627 4580 663 4633 ab
690 4579 815 4634 Ecclesia
838 4581 951 4650 Lugdu·

103 4649 187 4703 nansi
201 4649 304 4703 dicitur
320 4650 457 4704 naturalis
471 4651 653 4720 possibilitas.
671 4650 718 4704 Vel
734 4651 819 4705 dicito
836 4652 953 4706 nomine

105 4720 247 4773 naturalis
273 4720 350 4774 itlius
383 4721 580 4790 possibilitatis
622 4720 777 4791 significari
812 4722 954 4793 justitiam

104 4790 198 4859 ipsam
224 4791 406 4860 originalem,
427 4792 495 4862 quia
515 4807 615 4847 omnes
637 4792 785 4846 facultates
809 4794 954 4847 naturales

102 4865 164 4914 tam
181 4861 270 4914 animi
285 4877 372 4932 quarn
394 4863 523 4933 corporis
545 4862 691 4917 indebito
714 4863 837 4934 quodam
860 4864 954 4918 officio

103 4931 281 4997 continebat,
296 4937 325 4986 et
337 4933 485 4987 bominem
501 4934 530 4987 in
554 4938 628 4988 statu
653 4939 763 4989 naturae
785 4936 906 5005 integras
926 4940 955 4989 et

103 5017 157 5072 per
170 5007 320 5071 peccatum
334 5004 453 5058 minime
470 5005 572 5059 sancire
588 5005 786 5061 constituebat.

140 5072 198 5127 Sub
232 5073 320 5127 finem
347 5074 461 5129 videtur
493 5075 643 5131 admittere
669 5075 954 5156 praedestinationem

104 5147 236 5223 respectu
250 5150 443 5214 peccatorum.
459 5145 515 5200 Sed
543 5146 596 5200 hoc
614 5146 659 5199 vel
669 5147 798 5218 intellige
820 5147 855 5201 de
887 5163 954 5216 pec-

104 5219 175 5267 catis
196 5214 446 5286 subsequentibus,
463 5232 528 5286 quae
548 5223 579 5271 ut
599 5216 757 5287 plurimum
780 5234 873 5288 111111
888 5223 954 5272 sunt

104 5286 347 5356 praecedentium
377 5292 445 5341 tunc
466 5288 542 5341 enirn
571 5304 629 5341 non
651 5287 680 5341 in
702 5288 812 5342 ratione
835 5289 952 5359 peccati.

105 5355 156 5410 sed
172 5356 202 5410 in
218 5357 329 5412 ratione
345 5374 433 5427 poenae
455 5358 571 5413 decerni
585 5363 612 5413 et
626 5358 824 5428 praedestinari
836 5376 919 5431 posse
935 5376 952 5413 a

106 5428 166 5480 fleo
182 5426 306 5482 affirmat
322 5429 444 5483 Ecclesia
466 5428 662 5498 Lugdunensis
681 5444 687 5482 :
704 5430 759 5483 hoc
773 5429 851 5484 enim
866 5430 951 5484 modo

105 5497 234 5567 aliquam
255 5499 398 5569 requitatis
422 5505 451 5552 et
465 5498 585 5568 justitiae
608 5500 787 5553 vindicativae
809 5500 952 5556 rationem

105 5567 290 5639 participant.
310 5571 413 5624 Verum
431 5573 495 5640 quia
508 5585 655 5641 nunquam
675 5571 711 5624 ad
724 5571 873 5642 quodlibet
887 5588 951 5642 pec·

1006 4159 1180 4230 praeordinat
1205 4159 1384 4230 (sequeretur
1404 4156 1480 4210 euim
1504 4157 1579 4208 Deus
1596 4170 1656 4207 esse
1671 4154 1772 4233 saltem
1789 4152 1856 4206 sub·

1006 4231 1191 4301 sequentium
1214 4236 1397 4300 peccatorum
1419 4225 1588 4294 auctorem),
1614 4224 1678 4278 ideo
1701 4228 1788 4277 satius
1814 4229 1857 4277 est

1006 4302 1179 4371 respondere
1214 4301 1365 4356 Ecclesiam
1390 4299 1611 4367 Lugdunensem
1642 4295 1769 4364 accipere
1801 4294 1857 4348 hoc

1007 4373 1067 4425 loco
1099 4372 1366 4440 praedestinationem
1402 4385 1453 4440 pro
1485 4367 1659 4438 prouidentia
1687 4370 1855 4435 tantumque

1006 4442 1079 4496 aelle
1106 4443 1195 4496 [111111
1221 4442 1325 4496 habere
1347 4439 1557 4522 providentiam
1575 4442 1767 4518 peccatorum,¹
1788 4436 1856 4561 quia

1006 4516 1039 4565 ut
1065 4512 1172 4582 aliquid
1197 4513 1249 4566 snb
1273 4512 1454 4583 providentia
1477 4511 1559 4562 cadat
1589 4515 1656 4561 satis
1681 4514 1722 4561 est
1746 4524 1769 4561 si
1815 4524 1856 4560 rec

1007 4582 1061 4635 tria
1093 4588 1267 4636 concurrant
1300 4597 1306 4635 :
1344 4585 1371 4636 te
1402 4585 1433 4633 ut
1465 4596 1481 4633 a
1510 4580 1567 4633 ileo
1599 4579 1685 4632 fuerit
1715 4594 1749 4632 ex
1777 4578 1855 4632 omni

1006 4653 1166 4709 eternitate
1188 4653 1359 4722 praevisum,
1388 4654 1419 4704 20
1448 4655 1480 4704 ut
1502 4649 1609 4720 absque
1636 4650 1687 4703 Dei
1709 4650 1855 4704 voluntate

1007 4725 1108 4778 saltem
1126 4724 1293 4795 permissive
1308 4739 1365 4776 non
1388 4721 1514 4786 eveniat;
1530 4725 1560 4775 2⁰
1589 4724 1620 4774 ut
1635 4736 1701 4774 cum
1716 4720 1853 4785 evenerit,

1008 4795 1122 4849 ordinet
1143 4794 1213 4848 illud
1237 4795 1310 4848 Deus
1331 4793 1366 4846 ad
1388 4792 1474 4846 tinem
1498 4791 1623 4861 aliquem
1650 4791 1768 4845 bonum.
1784 4791 1855 4846 Curn

1008 4881 1076 4935 ergo
1091 4872 1204 4936 peccata
1220 4865 1276 4917 sint
1296 4863 1416 4935 praevisa
1442 4868 1469 4916 et
1494 4862 1633 4932 permissa
1657 4862 1746 4915 allec
1769 4867 1855 4942 atque

1008 4937 1094 4989 etiam
1110 4936 1241 4989 ordinata
1256 4935 1292 4989 ad
1308 4935 1417 4989 bonnm
1432 4934 1531 4997 tinem,
1547 4932 1685 4986 nimirum
1702 4937 1733 4985 ut
1744 4933 1856 5002 peritia

1007 5006 1132 5061 declaret
1152 5008 1227 5060 fleus
1247 5022 1328 5060 suam
1347 5004 1489 5073 justitiam
1510 5002 1577 5056 dum
1603 5002 1633 5055 in
1658 5003 1706 5056 1111
1728 5002 1856 5057 animad-

1008 5078 1101 5142 vertit,
1133 5083 1182 5131 aut
1206 5075 1441 5144 misericordiam,
1472 5075 1540 5128 dum
1573 5072 1703 5142 quaedam
1730 5073 1856 5143 benigne

1009 5149 1116 5202 relaxat
1134 5165 1140 5202 ε
1157 5148 1255 5217 negari
1270 5164 1328 5201 nou
1342 5152 1435 5218 potest
1451 5144 1521 5215 quin
1533 5147 1655 5223 ¹peccata
1667 5142 1771 5197 divine.
1788 5159 1855 5213 pro·

1007 5219 1140 5273 videntiae
1154 5220 1320 5288 subJaceant
1341 5234 1389 5271 seu
1406 5215 1714 5293 predestinationn-
1732 5215 1854 5283 August.

1007 5291 1039 5344 in
1064 5290 1236 5354 Euchiridio,
1260 5305 1322 5359 cap.
1341 5289 1384 5351 11,
1410 5292 1439 5341 11
1458 5286 1534 5340 libr
1558 5285 1593 5338 de
1612 5285 1707 5349 civit,
1728 5299 1791 5353 cap.
1812 5286 1856 5352 17,

1011 5363 1042 5416 18
1058 5366 1086 5415 et
1100 5364 1150 5428 233
1166 5361 1297 5415 ambros.
1316 5361 1334 5414 1.
1350 5359 1408 5413 rde
1422 5356 1539 5420 Officiis,
1560 5372 1622 5436 cap.
1646 5356 1678 5410 tls
1694 5357 1786 5421 1116;
1804 5355 1855 5409 Eu·

1006 5432 1066 5488 seb.
1090 5431 1140 5486 tib.
1165 5448 1203 5486 vu
1225 5428 1447 5501 Praeparationis
1470 5426 1651 5498 evangelicoe,
1678 5441 1741 5495 cap.
1764 5428 1798 5493 5;
1826 5430 1854 5480 et

1008 5503 1039 5557 u.
1056 5502 1187 5567 Thomas,
1206 5507 1308 5574 quast.
1324 5504 1368 5570 21,
1387 5517 1396 5555 1
1411 5504 1496 5572 part,
1513 5498 1591 5552 artic.
1609 5500 1636 5564 2,
1653 5496 1686 5551 ad
1702 5497 1728 5549 2.
