3930 6098
65 263 100 314 5³
599 261 644 319 DE
666 262 997 320 ttnmnest'trtsrteun
1017 262 1087 321 bnt.
1110 290 1145 303 -
1165 262 1232 320 ttts.
1254 263 1287 318 ll.
1787 264 1820 319 st

65 394 222 465 perdocuit,
236 395 266 450 in
279 411 313 450 eo
334 396 413 468 qnod
429 412 445 451 a
459 412 489 452 se
504 397 628 452 ostendit
641 401 773 470 puratum
794 413 849 452 non
864 399 950 454 so-rt
969 414 1026 454 nou
1043 414 1104 455 esse
1125 398 1200 472 quod
1216 402 1258 453 est
1283 400 1356 454 male
1372 399 1407 454 ab
1434 399 1474 454 eis
1489 400 1723 479 admissum-sed
1741 403 1818 476 quod

64 481 125 538 lum
140 483 569 556 regnumubiloetenturboni‚
594 486 642 541 sed
666 487 806 557 etiguem
831 491 912 541 teter·
968 491 997 542 et
1023 487 1127 542 talibus
1149 487 1222 542 beno
1247 486 1391 542 redditum
1419 487 1490 558 (cap.
1517 489 1574 557 tt).
1604 489 1678 545 Beue
1708 491 1818 562 quippe

63 585 133 624 uum
148 571 200 625 nbi
215 570 381 625 crucientur
396 570 474 625 usati.
487 572 572 628 Bonis
584 575 690 628 etenim
704 575 832 629 dicturus
849 578 911 630 est:
968 575 1051 630 malis
1064 575 1198 631 interitus
1213 591 1229 630 a
1246 576 1303 630 Deo
1318 575 1454 643 redditur,
1467 577 1597 648 quamvis
1613 577 1650 632 sit
1663 579 1755 634 malus
1769 579 1815 635 iu·

63 679 76 706 u
97 659 211 719 Venite,
243 658 385 714 benedieti
415 661 506 715 Patris
529 661 599 730 mei,
625 662 765 733 percipite
790 679 912 734 regnum
966 663 1069 718 teritus
1084 664 1125 719 eis
1140 663 1190 736 qui
1206 679 1281 719 uuue
1300 664 1378 734 J'uste
1395 663 1565 719 deseruntur
1586 669 1614 720 et
1630 668 1815 736 postmodum

60 748 141 818 quod
169 748 251 802 robis
279 754 411 819 paratum
445 755 488 804 est
525 765 541 804 a
569 751 775 806 constitutione
811 752 912 808 muudi
962 751 1274 824 justetorquebuntur.
1302 752 1452 807 lntalibus
1470 753 1546 807 euim
1564 754 1705 824 Jndieium
1730 773 1814 813 suum

60 836 714 905 (linttbarxutilmblalisuutemdieturus
742 843 807 894 est:
829 861 839 888 ι
858 841 910 907 lte,
966 843 1041 897 Deus
1063 842 1224 896 desertione
1248 841 1373 909 inchoat,
1407 841 1579 896 cruciatione
1614 855 1812 914 eonsummat;

59 924 216 989 maledieti,
240 925 270 979 iu
297 925 394 995 iguem
419 931 570 993 aeternum,
597 927 646 998 qui
658 931 775 997 paratus
789 933 833 982 est
848 928 911 984 dia·
965 935 1077 984 namet
1095 929 1150 984 hoe
1163 935 1300 1001 tempore,
1316 946 1373 1002 quo
1393 930 1567 985 discedentes
1592 931 1681 986 malos
1696 933 1812 1001 deserit,

57 1012 127 1067 belo
148 1019 178 1068 et
205 1014 316 1084 augelis
343 1014 404 1086 ejus
428 1014 526 1082 (tota,
556 1015 611 1082 ll).
642 1038 653 1064 ι
680 1017 750 1070 Eece
773 1017 808 1070 ud
834 1018 909 1090 qrrnd
965 1019 1040 1072 Deris
1054 1035 1112 1072 nou
1128 1024 1265 1090 operatur
1283 1017 1313 1072 in
1328 1019 1370 1073 eis
1387 1019 1463 1089 qnod
1485 1019 1511 1073 ei
1526 1019 1665 1090 displicet,
1684 1021 1733 1075 sed
1748 1039 1813 1094 ope·

59 1102 136 1156 Deus
151 1101 307 1173 iniquoset
319 1102 423 1174 impios
445 1102 671 1173 praedestinavit,
688 1103 775 1159 idest
792 1105 825 1160 ed
840 1121 909 1177 sup·
964 1112 1043 1161 ratur
1056 1123 1108 1178 per
1122 1123 1171 1162 eos
1185 1107 1261 1178 quod
1284 1107 1311 1162 ei
1334 1108 1437 1179 placet,
1454 1109 1636 1179 postmodum
1661 1108 1702 1163 eis
1719 1110 1811 1166 reddi·

58 1190 179 1260 plicium
187 1193 306 1259 justum,
322 1207 382 1245 nen
397 1191 515 1262 aliquod
528 1208 601 1263 opus
623 1191 780 1262 injusturn;
801 1194 835 1247 ud
851 1209 909 1264 pce·
964 1200 1045 1249 turus
1082 1195 1159 1267 quod
1183 1195 1218 1250 ab
1245 1195 1307 1266 ejus
1330 1195 1444 1266 justitia
1474 1201 1631 1252 merentur.
1663 1198 1812 1268 lleeipieut

56 1294 137 1341 uam,
158 1295 219 1333 uon
234 1279 268 1333 ud
284 1280 413 1350 eulpam;
430 1281 465 1335 od
487 1280 680 1352 punitionem,
695 1297 753 1335 non
767 1282 801 1336 sd
816 1287 908 1336 trans·
962 1284 1051 1351 eninr,
1072 1300 1129 1338 non
1145 1300 1198 1353 pro
1218 1299 1251 1338 ee
1274 1285 1350 1354 qrrod
1367 1285 1440 1339 Deus
1463 1284 1536 1340 bene
1560 1302 1628 1339 usus
1649 1291 1692 1340 est
1711 1302 1811 1343 eorrrm

57 1369 255 1439 gressiouem;
282 1368 319 1424 ad
345 1368 505 1436 interitum,
532 1386 619 1441 quem
645 1371 687 1425 ira
706 1370 777 1441 J'usti
800 1372 908 1427 indicis
962 1371 1810 1445 operibusmelis,sedpreeoquodipsimalojubusisuutDei

57 1458 245 1527 peccantibus
268 1457 406 1525 reddidit;
427 1474 484 1512 nen
508 1459 542 1513 ad
558 1458 719 1528 interitum,
744 1476 801 1532 quo
821 1459 851 1515 in
877 1477 907 1515 se
962 1460 1097 1531 operibus
1111 1459 1201 1515 bonis.
1224 1461 1305 1514 Tales
1321 1460 1419 1532 itaque
1441 1462 1515 1516 Dens
1530 1462 1638 1533 aptarit
1653 1462 1684 1517 in
1707 1463 1807 1519 interi-

56 1545 132 1599 iram
162 1546 214 1600 Dei
240 1546 421 1617 peccantium
448 1546 585 1618 iniquitas
624 1548 797 1618 provocarit.
825 1546 907 1614 Quod
960 1553 1021 1603 tum
1038 1548 1207 1620 punitionis,
1225 1565 1311 1620 quern
1329 1549 1470 1621 peccatori
1482 1550 1576 1620 J'ustus
1589 1550 1677 1622 judex
1692 1552 1808 1624 praede-

55 1632 135 1689 beati
146 1634 451 1705 Apostoliprmdieatio
467 1635 641 1701 manifestat,
658 1636 906 1709 quimalos,quos
960 1637 1115 1692 stinatioue
1136 1638 1213 1708 justa
1240 1637 1375 1705 decrevit,
1398 1654 1459 1693 nou
1485 1638 1515 1693 in
1541 1645 1702 1710 peccatum,
1729 1641 1807 1712 quod

54 1724 85 1779 iu
111 1729 256 1778 aeternum
280 1724 467 1779 damnaturus
490 1728 533 1779 est
549 1726 633 1792 Deus,
648 1728 674 1793 'u
699 1742 766 1780 vasa
786 1747 800 1774 n
824 1698 942 1781 uocatB
961 1725 1048 1780 lromo
1064 1742 1121 1781 non
1146 1742 1179 1781 ex
1195 1726 1450 1796 predestinatione
1468 1727 1562 1782 divina
1588 1729 1637 1783 sed
1653 1745 1688 1784 ex
1704 1729 1807 1784 veluu-

56 1834 70 1862 a
85 1812 151 1880 irre,
168 1834 183 1860 n
200 1812 368 1883 uoueulpas.
380 1812 427 1866 nir
440 1812 518 1867 enim
533 1829 540 1868 ε
554 1833 565 1862 ι
581 1813 664 1878 Quod
679 1813 703 1868 si
717 1812 816 1868 rolens
831 1814 906 1868 Deus
960 1818 1015 1868 tate
1030 1831 1081 1869 sua
1095 1816 1168 1869 mate
1183 1815 1412 1886 concupiscendo
1424 1815 1511 1887 coepit
1526 1822 1554 1870 et
1571 1817 1645 1870 male
1660 1817 1807 1887 operando

54 1900 905 1972 ostendereirametnotumtaeerepotentianrsuem,sus·
959 1902 1117 1973 perfecit«
1141 1904 1402 1974 Concupiscentia»
1431 1904 1508 1958 euim
1539 1905 1734 1976 «concipicus
1754 1922 1804 1976 pe-

53 1990 146 2043 tiuuit
160 1989 191 2042 iu
208 1990 299 2043 multa
313 1989 525 2060 petientierasa
538 1989 589 2045 ire.
602 1991 737 2061 eptetain
755 1991 905 2047 interitum
959 1992 1035 2064 perit
1057 1996 1216 2063 peccatum,
1241 1998 1388 2064 peccatum
1409 2009 1476 2047 vero
1501 1998 1732 2048 consummatum
1756 2010 1805 2066 ge-

53 2084 87 2132 ut
102 2078 270 2133 estenderet
283 2077 398 2132 divitias
412 2079 512 2150 glorioe
531 2094 590 2133 suae
605 2079 635 2134 in
650 2095 716 2134 vasa
740 2080 905 2135 misericor·
959 2079 1022 2135 uuit
1032 2079 1230 2151 [el.,generat]
1243 2085 1365 2134 mortem
1376 2079 1442 2150 (tao.
1456 2096 1474 2143 r,
1486 2080 1538 2149 ts).
1549 2099 1561 2133 s
1571 2082 1705 2151 Neuerge
1713 2080 1806 2152 iniqui

53 2167 120 2232 dise,
138 2182 204 2236 quae
219 2166 392 2236 preparavit
414 2167 444 2220 in
459 2167 738 2239 gloriamlRorn.1x,
754 2170 799 2236 il,
815 2169 872 2239 23).
891 2189 905 2218 n
959 2168 1153 2238 praedestinati
1163 2173 1230 2223 srrnt
1241 2168 1515 2223 admertemnnimae
1528 2169 1660 2239 primam,
1673 2170 1806 2242 sedprse-

92 2256 127 2309 lu
140 2255 193 2309 bae
206 2259 335 2309 extrema
348 2255 488 2309 sententia
503 2256 662 2311 notandum
678 2257 753 2329 quod
769 2257 803 2312 de
817 2257 906 2311 Evan-
960 2257 1094 2312 destinati
1109 2261 1176 2311 sunt
1191 2256 1226 2311 ud
1236 2257 1401 2319 secundam,
1419 2257 1524 2311 idest«
1542 2257 1576 2311 ad
1589 2262 1722 2329 stagnum
1732 2257 1807 2329 ignis

55 2344 137 2415 gelio
152 2358 268 2396 suureus
289 2342 499 2412 testimoninm,
513 2344 555 2398 eit
578 2343 800 2415 praedestinatos
816 2346 907 2400 males
960 2349 989 2399 et
1003 2345 1159 2416 sulphuris,
1174 2367 1188 2394 »
1200 2346 1234 2400 de
1251 2362 1308 2416 quo
1320 2345 1420 2400 beatus
1431 2345 1554 2400 loannes
1569 2345 1638 2401 dicit
1654 2363 1660 2402 :
1677 2367 1691 2396 a
1705 2348 1737 2401 Et
1749 2346 1808 2401 dia·

56 2433 87 2486 in
111 2432 212 2501 ignem
243 2436 397 2498 aternum,
423 2448 455 2486 eo
483 2433 558 2504 quod
585 2433 714 2488 dicturus
741 2439 784 2488 est
807 2434 906 2488 Domi·
961 2432 1044 2489 bolus
1059 2433 1109 2504 qui
1129 2434 1279 2488 seducebat
1293 2450 1341 2487 eos
1359 2434 1460 2488 missus
1475 2435 1557 2489 estin
1573 2441 1706 2506 stagnum
1730 2435 1807 2506 ignis

55 2537 112 2576 nus
135 2521 164 2574 in
185 2520 305 2589 judicio,
330 2536 387 2574 non
406 2520 497 2574 solnm
525 2520 616 2588 tronis,
643 2526 674 2575 nt
688 2521 849 2593 percipiant
861 2539 905 2577 re·
960 2526 988 2577 et
1002 2520 1149 2593 sulphuris
1164 2521 1261 2593 (Aper.
1277 2538 1322 2589 xx,
1339 2522 1365 2592 9)
1379 2539 1386 2579 z
1402 2541 1416 2572 o
1433 2527 1460 2578 et
1471 2522 1527 2576 alio
1542 2522 1624 2577 luco:
1649 2544 1663 2572 «ι
1676 2525 1708 2578 Et
1730 2539 1807 2577 mors

55 2624 148 2680 guum
173 2607 227 2663 sibi
250 2613 384 2679 paratum
408 2624 424 2662 a
450 2609 653 2664 constitutione
673 2610 783 2680 usundi,
806 2627 905 2666 verum
960 2614 989 2664 et
1013 2608 1143 2664 infernus
1178 2608 1257 2664 missi
1285 2614 1352 2663 suut
1378 2609 1409 2664 in
1437 2615 1570 2681 stagnum
1599 2610 1674 2682 ignis
1704 2611 1807 2681 (leid,

53 2697 136 2768 quod
151 2697 234 2751 malis
248 2697 376 2751 dicturus
390 2703 454 2752 est:
477 2717 490 2748 a
514 2699 564 2764 lte,
584 2698 738 2765 maledieti,
756 2699 786 2752 in
810 2698 905 2769 ignem
962 2697 1015 2770 ¹5).
1031 2719 1045 2747 »
1064 2700 1129 2754 llaec
1148 2714 1225 2753 mors
1246 2699 1373 2753 secunda
1394 2704 1436 2753 est
1450 2720 1464 2748 u
1480 2704 1614 2769 stagnum
1638 2699 1730 2770 ignis;
1749 2721 1762 2748 u
1780 2703 1808 2753 ot

55 2793 212 2853 aeternnm,
229 2786 279 2857 qui
296 2792 413 2857 paratus
434 2791 477 2840 est
493 2786 607 2841 diabolo
624 2791 652 2842 et
675 2786 785 2857 angelis
800 2788 875 2858 ejus:
892 2807 905 2839 s
960 2787 1011 2858 qui
1027 2803 1084 2840 uon
1100 2791 1144 2841 est
1157 2786 1289 2841 iuventus
1310 2787 1339 2841 in
1356 2787 1429 2841 libro
1446 2788 1508 2842 ritae
1523 2788 1655 2859 scriptus,
1674 2809 1687 2837 a
1705 2788 1808 2842 missus

54 2893 89 2931 cx
106 2877 162 2931 bec
175 2876 254 2930 enim
268 2875 408 2947 approbat
424 2875 500 2947 quod
516 2876 632 2947 iniquos
647 2881 675 2931 et
692 2876 797 2947 impios
814 2876 907 2932 Dami-
960 2874 1042 2929 estin
1058 2879 1192 2944 stagnum
1210 2874 1293 2946 ignis.
1310 2895 1324 2924 n
1336 2875 1444 2930 Rursus
1455 2875 1523 2930 dicit
1539 2892 1545 2930 :
1563 2895 1576 2927 u
1594 2875 1692 2930 Dubiis
1711 2880 1807 2930 autem

55 2981 110 3019 nus
126 2964 372 3036 praedestinaverit
387 2964 421 3018 ad
437 2963 620 3035 supplicium,
637 2980 670 3019 eo
688 2965 764 3036 qnod
787 2965 844 3019 illis
860 2964 906 3019 di·
922 2998 942 3052 C
961 2964 1176 3030 attenuatione,
1200 2962 1413 3033 contaminatis,
1429 2968 1457 3017 et
1483 2963 1646 3027 homicidis,
1662 2967 1691 3018 et
1710 2963 1806 3034 impu-

55 3059 158 3107 cturus
174 3059 218 3106 est
232 3069 239 3106 :
252 3074 265 3101 α
282 3053 323 3106 lte
336 3052 366 3106 iu
381 3052 476 3123 ignem
488 3057 637 3108 aeternum.
655 3053 756 3108 »Unde
773 3053 845 3125 aqui
859 3070 907 3108 vo·
960 3052 1041 3119 dicis,
1057 3056 1085 3106 et
1099 3052 1234 3107 veneficis
1252 3056 1280 3105 et
1297 3045 1389 3106 idolis
1405 3051 1604 3120 servientibus,
1622 3058 1650 3107 et
1670 3053 1807 3106 omnibus

57 3141 122 3194 lent
137 3140 233 3195 dicere
246 3141 323 3210 quod
338 3156 422 3211 poena
437 3141 641 3212 predestinata
653 3141 690 3195 sit
709 3141 831 3212 injustis,
847 3156 906 3195 non
959 3139 1154 3205 mendacibus,
1181 3154 1246 3209 pars
1261 3154 1361 3193 eorum
1386 3138 1418 3193 in
1441 3143 1543 3208 stagno
1560 3140 1673 3194 ardenti
1702 3144 1730 3194 et
1748 3141 1806 3193 sul·

55 3229 159 3300 injusti
175 3228 369 3300 predestinati
389 3230 508 3284 suntad
535 3245 659 3299 poeusm,
676 3229 800 3284 viderint
816 3228 906 3300 quali·
959 3230 1062 3300 phare,
1089 3227 1166 3298 quod
1190 3232 1231 3281 est
1245 3241 1322 3279 mers
1344 3226 1468 3281 secunda
1489 3227 1586 3296 (Aper.
1602 3243 1659 3294 sxr,
1679 3230 1718 3295 8).
1736 3248 1750 3276 »
1768 3227 1808 3281 ll-

57 3318 200 3388 terhuJ'ns
219 3319 344 3372 auctoris
358 3317 434 3372 dictu
455 3318 641 3388 intelligant:
667 3318 712 3372 eui
728 3318 806 3373 euim
821 3333 905 3390 para·
960 3317 1017 3374 lum
1044 3316 1198 3371 secundam
1223 3320 1371 3386 nuncupat
1386 3319 1507 3370 mortem
1534 3331 1599 3387 quae
1619 3315 1750 3386 sequitur
1773 3330 1807 3368 ex

56 3412 107 3461 tur
125 3423 220 3478 poeuu,
238 3405 262 3459 is
281 3405 418 3460 nimirum
440 3410 619 3477 praepuratur
634 3407 668 3461 ad
686 3423 811 3476 paenam.
834 3408 904 3461 item
960 3406 1102 3461 sententia
1123 3404 1237 3475 judicis,
1255 3420 1312 3458 nou
1326 3405 1405 3459 illam
1422 3420 1486 3477 quse
1513 3403 1658 3476 praecessit
1672 3404 1704 3458 iu
1733 3402 1808 3457 mala

56 3496 87 3551 in
103 3496 208 3550 eodem
231 3498 304 3565 (capr.
320 3497 363 3564 ab)
381 3512 389 3550 t
407 3495 496 3567 [Vasis
512 3511 578 3549 vero
594 3495 644 3549 irae
659 3511 808 3567 nunquam
833 3497 907 3551 Dens
960 3493 1191 3564 concupiscentia
1203 3493 1381 3564 peccatoris]

56 3584 194 3638 redderet
215 3583 374 3651 interitum,
395 3584 419 3637 si
432 3584 496 3651 :non
511 3588 703 3655 spontaneum
730 3584 908 3639 inveniretur
996 3584 1049 3637 Per
1063 3582 1160 3637 omnia
1181 3581 1279 3637 doctor
1300 3582 1354 3636 iste
1378 3581 1493 3653 iniquos
1512 3582 1719 3654 praeordinatos
1748 3596 1809 3636 osse

55 3673 147 3727 bomo
168 3670 276 3726 babere
303 3676 473 3742 peecatum:
499 3672 568 3745 quia
598 3689 648 3727 nee
676 3674 751 3728 Deus
777 3674 907 3743 peccanti
960 3671 997 3726 ad
1020 3672 1162 3742 poeuulem
1190 3671 1277 3725 ritum
1304 3669 1504 3742 iniquitatibus
1519 3671 1577 3725 suis
1605 3670 1806 3742 dogmatizat:

57 3760 171 3816 bomini
182 3761 260 3831 juste
273 3760 393 3816 interret
414 3760 499 3832 iram,
522 3761 546 3816 si
571 3763 659 3818 homo
676 3778 707 3816 ex
724 3762 908 3832 praedestina·
961 3760 996 3814 ad
1011 3764 1159 3829 peccatum
1178 3774 1245 3812 vero
1274 3774 1332 3813 nou
1347 3774 1408 3812 esse
1427 3759 1644 3830 praeordinatos,
1671 3759 1808 3831 quoniam

58 3851 138 3904 tione
155 3851 206 3905 Dei
221 3849 370 3905 cecidisset
383 3850 413 3904 in
430 3851 545 3921 eulpam
560 3867 567 3906 ε
583 3851 630 3906 sed
645 3851 712 3922 quia
726 3866 841 3905 eausam
856 3850 909 3905 ini·
961 3847 1097 3919 iniquitas
1125 3848 1182 3901 Deo
1207 3861 1263 3900 uou
1282 3845 1384 3917 placet,
1405 3861 1458 3901 uec
1479 3863 1578 3902 eorum
1593 3852 1635 3902 est
1661 3847 1808 3918 proedesti·

61 3938 179 4010 quitatis
196 3955 302 3993 sussex
317 3939 536 4010 preprinhomo
556 3939 656 3994 habuit
673 3939 830 4007 voluntate,
846 3955 910 4010 pro·
962 3941 1057 4004 nator,
1074 3951 1198 4007 quorum
1218 3950 1278 3989 uon
1291 3940 1334 3989 est
1353 3938 1461 3990 auctor.
1480 3935 1532 3990 Sed
1548 3950 1613 3990 eum
1639 3935 1735 3990 scierit
1756 3935 1809 3989 ho-

60 4032 159 4098 pteres
178 4028 281 4082 beatus
307 4027 441 4082 Paulus«
469 4028 665 4083 sustinuisses
689 4027 789 4083 asserit
819 4029 908 4081 Deum
963 4027 1070 4081 minem
1092 4028 1289 4094 peccaturum,
1317 4027 1347 4078 et
1373 4023 1403 4077 in
1427 4023 1549 4094 peccatis
1575 4039 1807 4095 permansurum,

66 4116 122 4170 eiu
139 4117 230 4170 multa
258 4115 399 4187 patientia
423 4132 489 4170 rasa
513 4115 564 4171 irus
586 4119 682 4189 aptata
705 4114 736 4170 in
758 4115 908 4171 interitum
963 4112 1256 4186 predestinaviteum
1273 4113 1423 4183 adpoenes
1442 4128 1513 4184 quas
1527 4111 1808 4184 justeessetpassu·

68 4207 151 4271 [Rom.
162 4221 201 4267 rx,
218 4203 275 4275 tt).
292 4225 307 4254 u
323 4206 388 4259 tlee
398 4203 487 4275 igitur
499 4204 541 4258 ira
551 4204 615 4259 ideo
629 4203 735 4258 talibus
750 4203 910 4258 vasisiute-
965 4218 1024 4270 rus,
1038 4217 1091 4256 uec
1106 4201 1167 4257 brae
1186 4201 1401 4273 praedestinatio
1415 4200 1556 4273 compulit
1575 4200 1690 4257 eumad
1715 4216 1811 4272 pecce-

71 4295 151 4348 ritum
163 4293 300 4361 reddidit,
324 4293 393 4365 quia
406 4293 492 4353 in'eis
511 4292 645 4347 meritum
666 4291 835 4347 voluntariae
858 4291 945 4353 ini-1)
964 4294 1038 4357 tum,
1056 4297 1106 4346 aut
1128 4295 1204 4346 certe
1229 4307 1262 4345 ex
1278 4291 1445 4346 necessitate
1470 4291 1504 4346 ad
1520 4307 1639 4362 poenas:
1659 4291 1809 4363 quoniam,

74 4383 181 4451 quitatis
195 4381 316 4436 invenit.
332 4381 482 4446 Quomodo
501 4385 597 4436 autem
615 4380 723 4452 peccati
742 4397 822 4435 servo
837 4380 911 4435 irern
965 4379 1113 4449 sicutipse
1133 4382 1254 4433 testatur
1269 4398 1284 4428 s
1300 4378 1350 4450 qui
1365 4379 1463 4433 omniu
1482 4379 1571 4446 norit,
1586 4400 1600 4428 »
1622 4379 1702 4434 novit
1723 4378 1809 4433 etiam

76 4471 156 4538 iustus
175 4470 315 4526 Dominus
338 4469 491 4539 intulisset,
510 4470 535 4524 si
560 4487 657 4524 servus
674 4487 706 4524 ex
722 4469 911 4542 praedestina·
965 4471 994 4523 et
1008 4467 1189 4538 singulorum
1215 4467 1300 4536 laetu,
1314 4467 1395 4521 novit
1408 4471 1437 4522 et
1463 4467 1536 4522 tlnes
1562 4467 1754 4539 singulorum,
1783 4471 1812 4521 et

78 4558 144 4613 tiene
166 4559 282 4614 Domini
306 4558 466 4630 peccasset?
499 4559 533 4613 lu
562 4559 618 4614 hoe
646 4558 743 4630 itaque
770 4558 825 4613 istu
846 4575 911 4613 resa
965 4573 1047 4614 exeo
1071 4556 1148 4628 qnod
1171 4556 1202 4610 iu
1223 4555 1264 4610 eis
1279 4556 1350 4611 vidit
1364 4562 1393 4613 et
1410 4558 1553 4627 cognorit,
1569 4573 1602 4611 ex
1622 4572 1655 4610 ee
1669 4555 1755 4610 etium
1784 4560 1812 4612 et

81 4647 142 4701 leus
154 4647 272 4720 aptavit,
289 4646 320 4701 in
335 4661 392 4718 qno
408 4647 632 4717 praedestinavit,
656 4647 709 4702 hoc
723 4647 810 4701 estin
835 4647 911 4702 inte·
966 4645 1176 4718 praedestinavit
1196 4643 1265 4717 quid
1283 4644 1318 4700 de
1340 4645 1462 4716 singulis
1487 4650 1562 4701 esset
1589 4649 1716 4700 uctrrrus.
1734 4644 1813 4701 Sicut

83 4734 152 4791 ritum
170 4737 273 4791 :illum
285 4735 385 4807 utique
398 4734 546 4791 interitum
559 4752 645 4809 quem
659 4735 854 4790 Puulnsmalis
866 4752 911 4790 re·
966 4735 1044 4790 euim
1058 4733 1239 4806 prescientia
1254 4733 1315 4805 ejus
1336 4735 1482 4789 neminem
1497 4735 1644 4805 compellit
1662 4734 1697 4789 ad
1713 4750 1811 4805 pecea-

84 4828 403 4896 pentesnperrentumm
420 4824 572 4879 denuntiat
586 4824 682 4879 dicens
698 4840 705 4879 :
722 4845 736 4874 «
754 4825 824 4880 Cum
835 4825 912 4879 enim
966 4828 1038 4890 tum,
1055 4839 1121 4877 eum
1147 4822 1246 4895 utique
1263 4823 1421 4895 prescierit
1435 4824 1616 4895 singulorum
1629 4828 1694 4878 ante
1710 4822 1813 4878 saecula

11 4940 14 4955 ι
85 4910 199 4978 dixerint,
227 4914 285 4968 Pax
306 4918 335 4967 et
362 4914 509 4980 securitas,
525 4918 595 4968 tune
617 4913 785 4985 repentinus
803 4913 845 4968 eis
868 4930 913 4968 su·
966 4915 1073 4967 aeterna
1087 4917 1213 4983 peccata,
1225 4912 1264 4966 ita
1279 4929 1395 4985 qnoque
1411 4916 1440 4968 et
1455 4912 1670 4983 praedestinatio
1686 4912 1748 4981 ejus
1764 4924 1812 4961 ne-

11 5032 14 5037 ·
85 5002 211 5066 peueuiet
226 5001 361 5056 interitus
384 5001 408 5071 (l
423 5002 517 5057 Tbess.
542 5018 569 5068 r,
595 5001 631 5073 3).
649 5022 664 5050 u
689 5001 770 5067 Quod
789 5002 812 5056 si
838 5002 913 5056 Deus
967 5001 1075 5056 minem
1090 5001 1237 5073 compellit
1255 5002 1290 5056 ed
1308 5018 1433 5073 poenam,
1450 5001 1517 5057 lieet
1531 5006 1559 5056 et
1574 5007 1728 5073 antequam
1745 5012 1812 5050 nas-

12 5080 15 5085 ’
85 5088 180 5144 tatesiu
195 5094 345 5160 peecatum
370 5089 589 5160 predestinaret,
615 5105 672 5144 non
694 5105 743 5145 eos
759 5090 913 5161 Apostolus
965 5095 1048 5145 eatur
1060 5089 1174 5162 aliquis,
1197 5090 1416 5161 predestinatus
1440 5091 1486 5159 sit,
1504 5092 1526 5146 si
1547 5101 1751 5161 permansurus
1771 5088 1814 5140 est

10 5190 16 5217 ¹
87 5193 163 5231 rusa
184 5178 235 5233 irae
254 5199 269 5228 a
287 5177 388 5232 mallet
413 5177 580 5245 nominare,
605 5176 652 5230 sed
676 5177 784 5247 eulpae3
808 5191 859 5229 nec
883 5175 912 5228 iu
966 5178 996 5233 in
1010 5178 1172 5250 iniquitate,
1187 5179 1221 5234 ed
1239 5195 1364 5250 poeuem.
1382 5181 1419 5234 Ex
1435 5196 1469 5234 eo
1485 5180 1561 5234 enim
1576 5175 1653 5248 quod
1671 5173 1814 5245 prescivit

87 5260 215 5321 interitum
237 5265 307 5320 talia
335 5280 411 5329 resa,
435 5265 485 5320 sed
515 5265 546 5319 in
572 5268 722 5336 peecatum
752 5264 914 5319 dicerentur
966 5267 1095 5339 singulos
1113 5267 1183 5340 quid
1209 5274 1304 5324 esseut
1320 5268 1411 5323 acturi
1438 5284 1472 5324 er
1498 5284 1531 5321 eo
1558 5269 1586 5318 et
1601 5263 1814 5335 praedestinavit

88 5356 173 5420 aptatu.
191 5355 272 5409 Nunc
296 5357 394 5408 autem
411 5352 475 5408 ideo
496 5362 509 5389 ⁵
527 5369 594 5408 vasa
619 5351 698 5407 irus·
720 5352 864 5420 dicuutur,
883 5355 914 5406 ut
967 5356 1125 5411 aeternitate
1136 5357 1249 5412 consilii
1266 5356 1308 5412 sui
1327 5356 1479 5430 quidesset
1494 5353 1528 5409 de
1539 5351 1660 5422 singulis
1677 5351 1813 5410 tacturus.

88 5442 236 5498 ostendatur
267 5442 297 5496 in
319 5441 425 5498 talibus
451 5456 483 5496 ex
512 5440 563 5497 Dei
580 5440 832 5512 predestinatione
858 5440 914 5497 hoe
968 5448 1040 5501 ltem
1070 5446 1253 5503 Cassiodorus
1276 5447 1305 5502 in
1334 5444 1511 5519 expositione
1539 5441 1642 5513 psalmi
1657 5459 1733 5513 cvrrr,
1750 5462 1816 5501 cum

114 5585 170 5639 ⁸De
185 5584 340 5641 llincmuro
352 5587 381 5639 et
396 5581 546 5639 similibus.
