3930 6098
135 266 186 322 319
707 253 888 312 arratam
908 253 1138 314 CORBElENSiS
1157 251 1313 312 bornelli
1834 254 1888 310 320

137 401 320 458 servantiam.
355 394 542 455 considerent
565 408 681 465 quoque
708 408 758 447 eur
783 392 837 447 ista
861 391 982 446 varietas
1001 395 1023 444 Α
1039 391 1116 446 ducti
1130 390 1249 462 triginta
1264 406 1325 455 εει,
1340 406 1399 445 non
1414 390 1606 462 quadraginta
1619 388 1741 461 implere
1760 405 1889 445 noscun-

137 497 204 548 ante
221 490 327 546 Pascha
339 483 490 558 jejunandi
504 483 664 553 eontigerit.
1039 487 1086 535 tur
1111 488 1161 536 :et
1179 497 1245 536 curn
1271 481 1463 553 quadraginta
1484 481 1643 552 jejunando
1667 481 1726 536 dies
1745 498 1804 536 non
1830 483 1889 536 im-

172 578 301 648 Denique
317 580 374 629 tam
391 571 555 644 evangelica
571 587 658 641 quam
680 569 910 639 legalidoeemnr
930 585 984 622 au-
1039 571 1147 642 pleoni,
1161 571 1412 643 quadragesimam
1428 576 1525 624 tamen
1542 570 1662 640 impiere
1678 570 1831 625 sedicunt.

137 652 277 729 ctoritate,
299 660 489 733 quadraginta
509 659 620 714 dierum
640 658 843 713 celebrandum
867 657 928 711 lore
943 658 985 726 je·
1076 661 1133 716 Hac
1158 661 1192 715 de
1214 677 1299 714 causa
1324 659 1417 716 Gracci
1440 676 1498 713 non
1523 659 1629 713 babent
1653 658 1722 729 quid
1751 660 1889 713 Romanis

134 753 250 826 junium
266 767 273 805 ι
287 767 352 804 nam
367 750 493 804 Salvator
509 748 540 802 in
558 746 710 817 Evangelio
734 745 840 816 legitur
860 744 984 815 quadra·
1039 748 1177 820 objiciant
1191 765 1277 820 super
1291 752 1517 820 septimanarum
1531 748 1732 817 disparilitate,
1747 748 1888 818 quoniam

136 841 215 907 ginta
239 840 340 896 diebus
360 843 388 893 at
409 837 542 892 noctibus
563 836 707 906 jejunium
735 834 926 888 continuasse.
952 834 983 886 ln
1039 838 1115 908 quod
1135 837 1176 890 illi
1193 837 1222 890 in
1238 843 1301 891 octo
1315 834 1670 900 hebdomadibuslaeiunt,
1688 851 1738 905 per
1761 836 1889 905 singulas

138 929 231 985 Veteri
255 944 322 982 vero
343 928 524 982 Testamenio
551 924 685 979 scribitur
705 925 781 995 quod
804 925 912 994 Moyses
941 921 984 975 bis
1039 924 1233 978 hebdomadas
1252 923 1348 995 quinis
1368 938 1427 976 nun
1447 923 1571 993 amptius
1590 921 1691 976 diebus
1711 923 1887 993 jejunantes,

137 1019 213 1074 hunc
234 1016 346 1071 dierum
365 1014 522 1085 jejunando
538 1030 696 1080 ¹numerum
714 1011 915 1082 compleverit:
940 1028 983 1064 se·
1038 1011 1166 1068 bociam
1191 1013 1329 1076 Romana,
1356 1027 1444 1082 quum
1467 1010 1655 1066 Occidentalis
1683 1011 1813 1078 Ecclesia,
1840 1028 1888 1064 sex

137 1108 193 1160 mel
208 1105 491 1176 quidemantequam
505 1102 575 1171 legis
592 1103 774 1172 Decalogum,
796 1100 917 1155 Domino
933 1100 982 1153 tri·
1038 1099 1264 1156 hebdomadibus
1307 1101 1444 1169 perticere
1487 1104 1661 1164 noscuntur;
1694 1100 1889 1167 superadditis

42 1180 45 1185 ¹
137 1197 256 1259 buente,
280 1193 455 1264 perceperit;
473 1191 598 1246 secundo
621 1207 687 1244 vero
709 1195 864 1262 postquam
885 1187 984 1259 populi
1039 1193 1162 1263 quatuor
1186 1189 1286 1242 diebus
1309 1187 1495 1242 hebdomadis
1521 1187 1661 1257 septima.
1686 1188 1756 1240 Nam
1778 1188 1801 1241 si
1822 1196 1887 1242 octo

69 1344 72 1350 Δ
137 1281 365 1353 transgressione
384 1287 564 1351 provocatus,
584 1280 695 1334 tabulas
715 1278 750 1334 ad
774 1279 882 1333 radices
905 1293 986 1330 mon-
1039 1278 1283 1333 hebdomadarum
1314 1292 1362 1329 εει
1389 1276 1490 1329 diebus
1514 1275 1603 1330 Graeei
1625 1275 1792 1346 jeJunarent
1813 1276 1890 1329 sicut

137 1370 173 1426 tis
197 1369 394 1440 confregerit:
422 1369 534 1424 duabus
561 1368 596 1423 de
619 1366 711 1422 causis
730 1367 834 1421 iterum
861 1365 984 1436 quadra·
1039 1365 1292 1424 iaciuntliomani.
1311 1364 1353 1418 rel
1371 1381 1471 1418 omnes
1489 1364 1546 1417 lere
1569 1364 1670 1425 Latini,
1692 1379 1749 1418 non
1767 1364 1796 1417 in
1815 1380 1888 1434 qua·

137 1459 216 1531 ginta
230 1459 340 1513 dierum
354 1456 497 1529 jejunium
518 1457 703 1527 noctiumque
726 1454 986 1518 continuans;una
1039 1455 1241 1526 dragesimam,
1270 1454 1319 1508 sed
1349 1456 1439 1507 multo
1459 1453 1583 1525 amplius
1607 1459 1672 1506 ante
1695 1453 1888 1523 jejunarent:

137 1547 270 1602 videlicet
284 1563 341 1618 qua
356 1545 514 1600 divinitatis
534 1545 674 1601 offensam
693 1543 769 1598 circa
786 1551 982 1614 transgresso·
1039 1542 1127 1597 octies
1142 1542 1219 1596 eninr
1235 1543 1297 1596 seui
1313 1541 1504 1614 quadraginta
1515 1548 1578 1596 octo
1593 1541 1756 1614 perficiunt.
1774 1541 1837 1606 Qua
1852 1540 1889 1595 de

137 1652 184 1692 res
214 1633 384 1706 placabilem
412 1634 559 1701 redderet;
593 1633 683 1687 altera
711 1648 778 1687 vero
807 1648 864 1703 qua
891 1632 984 1701 legem
1040 1644 1070 1683 ra
1087 1628 1312 1694 videantGroeei,
1329 1627 1352 1681 si
1369 1633 1411 1682 tot
1424 1628 1525 1682 diebus
1539 1635 1605 1681 anie
1624 1628 1730 1683 Pascha
1741 1627 1889 1698 jejunant,

137 1739 236 1777 rursus
268 1738 285 1776 a
322 1721 445 1775 Domino
473 1721 577 1790 dignus
607 1720 755 1791 percipere
789 1723 982 1790 praestaretur.
1006 1690 1890 1788 ⁸quamsequantnrauetoritatem.NecSalvaiorenimneo

138 1809 212 1866 Elias
226 1825 341 1882 quoque
361 1808 501 1865 lezabeiis
525 1809 755 1880 indignationem
775 1807 898 1879 fugiens,
915 1823 985 1878 qua·
1040 1805 1123 1872 Elias,
1148 1822 1198 1859 nec
1218 1806 1326 1877 Moyses
1345 1806 1422 1860 hrrnc
1442 1805 1603 1876 jejunando
1621 1821 1774 1860 nnmerum
1793 1819 1889 1858 serva·

137 1895 269 1969 draginta
282 1897 381 1951 dicbus
398 1896 568 1951 etnoctibus
579 1912 630 1968 per
641 1895 826 1951 solitudinem
839 1894 984 1965 gradiens,
1039 1910 1116 1949 vere.
1132 1894 1210 1959 Quod
1228 1895 1251 1949 si
1269 1893 1373 1966 jejunii
1393 1893 1437 1948 sui
1456 1910 1598 1948 sitnrmam
1620 1895 1809 1964 quadraginta
1831 1893 1891 1948 die·

137 2001 228 2059 usquc
245 1986 314 2039 dum
330 1984 365 2040 ad
381 1989 508 2039 montem
531 1984 580 2039 Dei
595 1984 669 2038 Oreb
686 1984 857 2055 perveniret,
871 1983 984 2053 jejuna·
1039 1981 1092 2036 bus
1107 1982 1269 2053 perliciunt,
1286 1989 1317 2036 ut
1336 1999 1352 2035 a
1368 1983 1444 2036 Novo
1463 1980 1614 2052 veterique
1633 1983 1812 2036 Testamenta
1829 1997 1888 2035 non

138 2074 186 2129 vit.
203 2074 272 2127 lline
285 2074 390 2127 iactum
406 2077 448 2127 est
464 2080 495 2126 ut
516 2089 578 2126 mos
592 2071 721 2126 Ecclesiis
736 2070 893 2136 inoleverit,
911 2086 985 2141 qua·
1038 2069 1210 2141 discrepent,
1227 2069 1299 2124 nibil
1315 2070 1391 2141 quod
1418 2069 1594 2139 redarguant
1613 2068 1644 2123 in
1659 2068 1889 2123 Occidentaiibus

138 2161 269 2231 draginta
284 2161 395 2215 dierum
409 2160 640 2215 continuationes
652 2160 765 2231 jejunii.
1039 2159 1196 2229 reperiunt,
1213 2158 1350 2230 quonium
1369 2163 1412 2212 tot
1430 2157 1531 2212 diebus
1554 2161 1618 2212 anie
1637 2158 1752 2220 Pascha,
1770 2162 1844 2228 quot
1858 2161 1888 2210 ct

173 2247 244 2301 Cum
268 2263 337 2318 ergo
360 2249 436 2302 hunc
454 2248 517 2315 lere,
536 2264 637 2303 omncs
657 2264 811 2302 nnmerum
825 2247 984 2319 jejunando
1038 2246 1093 2319 ipsi
1105 2247 1247 2318 jejunant.

138 2332 244 2389 Christi
262 2337 391 2391 aeclesia
405 2338 549 2392 celebrare
573 2337 757 2405 contendant,
774 2354 825 2391 neo
845 2337 984 2392 tamenin
1073 2335 1155 2401 Quod
1175 2336 1197 2390 si
1210 2334 1354 2407 jejunium
1370 2340 1413 2388 est
1427 2333 1598 2388 humilitatis
1613 2334 1766 2400 exsecutio,
1781 2350 1889 2388 secuu-

137 2421 384 2479 hebdomadarum
397 2440 517 2480 numero
527 2425 611 2479 simul
623 2425 911 2490 omnesconvcniant,
923 2426 983 2481 die·
1038 2425 1107 2481 dum
1127 2425 1197 2480 iilud
1220 2424 1298 2495 quod
1323 2422 1473 2478 Psalmista
1496 2424 1673 2477 contimtur:
1699 2425 1734 2478 at
1759 2424 1889 2476 humilio·

137 2524 202 2563 rum
228 2511 293 2564 iacit
317 2512 371 2565 hoc
396 2511 540 2566 variabilis
567 2511 741 2566 vicissitudo.
768 2514 883 2568 Constat
906 2514 984 2568 enim
1039 2515 1110 2581 bum,
1126 2513 1271 2584 inquiens,
1286 2516 1316 2567 in
1329 2512 1438 2581 jerento
1453 2513 1574 2566 animam
1589 2527 1676 2566 ineam
1690 2512 1774 2579 (Prot.
1791 2526 1885 2572 xxxiv,

137 2597 215 2667 apud
230 2598 362 2653 homines
382 2599 644 2671 quadragenarium
661 2600 806 2655 observari
830 2617 984 2656 numerum
1042 2602 1107 2672 llil:
1129 2603 1226 2674 plures
1247 2617 1333 2672 quam
1356 2601 1663 2671 Constantinopolitani
1684 2605 1742 2654 tam
1763 2601 1889 2655 Romani

139 2685 282 2740 Paschalis
299 2687 415 2757 jejunii,
433 2704 491 2743 non
510 2694 606 2742 tamen
629 2705 729 2743 omnes
749 2689 869 2761 singulis
884 2691 984 2745 unius·
1040 2708 1128 2764 quam
1152 2690 1347 2746 Occidentales
1364 2689 1557 2744 hebdomadas
1568 2690 1704 2760 jejunant
1720 2706 1726 2743 :
1743 2688 1888 2760 siquidem

137 2773 275 2845 cujusque
292 2775 480 2831 hebdomadis
493 2776 594 2831 diebus
606 2777 759 2848 jejunare:
777 2778 894 2849 quidam
907 2778 984 2833 enim
1039 2782 1149 2836 cantica
1173 2779 1313 2834 solemnia
1336 2778 1469 2834 videlieet
1491 2778 1622 2844 Alleluia,
1647 2794 1696 2832 seu
1727 2784 1889 2848 martyrum

141 2863 288 2918 [lominica
312 2866 510 2919 tantummodo
538 2866 690 2936 prandent,
715 2866 763 2920 alii
782 2883 835 2921 nec
856 2867 984 2934 sabbato,
1040 2869 1245 2935 solemnitates,
1271 2883 1377 2922 novum
1397 2872 1463 2920 ante
1485 2867 1591 2921 Pascha
1616 2866 1783 2936 septimanis
1807 2865 1887 2920 Occi·

138 2967 190 3006 nec
207 2953 354 3006 [lominica
367 2952 523 3024 jejunant:
542 2954 727 3025 reperiuntur
741 2954 873 3010 nonnulli
886 2956 986 3027 quinta
1005 2958 1161 3046 edentalis
1177 2957 1299 3011 Ecclesia
1314 2972 1496 3026 nequaquam
1517 2955 1638 3009 solemni
1655 2971 1733 3008 more
1748 2955 1886 3024 frequen·

137 3040 407 3113 Sabbatijejunium
423 3042 540 3096 solvere.
557 3042 611 3098 Sed
627 3042 695 3113 quia
712 3043 859 3098 [lominica
875 3045 985 3115 nonje·
1039 3052 1091 3115 tal,
1111 3046 1160 3101 sed
1186 3046 1221 3099 ab
1249 3044 1329 3098 omni
1350 3044 1455 3098 celebri
1476 3043 1695 3114 glorificatione,
1722 3059 1808 3114 quam
1836 3059 1890 3112 ρει

134 3127 249 3199 junoni,
270 3129 333 3184 aliis
359 3145 425 3184 vero
446 3146 498 3201 per
518 3130 646 3202 singulas
668 3131 861 3186 hebdomadas
885 3133 985 3187 diebus
1040 3135 1126 3189 lolius
1140 3134 1209 3188 anni
1223 3134 1348 3203 spatium
1361 3133 1546 3203 frequentare
1565 3133 1722 3199 consuevit,
1739 3148 1800 3185 sese
1817 3149 1888 3185 con-

133 3218 278 3288 jejunant,
317 3218 578 3290 quadragenarium
612 3235 765 3274 numerum
805 3238 861 3275 non
892 3222 982 3276 adim·
1040 3224 1120 3289 tinet,
1146 3228 1178 3278 ut
1198 3229 1276 3277 tanto
1296 3221 1448 3292 gloriosius
1471 3221 1501 3275 in
1516 3221 1568 3275 die'
1590 3221 1817 3275 Resurrectionis
1835 3237 1884 3276 ex-

137 3305 232 3378 plent;
259 3305 402 3378 siqnidem
429 3312 553 3378 quatuor
576 3308 637 3362 dies
656 3308 752 3362 minus
776 3309 805 3362 in
830 3326 983 3364 numerum
1039 3313 1135 3376 sultet,
1159 3317 1265 3382 quanto
1290 3311 1397 3365 diutius
1427 3314 1518 3364 semet
1546 3310 1723 3364 humiliando
1754 3315 1887 3363 sancium

139 3394 256 3449 veniunt
271 3411 277 3448 :
296 3394 369 3450 unde
383 3394 425 3461 lit,
441 3403 474 3449 nt
485 3396 747 3466 quadragenarium
762 3397 919 3467 adimplere
934 3415 982 3452 vo·

137 3483 236 3550 lentes,
265 3499 324 3537 non
345 3501 393 3538 εει
418 3489 538 3551 tantum,
564 3500 663 3537 verum
692 3492 800 3554 septem
829 3486 983 3540 hebdoma-

138 3571 189 3626 das
209 3575 274 3625 anie
290 3573 397 3627 Pascha
418 3571 562 3643 jejunent,
584 3572 777 3642 quaesiisses
797 3573 984 3628 hebdomadae

137 3675 195 3715 non
218 3660 406 3733 quadraginta
429 3666 554 3728 tanturn,
581 3677 680 3716 verum
699 3663 888 3733 quadraginta
912 3663 983 3718 duos

137 3747 198 3804 dies
210 3748 387 3804 contineant.
406 3750 564 3805 subtractis
583 3756 680 3804 aulem
700 3767 747 3805 εει
771 3751 927 3806 Dominicis
948 3752 983 3806 de

137 3838 327 3911 quadraginta
339 3839 461 3905 duobus,
478 3844 632 3910 supersunt
646 3839 765 3910 triginta
779 3857 825 3893 sor
843 3840 903 3894 dies
919 3840 982 3912 qui-

1039 3401 1144 3456 Pascha
1159 3401 1317 3472 praevenire
1341 3401 1458 3455 curavit.
1482 3402 1552 3456 Nam
1573 3406 1601 3454 ei
1621 3401 1688 3454 tiliis
1717 3400 1803 3454 lsrael
1832 3401 1887 3454 Do·

1038 3490 1133 3545 minus
1150 3506 1200 3561 ρει
1215 3491 1339 3560 ltloysem
1361 3489 1509 3543 mandavit
1528 3495 1590 3560 post
1613 3489 1695 3543 vituli
1717 3488 1886 3543 fabricatio·

1038 3592 1104 3632 nem
1122 3582 1153 3631 ut
1168 3583 1302 3632 ornatum
1322 3593 1407 3631 suum
1427 3577 1615 3648 deponerent,
1637 3583 1669 3631 ui
1689 3577 1775 3631 sciret
1787 3576 1888 3631 Domi·

1038 3682 1093 3721 niis
1107 3667 1174 3737 quid
1194 3666 1235 3720 eis
1254 3667 1381 3720 laceret:
1408 3682 1465 3719 non
1491 3666 1568 3736 quod
1590 3665 1767 3737 ignoraverit
1790 3665 1887 3720 idolo-

1037 3755 1127 3810 latriae
1142 3755 1226 3826 culpa
1247 3770 1304 3825 qua
1326 3753 1404 3807 leriri
1419 3769 1504 3823 poena
1525 3754 1666 3821 debuerit,
1691 3753 1740 3809 sed
1757 3755 1838 3825 quod
1853 3772 1888 3809 ει

1038 3843 1208 3898 humilitatis
1236 3842 1391 3897 ailliciione
1417 3843 1617 3912 prevaricator
1639 3844 1763 3914 populus
1790 3849 1889 3898 osten·

138 3927 192 3982 bus
216 3927 359 4000 jejunium
384 3928 561 3995 celebratum
588 3933 619 3983 ut
647 3944 713 3982 vero
737 3928 983 3998 quadragenarius
1038 3932 1118 3987 deret
1137 3930 1381 4002 quemadmodum
1403 3935 1515 3984 reatum
1531 3929 1774 3999 prevaricationis
1793 3946 1888 4001 agno-

137 4015 302 4088 perficiatur
318 4020 444 4087 quatuor
459 4016 519 4071 dies
538 4016 718 4071 hebdomada
732 4016 854 4086 septima
868 4015 977 4086 jeJ'uua·
1037 4024 1137 4082 soeret,
1153 4020 1288 4091 qualique
1301 4018 1495 4073 satisfactione
1510 4019 1588 4089 quod
1603 4018 1765 4090 deliquerat
1778 4035 1888 4091 expur-

137 4109 196 4157 tur.
213 4103 426 4168 llinceffieilur,
445 4109 476 4156 ui
493 4103 680 4157 hebdomadis
702 4103 903 4173 septimanon
924 4120 981 4171 sei,
1037 4127 1105 4182 gare
1130 4110 1287 4164 maluisset.
1314 4107 1388 4173 Quid
1410 4123 1478 4177 ergo
1500 4113 1633 4161 ornatum
1657 4107 1767 4177 populi,
1797 4123 1886 4178 quem

139 4190 611 4261 sedquatuoriantummododies
627 4191 845 4263 jejunetur,qni
866 4193 983 4263 triginta
1037 4202 1181 4270 deponere
1206 4197 1335 4268 jubetur,
1363 4196 1489 4267 accipere
1517 4196 1662 4258 debemus,
1692 4195 1747 4250 nisi
1777 4196 1888 4251 laetitias

140 4292 188 4331 sex
211 4277 311 4332 diebus
334 4277 509 4349 superadditi
531 4278 792 4349 quadragenarium
819 4282 980 4350 perliciunt.
1003 4285 1228 4357 lisplendorem,
1245 4301 1302 4356 quo
1317 4284 1406 4338 loetari
1425 4291 1612 4338 consueverat
1627 4284 1795 4354 priusquam
1821 4284 1886 4339 ido-

139 4364 193 4430 Qui
210 4382 276 4419 varo
289 4382 341 4420 nec
355 4367 481 4436 sabbato,
502 4384 554 4422 neo
571 4369 718 4423 Dominiea
741 4369 883 4440 jejunant,
899 4377 927 4427 et
941 4376 983 4426 ta·

140 4469 206 4508 men
219 4459 284 4509 ante
300 4455 405 4510 Pascha
423 4456 683 4527 quadragenariam
701 4459 822 4531 implere
846 4460 983 4530 gestiunt,

139 4557 252 4598 nocesse
266 4548 350 4599 estut
361 4549 460 4600 octava
476 4544 657 4601 hebdomada
674 4547 816 4618 jejunium
833 4547 982 4619 incipiant.

1038 4375 1157 4429 tolatriae
1173 4373 1287 4445 eulpam
1304 4373 1497 4427 contraxerit?
1513 4372 1559 4427 Sic
1578 4371 1667 4443 igitur
1682 4373 1725 4426 rel
1741 4373 1885 4440 Romana,

1039 4462 1081 4517 vel
1116 4461 1303 4518 Occidentalis
1328 4460 1466 4527 Ecclesia,
1490 4466 1625 4515 ornatum
1652 4477 1735 4514 suum
1765 4460 1888 4532 deponit

1038 4557 1128 4606 semet
1142 4550 1332 4612 humiliando,
1356 4551 1471 4621 quando
1487 4550 1558 4603 testa
1578 4549 1685 4604 iaetiiiec
1699 4550 1741 4604 vel
1761 4549 1888 4618 hymno·

141 4631 211 4687 Nam
225 4631 354 4705 quinque
376 4639 488 4688 tanturn
509 4635 610 4690 diebus
635 4652 687 4707 per
707 4637 834 4708 singulas
850 4639 984 4708 septima·

139 4734 191 4774 nas
201 4721 334 4792 jejunare
355 4723 592 4794 comprobantur,
615 4731 644 4778 et
656 4724 743 4779 octies
762 4725 843 4797 quini
859 4727 983 4798 quadra-

139 4811 220 4881 ginta
232 4810 392 4881 perficiunt,
408 4814 458 4883 qui
474 4812 719 4884 quadragenarius
740 4820 803 4868 ocio
818 4814 985 4885 septimanis
1039 4815 1234 4871 exsultationis
1249 4814 1370 4886 gloriam
1393 4813 1532 4884 deponit;
1552 4819 1693 4885 quatenus
1715 4813 1892 4869 humilitatis

135 4898 202 4970 iege
234 4898 401 4971 praescripta
426 4900 581 4970 perticitur.
606 4902 679 4957 Huic
705 4919 772 4957 vero
800 4919 931 4967 nurnero,
957 4905 985 4958 id
1038 4904 1139 4960 habitu
1161 4903 1264 4959 faciem
1289 4902 1405 4957 Domini
1427 4902 1617 4972 preveniens,
1647 4901 1792 4957 Paschalia
1818 4903 1893 4956 testa

140 4993 191 5053 esi,
208 4988 320 5043 duobus
346 4988 502 5043 Dominieae
523 4996 552 5043 et
575 4991 704 5055 sabbato,
731 4991 835 5060 quibus
859 5009 917 5046 non
939 4993 983 5063 je·
1039 4990 1234 5049 exsultationis
1248 4990 1353 5062 gaudio
1367 4990 1512 5060 suscipiat.

137 5074 266 5146 junatur,
290 5076 342 5148 qui
362 5078 492 5149 quintam
512 5079 623 5132 sabbati
646 5079 838 5148 superaddere
863 5081 984 5146 malunt,
1074 5082 1135 5136 Non
1164 5079 1269 5134 habent
1296 5078 1386 5150 igitur
1412 5079 1574 5135 Graecorum
1597 5078 1784 5148 imperatores
1812 5079 1894 5134 unde

141 5163 392 5235 quadragesimam
407 5171 473 5220 ania
494 5167 600 5220 Pascha
619 5165 752 5237 jejunare
774 5184 833 5222 non
847 5176 984 5241 possunt;
1040 5171 1143 5226 merito
1155 5169 1271 5239 culpare
1286 5173 1394 5239 queant
1406 5168 1449 5221 vel
1464 5168 1607 5222 Romanos
1620 5168 1664 5222 vel
1681 5168 1893 5223 Occidentales.

142 5250 198 5306 nisi
212 5268 315 5308 novem
327 5253 470 5324 jejunium
488 5253 679 5309 hebdomadae
699 5254 878 5310 sortiantur:
896 5257 987 5311 trihus
1040 5258 1064 5312 si
1085 5274 1144 5312 nun
1166 5261 1208 5312 tot
1232 5257 1426 5311 hebdomadas
1444 5261 1511 5311 ante
1535 5256 1643 5310 Pascha
1663 5256 1738 5325 quod
1753 5255 1795 5310 rili
1812 5255 1894 5328 jeju·

142 5339 221 5393 enim
247 5341 350 5396 ablatis
378 5343 413 5398 de
437 5347 558 5414 septem,
583 5343 731 5397 liominica
757 5343 894 5414 videlieet,
925 5345 987 5400 sab·
1039 5351 1120 5412 nant,
1150 5345 1287 5417 quoniam
1316 5345 1429 5400 dierum
1451 5360 1574 5399 numero
1601 5344 1791 5416 quadraginta
1814 5344 1896 5418 jeju-

143 5425 219 5492 hato,
236 5433 263 5483 et
277 5430 378 5500 quinta
394 5431 515 5500 sabbati,
538 5437 691 5503 supersunt
710 5436 835 5502 quatuor
854 5432 914 5486 dies
936 5449 988 5504 ρει
1041 5435 1137 5489 nando
1161 5438 1356 5504 coequentur.
1373 5432 1453 5496 Quod
1476 5432 1513 5486 sit
1526 5431 1671 5502 jejunium
1694 5432 1896 5488 humilitatem

143 5512 271 5586 singulas
294 5518 490 5574 hebdomadas
507 5518 627 5591 jejunii;
651 5524 680 5574 et
701 5520 877 5592 quaternarii
890 5520 988 5577 novies
1041 5521 1193 5592 signifieat,
1221 5528 1250 5576 et
1278 5521 1425 5576 humilitas
1451 5526 1480 5576 et
1500 5520 1642 5593 depositio
1670 5520 1788 5589 laetitiae,
1815 5521 1897 5577 atili-

1039 4655 1102 4693 rum
1122 4638 1237 4709 gaudio,
1261 4637 1367 4708 quibus
1387 4639 1474 4691 lolius
1493 4638 1561 4692 anni
1582 4638 1674 4708 spatio
1698 4643 1891 4693 consueverat

1038 4728 1190 4797 exsultare,
1205 4726 1334 4792 dimittit,
1357 4731 1386 4781 et
1408 4725 1580 4780 humilitatis
1603 4726 1735 4779 habitum
1753 4742 1889 4792 sumens,
