3930 6098
126 248 173 300 tiu
790 248 978 306 ructemus
999 251 1205 310 tulttuosuu
1826 263 1878 314 du

181 381 341 432 eredimesr
354 395 388 431 an
403 382 449 446 qni
461 386 562 442 emant,
578 381 627 446 ipsi
641 382 690 432 eibi
705 384 808 433 somnia
823 383 943 448 fingunt?
991 392 1015 444 Α
1094 388 1169 447 Quod
1184 393 1259 452 potes
1272 389 1299 439 id
1314 395 1396 451 tenta,
1410 392 1496 455 operis
1511 406 1544 442 ne
1558 393 1674 457 pondere
1690 408 1797 459 pressus

125 483 154 537 Εῑ
169 481 238 536 alibi
252 489 265 516 ι
281 499 288 536 ;
1093 469 1234 519 incumbat
1247 469 1331 538 labor,
1345 474 1372 520 et
1385 471 1482 521 frustra
1496 477 1597 523 tentete
1612 475 1758 539 relinquas.

180 586 233 646 Qui
247 586 355 636 Binum
370 599 425 636 „011
439 584 504 647 odit,
521 587 590 635 amer
602 588 647 635 tuq
662 587 790 647 carmin„
806 588 898 650 ΜΨ
1064 569 1118 624 Sed
1134 573 1166 622 ut
1181 584 1227 623 me
1248 567 1298 642 qui
1314 569 1368 624 sim
1384 569 1445 641 ipse
1464 587 1625 641 cognoscas,
1644 579 1672 629 et
1688 576 1814 646 amplius
1830 579 1872 630 ta·

180 667 267 730 Atque
282 666 351 716 idem
361 665 456 730 junget
469 664 570 729 vulpes,
583 668 610 714 et
621 664 739 729 mulgeat
750 665 847 717 hircos.
1028 657 1119 713 cende
1135 658 1252 724 devites,
1266 657 1417 730 Virgilium
1433 659 1502 715 audi
1515 662 1528 703 b
1546 677 1553 715 :

124 766 196 818 bens
211 764 405 836 omnipotens,
428 768 538 819 creator
552 763 616 818 coeli
630 768 659 818 et
674 769 768 828 terrae,
784 766 849 836 pius
865 771 893 820 et
908 767 971 837 gio·
1088 763 1197 813 Mortem
1213 767 1388 814 contemnunt
1402 764 1509 815 laudato
1524 765 1632 817 retinere
1647 768 1732 818 Getes.

124 853 215 908 riosns
236 853 322 920 Deus,
345 853 435 909 cuitu
451 852 641 924 exprobrasti,
658 853 707 908 ille
722 854 758 908 sit
773 854 850 908 ultor
864 859 891 909 et
905 855 972 908 rin·
1064 861 1178 916 Necnon
1193 866 1221 916 et
1235 862 1306 917 illud
1324 879 1331 918 :

124 941 173 996 ἀοῖ
189 957 226 996 ⁰¹
237 957 273 996 ⁰⁰
287 941 364 1015 ‘1¹¹⁰d
376 940 407 998 in
420 957 486 997 Μ
500 940 598 996 dl¹l⁸li
603 982 968 1000 ·····················
1088 967 1173 1027 Getes,
1188 969 1281 1031 iuquit,
1296 981 1349 1031 quo
1364 968 1449 1032 pergit
1461 982 1538 1032 equo.

521 1059 574 1115 llll.
1063 1065 1142 1121 Unde
1155 1070 1184 1119 et
1195 1065 1265 1120 illud
1279 1070 1372 1121 exstat
1383 1071 1477 1135 poetae
1494 1084 1500 1122 :

157 1181 219 1220 usu
243 1180 433 1221 necrrnocauo
456 1181 565 1233 ursei,
584 1180 796 1220 manseesssonr
815 1180 935 1219 ornscra.
1089 1171 1156 1221 ilinc
1172 1171 1257 1221 Dacus
1269 1175 1379 1236 premat,
1395 1171 1456 1222 inde
1471 1173 1547 1222 Getes
1561 1176 1691 1223 occurrat.

157 1271 227 1336 Quae
244 1272 334 1344 stylus
348 1276 406 1327 ture
422 1271 633 1344 prosecutionis
646 1272 753 1338 elicuit,
767 1271 892 1343 impigre
907 1287 971 1328 ocu·
1062 1271 1120 1340 Ego
1136 1285 1211 1337 sum,
1228 1285 1281 1340 ego
1294 1285 1369 1338 sirm,
1383 1285 1470 1340 quem
1480 1270 1642 1325 Alexander
1652 1270 1874 1344 vitandumpro-

126 1360 167 1414 ius
181 1362 382 1431 precucurrit,
399 1366 429 1417 et
442 1366 471 1416 te
493 1361 629 1417 vitantem
652 1362 812 1434 periculum
828 1361 973 1432 sapienter
1027 1359 1179 1426 nuntiarit,
1199 1359 1324 1431 Pyrrhus
1345 1360 1506 1430 pertimuit,
1533 1360 1626 1415 Caesar
1647 1360 1806 1419 exhorruit.
1835 1363 1873 1416 De

126 1449 249 1505 miravit.
269 1450 374 1505 Verum
394 1450 464 1522 qaia
486 1451 614 1521 prudens
638 1455 699 1506 arte
720 1449 862 1505 rhetorica
885 1450 970 1515 ludis,
1027 1448 1110 1503 nobis
1131 1463 1246 1520 qnoque
1269 1453 1298 1503 et
1319 1453 1417 1502 noster
1438 1450 1629 1519 Hieronymus
1652 1449 1723 1504 dicit
1747 1465 1754 1504 ε
1778 1450 1873 1505 Cornu

125 1543 151 1591 et
168 1538 322 1610 pisoniano
341 1539 412 1594 sitio
435 1540 503 1594 dum
529 1540 646 1612 loquere
667 1540 770 1607 nescis,
795 1544 889 1594 tacere
913 1555 972 1594 non
1027 1537 1114 1592 hebet
1128 1536 1158 1591 in
1179 1537 1283 1604 fronte,
1300 1537 1385 1608 longe
1401 1537 1477 1606 fuge.
1496 1539 1528 1592 iit
1542 1537 1608 1592 ideo
1624 1538 1683 1592 noli
1698 1553 1782 1593 canes
1797 1539 1875 1593 rubi·

124 1628 209 1695 vates,
223 1632 319 1699 atque,
334 1627 973 1701 utfabutaefernnt,iupumenribnsretinens
1029 1629 1079 1680 dos
1101 1625 1205 1691 dicere,
1229 1626 1279 1680 sed
1301 1630 1328 1678 te
1353 1626 1490 1695 vrripenm
1515 1625 1699 1695 gannientem
1718 1642 1873 1697 cognosce,

123 1731 172 1770 nec
188 1721 289 1772 tenere
305 1721 397 1788 potes,
413 1733 465 1772 uec
485 1717 563 1772 vales
579 1717 734 1784 dimittere,
751 1716 816 1772 ideo
831 1717 883 1772 tibi
907 1722 973 1787 apte
1027 1730 1122 1785 neque
1137 1729 1183 1768 me
1198 1714 1415 1784 compilatorem
1441 1717 1581 1777 ceterum,
1604 1714 1682 1787 quod
1702 1730 1873 1785 magnarum

122 1806 198 1860 canit
211 1809 296 1877 poeta
313 1822 321 1861 :
1023 1803 1192 1871 estvirium,
1210 1818 1329 1858 asseras.

155 1937 168 1963 ⁸
183 1930 288 2002 Ecloga
301 1946 342 1997 m,
355 1945 427 1986 vers.
445 1932 490 1985 90.
749 1923 751 1926 ’
1055 1930 1067 1971 b
1083 1928 1163 1982 False
1179 1927 1347 1982 tribuuntur
1361 1926 1391 1981 bi
1407 1943 1504 1982 sersus
1521 1926 1650 2000 Virgilio.

543 2122 930 2236 lNDlCULUS
975 2122 1391 2233 LUMlNOSUS
1417 2117 1450 2232 ⁸.

156 2395 188 2448 ln
204 2393 677 2461 defensioneservorumtuorum,
696 2395 902 2460 bominc,non
918 2394 969 2449 hn-
989 2394 1101 2462 Bmcs's,
1128 2400 1157 2450 et
1184 2395 1247 2450 doce
1274 2412 1316 2451 me
1337 2398 1546 2466 justificationes
1573 2400 1634 2450 tuas
1662 2395 1747 2465 (Paul.
1778 2411 1872 2462 cxrur,

124 2497 206 2537 mano
232 2482 314 2537 tenui
336 2481 483 2538 confidens
510 2483 638 2548 arbitrio,
667 2483 823 2555 subtilique
852 2483 970 2553 proprio
1027 2484 1087 2552 103,
1113 2485 1168 2553 u),
1194 2499 1369 2557 sensumque
1393 2490 1476 2539 tuum
1502 2499 1566 2538 meo
1590 2499 1640 2537 ore
1663 2482 1794 2538 defende.
1819 2483 1871 2549 Tu,

124 2570 200 2625 nism
223 2571 347 2642 refugio,
368 2571 416 2627 sed
438 2588 533 2644 neque
556 2571 656 2643 iniquo
679 2572 805 2627 elevatus
829 2571 970 2643 superbie
1026 2573 1156 2640 Domine,
1172 2589 1224 2645 per
1247 2589 1278 2628 os
1301 2590 1398 2629 meum
1413 2578 1463 2629 tue
1478 2574 1563 2628 rerba
1578 2588 1690 2628 sonare.
1715 2573 1754 2626 Tu
1771 2587 1872 2626 canem

123 2659 216 2730 typho,
241 2667 293 2715 eut
310 2659 428 2716 inflatus
448 2660 565 2716 invidiae
590 2661 661 2728 zelo,
687 2660 737 2715 sed
757 2665 815 2715 turc
838 2660 970 2731 gratuite
1025 2667 1107 2717 tcum
1129 2679 1182 2734 pro
1207 2667 1234 2718 te
1257 2663 1410 2718 latrantem
1437 2667 1537 2717 contra
1558 2662 1690 2717 rabidum
1713 2662 1816 2732 lupum
1839 2676 1872 2716 er

123 2747 316 2804 miserationis
343 2750 434 2806 fretus
461 2750 579 2816 auxilio,
610 2754 717 2820 tuoque
745 2749 969 2803 clementissimo
1024 2757 1204 2806 mensaetuae
1219 2751 1301 2806 micis
1324 2751 1429 2807 cibare.
1453 2751 1605 2807 Nonenim
1629 2751 1746 2806 adhaec
1769 2765 1804 2804 ex
1825 2765 1872 2804 mc

124 2834 193 2890 lidus
203 2837 395 2893 invictissimo
411 2838 538 2904 brachio,
554 2838 606 2893 tibi
622 2837 653 2892 in
671 2837 814 2910 principio
831 2838 889 2892 ilco
903 2854 969 2893 meo
1024 2840 1086 2910 ipso
1101 2840 1192 2896 fidens
1208 2840 1328 2904 surrexi,
1346 2841 1395 2896 scd
1418 2845 1507 2906 exte,
1524 2839 1573 2911 qni
1590 2839 1704 2910 linguas
1718 2838 1872 2894 infantium

123 2928 151 2978 et
161 2926 228 2980 lesu
246 2924 359 2982 Christo
377 2942 474 2982 rerum
491 2926 621 2981 omnium
637 2926 768 2992 bomine,
786 2925 900 2997 assigno
915 2926 969 2980 mi·
1023 2929 1092 2984 facis
1105 2929 1235 2994 disertas,
1250 2934 1279 2984 et
1299 2935 1478 2983 mutornma
1502 2932 1530 2982 te
1546 2929 1644 2998 tegens
1658 2927 1765 2982 laxetes
1783 2926 1870 2982 habe-

120 3028 166 3067 ser
178 3029 266 3070 omne
280 3013 391 3070 bonum
408 3015 485 3087 quod
500 3016 592 3087 sapio,
611 3020 640 3069 te
659 3014 690 3069 in
716 3013 797 3069 initio
821 3014 968 3081 invocans,
1024 3033 1086 3084 nas,
1101 3017 1260 3073 devotionis
1284 3018 1372 3088 hujus
1390 3032 1447 3071 non
1471 3021 1503 3070 ut
1517 3016 1597 3082 scita,
1614 3016 1665 3071 scd
1687 3020 1719 3070 ut
1739 3015 1873 3086 indigens

119 3104 148 3154 te
162 3118 213 3172 per
227 3107 322 3158 totum
338 3107 447 3158 textum
471 3103 641 3176 implorans,
665 3108 693 3158 te
718 3119 808 3174 usqne
830 3103 860 3157 in
880 3103 968 3158 linem
1024 3108 1081 3162 duo
1103 3107 1217 3178 porrexi
1240 3106 1351 3161 minuta
1373 3106 1448 3177 (luc.
1468 3121 1517 3172 xu,
1533 3105 1571 3176 2).
1597 3106 1669 3159 Nam
1692 3104 1761 3176 quid
1784 3105 1872 3160 homo

114 3187 187 3243 libri
209 3192 284 3245 flexo
310 3191 405 3246 cordis
425 3192 534 3263 poplite
552 3208 669 3262 rogans,
684 3208 771 3262 quem
786 3192 885 3246 lumen
906 3207 971 3245 om·
1024 3201 1076 3264 cst,
1103 3196 1235 3262 Domine,
1259 3195 1365 3251 auxilio
1382 3201 1432 3250 tuo
1458 3195 1596 3266 privatus,
1619 3192 1675 3248 nisi
1691 3197 1803 3247 tantum
1818 3191 1873 3246 sibi

116 3275 201 3334 nium
220 3279 307 3334 credo
322 3279 448 3334 firmitur
468 3280 683 3349 seculorum
705 3296 763 3351 quo
776 3281 886 3335 fontem
903 3279 969 3335 nori
1022 3284 1142 3357 periculi
1166 3300 1255 3347 casus,
1275 3284 1344 3338 ditm
1366 3283 1470 3337 erroris
1493 3283 1552 3337 imo
1565 3282 1641 3352 jacet
1654 3279 1815 3337 dimersus?
1838 3281 1873 3335 Et

114 3370 288 3423 cunctarum
311 3383 446 3423 emanare
472 3368 621 3437 virtutum,
647 3368 675 3422 in
706 3385 763 3440 quo
786 3368 968 3423 dulcedinem
1023 3373 1101 3440 ideo,
1125 3372 1349 3428 clementissime
1371 3371 1475 3444 opifex,
1498 3372 1627 3443 piissime
1649 3369 1762 3437 artifex,
1787 3369 1872 3424 mise·

115 3454 297 3512 ineffabilem
316 3457 493 3513 reconditam
511 3456 704 3512 firmiterscio
721 3473 839 3513 manere
855 3465 968 3511 sancto·
1023 3462 1217 3518 ricordissime
1246 3462 1343 3533 judex,
1373 3461 1447 3533 quod
1471 3459 1620 3532 inspirasti
1648 3461 1766 3530 perfice,
1795 3458 1873 3530 quod

115 3557 197 3615 rum,
217 3544 269 3618 qui
289 3561 320 3601 es
339 3546 386 3601 sia
407 3546 469 3601 sinc
491 3561 588 3601 errore
613 3547 802 3613 credentium,
830 3548 887 3600 rita
908 3547 969 3600 sine
1021 3551 1131 3622 Jnssisti
1146 3551 1282 3622 adimple,
1303 3549 1382 3622 quod
1402 3549 1506 3605 dedisti
1530 3565 1651 3613 sacrare,
1673 3553 1702 3603 et
1726 3563 1813 3619 quem
1828 3547 1872 3602 di-

110 3640 213 3690 morte
237 3633 404 3699 virentium,
428 3636 542 3708 requies
566 3635 627 3690 sine
647 3633 724 3708 [line]
746 3635 915 3690 fruentium.
930 3636 968 3691 Te
1023 3657 1113 3711 gnum
1127 3640 1194 3695 huic
1214 3638 1362 3695 reddidisti
1379 3639 1498 3704 talento,
1513 3641 1545 3692 ut
1567 3653 1619 3708 per
1633 3638 1688 3693 hoc
1704 3652 1762 3691 non
1783 3639 1871 3691 teme·

110 3720 232 3788 invoco,
256 3722 354 3777 lumen
377 3723 582 3792 inenarrabile,
606 3724 715 3778 fontem
735 3739 809 3778 rerae
829 3724 967 3790 scientiae,
988 3696 1114 3783 Critatis
1130 3744 1232 3782 ausum
1255 3728 1391 3790 incurrat,
1409 3727 1459 3782 sed
1475 3726 1648 3781 humilitatis
1669 3724 1720 3779 tibi
1734 3725 1872 3796 acceptis·

107 3811 302 3883 salubrisque
327 3811 385 3866 rita
408 3811 558 3878 doetrinae,
584 3818 614 3867 ut
635 3812 768 3867 tenebras
793 3812 889 3868 cordis
911 3813 969 3867 mei
1023 3817 1130 3871 simum
1143 3817 1267 3872 fractum
1283 3815 1424 3882 obtincst;
1439 3815 1488 3869 illa
1510 3829 1568 3885 qua
1582 3812 1812 3868 immensurabili
1826 3813 1872 3867 af·

106 3902 166 3955 tua
187 3900 409 3972 superveniente
424 3901 488 3956 luce
508 3917 632 3970 serenes,
657 3906 685 3955 et
708 3902 832 3973 pectoris
855 3903 969 3972 glebam
1022 3905 1087 3961 ssuis
1116 3904 1261 3972 bonitate,
1286 3919 1419 3975 procura.
1451 3902 1561 3957 Dedisti
1599 3903 1677 3956 enim
1706 3900 1793 3969 mihi,
1822 3900 1870 3971 pie

104 4000 185 4043 rnre
209 3989 340 4043 sordium
364 3990 518 4044 scalentem
542 4005 628 4044 amne
655 3990 726 4061 legis
753 3995 820 4059 tuae,
850 3991 968 4061 quadri·
1022 3994 1163 4062 conditor,
1179 3993 1360 4063 intelligendi
1382 3989 1686 4063 vigorem3inscruisti
1705 3988 1872 4060 precordiis

105 4075 211 4131 [icens
225 4077 361 4148 paradisi,
380 4077 494 4133 abunde
515 4078 600 4133 saties
619 4077 802 4150 ubertimque
816 4080 967 4146 fecundes;
1023 4083 1094 4137 meis
1108 4082 1212 4148 fidem;
1231 4086 1259 4137 et
1282 4097 1317 4137 ex
1330 4085 1412 4135 utero
1427 4079 1528 4134 matris
1541 4095 1600 4133 non
1614 4077 1752 4149 gentilem
1770 4077 1872 4132 hacte-

101 4170 263 4236 quatenus
289 4166 331 4220 sol
359 4182 443 4220 verus
466 4167 563 4222 oriens
587 4167 746 4238 precordia
770 4173 867 4223 nostra
888 4175 968 4223 tene·
1023 4188 1086 4239 nus,
1111 4172 1159 4227 sed
1183 4152 1360 4226 conservasti
1386 4168 1513 4234 fidelem,
1540 4168 1618 4222 nutto
1642 4166 1745 4221 merito
1764 4181 1871 4236 praece-

101 4248 204 4309 bross
225 4254 382 4322 illuminet,
404 4260 434 4310 et
451 4255 555 4311 fluvius
577 4257 722 4312 civitatem
749 4258 797 4313 liei
821 4258 969 4312 loetiiicens
1024 4263 1120 4328 dente,
1133 4259 1546 4330 nullajustiticprosequente,
1560 4257 1639 4311 nullo
1649 4271 1736 4327 opere
1750 4255 1806 4310 boc
1815 4270 1873 4309 me-

108 4343 273 4397 dnmosam
289 4343 346 4398 mei
362 4345 486 4415 pectoris
508 4345 609 4416 irriget
627 4350 744 4412 terram,
762 4351 794 4401 ut
809 4347 907 4417 lingua
922 4364 968 4403 ea·
1023 4354 1119 4416 rentc;
1136 4364 1229 4419 neque
1247 4347 1324 4402 enim
1348 4363 1406 4401 non
1430 4351 1542 4401 exstans
1558 4344 1656 4416 aliqua
1671 4347 1783 4414 poterat
1806 4358 1873 4414 pro·

106 4431 163 4484 nis
177 4431 310 4486 misereri
324 4447 390 4504 ques
406 4432 457 4487 tibi
472 4449 524 4503 per
538 4434 599 4489 baec
611 4435 724 4504 placere
739 4435 893 4499 desiderat,
910 4449 968 4487 non
1023 4437 1139 4498 mereri,
1156 4451 1208 4490 nec
1223 4435 1355 4490 informis
1370 4451 1403 4489 ex
1426 4434 1522 4489 debito
1540 4433 1668 4487 retineri.
1686 4431 1776 4488 Etiam
1796 4436 1826 4486 et
1840 4446 1875 4486 ea

112 4518 223 4573 sitium
237 4519 431 4590 loquacitatis,
451 4521 521 4576 dum
536 4537 648 4575 errores
668 4524 792 4594 impetit,
808 4523 967 4590 contrahat,
1023 4542 1088 4597 quae
1105 4526 1223 4581 sordens
1238 4524 1312 4580 actio
1327 4529 1357 4578 et
1370 4540 1431 4577 sors
1447 4540 1520 4587 mea,
1537 4538 1602 4593 quse
1618 4521 1697 4576 nulla
1712 4525 1763 4589 est,
1777 4519 1873 4576 tenuis

112 4606 170 4660 sed
190 4612 218 4661 tc
241 4607 401 4678 inspirante
421 4625 455 4665 ea
475 4615 608 4666 secuturo
631 4613 735 4668 saecuio
751 4610 888 4682 proferet,
904 4627 969 4684 quae
1024 4615 1184 4687 denegarit,
1207 4613 1371 4684 benignitas
1397 4616 1446 4666 tua
1471 4612 1552 4683 larga
1576 4611 1725 4666 concessit.
1753 4608 1809 4664 Sed
1835 4625 1872 4665 ne

118 4693 155 4747 in
170 4696 330 4752 animarum
346 4701 493 4767 praestum,
509 4698 539 4753 in
555 4699 684 4771 profectu
697 4701 854 4770 legentum,
871 4701 901 4754 in
917 4717 969 4755 ex·
1024 4721 1056 4759 ex
1081 4705 1134 4759 hoc
1149 4703 1227 4777 quod
1253 4702 1334 4770 mihi,
1354 4701 1590 4756 excellentissime
1606 4702 1734 4767 Domine,
1756 4716 1871 4755 conces·

120 4783 288 4855 stirpatione
302 4785 433 4840 omnium
444 4787 618 4842 insolentum
636 4794 701 4843 ante
716 4796 898 4861 conspectum
910 4789 971 4861 glo-
1024 4795 1095 4861 sisti,
1119 4798 1151 4849 ut
1170 4791 1341 4847 temerarius
1362 4795 1475 4862 arguat,
1499 4794 1530 4845 ut
1545 4791 1663 4863 iniquus
1686 4789 1823 4855 excutiar,
1840 4793 1873 4843 ut

129 4868 176 4924 rie
189 4874 367 4930 admirabilis
382 4875 445 4930 solii
460 4877 504 4931 tui
520 4892 572 4947 per
588 4881 647 4931 tota
662 4878 830 4933 seculorum
845 4878 968 4934 solumi·
1024 4888 1178 4955 usurpator
1193 4881 1385 4937 condemner:
1402 4886 1528 4934 tremens
1543 4884 1572 4935 et
1584 4879 1709 4950 pallidus
1721 4893 1801 4948 ergo,
1818 4892 1873 4946 pa·

134 4971 167 5011 m
191 4968 294 5018 currat.
328 4967 507 5035 ltcccptetur,
543 4966 663 5021 Domine
695 4967 779 5033 licus,
813 4971 878 5022 ante
911 4972 968 5022 tuae
988 4971 1106 5053 nvidus
1135 4985 1310 5042 gemensque
1335 4968 1469 5039 suspiro:
1497 4983 1592 5039 neque
1622 4975 1632 5001 ⁰
1660 4982 1711 5037 per
1737 4965 1818 5021 deria
1845 4968 1874 5018 et

138 5048 277 5117 mejestatis
298 5052 482 5109 clementiam
506 5054 580 5109 servi
604 5055 646 5111 tui
666 5056 777 5110 tantilla
802 5057 924 5122 offertio,
941 5062 970 5111 et
1024 5061 1157 5131 abrupta,
1171 5074 1224 5130 per
1238 5058 1336 5113 inania
1358 5064 1385 5112 et
1405 5059 1521 5124 caduca,
1536 5072 1589 5127 per
1602 5055 1714 5111 tumide
1733 5058 1762 5109 et
1775 5052 1873 5120 stulta,

142 5129 195 5191 lutei
213 5141 320 5196 vasculi
339 5143 433 5197 votiva
456 5158 514 5198 non
537 5144 707 5215 reprobetur
722 5145 839 5201 oblatio.
858 5147 891 5200 Et
903 5145 970 5201 licet
1023 5166 1076 5220 per
1090 5149 1229 5204 dedecore
1250 5151 1279 5202 ei
1302 5148 1387 5210 elata,
1404 5162 1456 5217 per
1469 5146 1544 5201 levia
1563 5150 1593 5200 et
1611 5144 1721 5209 inflate,
1737 5141 1874 5213 operibus

144 5225 686 5299 uutibethumsnainfinteturbsorde,
713 5250 770 5288 non
793 5236 903 5290 intente
919 5251 969 5289 cu·
1023 5237 1207 5293 inserviendo
1241 5237 1379 5302 sinistris,
1408 5234 1537 5307 quotidie
1573 5232 1703 5299 ambulo,
1731 5230 1875 5302 loquendo

146 5313 208 5381 rtuti,
225 5321 273 5372 tua
294 5318 344 5374 ille
358 5319 484 5390 gratuita
500 5320 674 5376 emundetur
688 5323 866 5395 respectione
881 5323 967 5377 felici.
1023 5328 1112 5384 etiam
1125 5327 1154 5381 in
1168 5343 1201 5382 ea
1215 5342 1280 5398 ane
1296 5325 1347 5380 tibi
1365 5321 1550 5395 acceptabilia
1565 5325 1678 5393 reputo,
1692 5335 1806 5375 navum
1822 5319 1875 5374 ini.

71 5410 73 5476 j
147 5394 200 5468 isto,
218 5405 348 5472 bomine,
365 5409 602 5479 luccmopcclibus
617 5413 693 5479 mus,
710 5417 736 5466 et
757 5413 845 5467 iumen
865 5414 968 5467 semitis
1024 5415 1143 5488 quitatis
1154 5415 1254 5470 itidem
1266 5413 1447 5480 contraham,
1461 5416 1489 5466 et
1498 5411 1575 5465 unde
1585 5410 1714 5480 lenigare
1725 5413 1873 5481 utcunque

71 5508 73 5540 ³
171 5528 255 5586 ‘Vide
268 5533 416 5601 Notitiam,
433 5551 518 5607 supra
534 5536 588 5591 col.
605 5539 666 5592 387.
1060 5550 1070 5574 ⁰
1089 5539 1154 5611 Leg.
1169 5556 1203 5595 ne
1217 5543 1274 5610 qui.

171 5596 251 5671 lLeg.
268 5605 413 5673 inficietur.
