3930 6098
103 216 154 272 883
670 213 841 271 caluitum
861 213 1118 273 sebastiensis
1135 212 1281 269 iubaris
1804 211 1853 266 884

104 348 177 403 ritus
190 347 369 418 efficiamini,
392 351 421 403 et
438 346 545 418 inipso
563 348 619 402 [teo
637 346 748 419 jugiter
766 346 950 403 delectemini
967 348 992 401 A
1340 347 1392 400 Die
1405 344 1530 401 secondo.

106 436 246 492 babitare.
261 439 360 494 limen.
1042 433 1232 506 Omnipotens
1251 434 1335 500 Deus,
1353 432 1404 504 qui
1431 431 1624 488 Ninivitarum
1651 430 1753 502 culpas
1765 429 1806 485 ita
1819 430 1855 486 ie*

142 525 222 591 Quod
232 525 303 596 ipse.
1006 521 1064 576 rire
1077 522 1229 593 disposuit,
1244 527 1277 576 ut
1288 521 1385 592 potius
1400 520 1518 590 eligeret
1545 517 1678 574 miserari
1704 516 1853 585 conversis,

109 648 136 687 Β,
172 648 206 687 1„
232 646 478 689 ,smmum
514 647 745 688 „Bnffllopls
782 646 952 688 mmm,
1006 626 1054 664 ros
1079 610 1277 665 benedictione
1302 605 1680 678 suaditatos,digneiaoiat
1715 605 1850 676 poenitere

1007 699 1083 769 quod
1114 700 1189 753 male
1205 697 1343 769 gessistis,
1370 701 1398 751 et
1422 696 1560 767 largiatur
1583 692 1707 765 praemia
1732 693 1852 764 quaepie

1008 787 1187 844 desideratis.
1206 789 1307 842 Amen.

1044 875 1243 947 Concedatque
1259 874 1417 929 humilitati
1432 877 1531 928 vestrae
1543 876 1574 926 ut
1594 871 1854 940 incorpoream

1009 966 1160 1036 plectendo
1182 963 1401 1036 parcimoniam,
1436 961 1471 1017 ab
1496 960 1648 1031 epularum
1673 957 1787 1013 deliciis
1810 955 1853 1010 ab

1010 1055 1146 1122 stineant,
1173 1059 1314 1124 quatenus
1340 1056 1450 1105 mentes
1464 1053 1565 1103 uestrae
1586 1046 1748 1102 esurientes
1775 1044 1854 1099 etsi·

1008 1144 1113 1197 tientes
1124 1143 1278 1213 justitiam,
1306 1141 1342 1195 ab
1370 1138 1512 1195 illecebris
1540 1137 1615 1190 male
1641 1132 1851 1189 blandientium

1007 1233 1140 1304 jejunent
1153 1230 1302 1285 vitiorum.
1318 1231 1420 1283 Arnen.

1046 1321 1191 1375 Accedant
1206 1318 1400 1373 cordavestra
1415 1316 1520 1370 timore
1535 1312 1613 1368 casto
1628 1316 1658 1367 et
1682 1325 1782 1366 amore
1796 1324 1855 1380 per·

1011 1411 1092 1474 fecto,
1108 1406 1274 1463 utevadatis
1289 1406 1365 1460 mala
1383 1404 1439 1458 reis
1463 1402 1592 1457 timenda
1614 1403 1642 1455 et
1655 1395 1854 1470 adipiscamini

1011 1499 1086 1553 bona
1101 1495 1240 1568 perennia
1251 1494 1342 1550 beatis
1358 1492 1508 1563 speranda.
1521 1493 1624 1545 Amen.

977 1644 997 1698 B
1048 1585 1129 1652 Quod
1139 1586 1211 1656 ipsc.

143 737 330 806 Omnipotens
347 737 432 804 Deus,
448 737 498 808 qui
518 753 566 791 vos
580 753 677 791 annua
690 737 776 807 hujus
789 736 891 806 templi
907 736 955 790 de·

109 825 251 880 dicatione
266 826 401 896 dignatus
415 831 457 880 est
476 825 631 892 laetificare,
647 826 707 896 ipse
721 842 770 879 vos
784 832 894 880 aeterna
906 826 954 880 be·

108 913 270 971 bedictione
285 915 420 985 dignetur
432 915 618 968 sanctificare.
636 917 737 968 Amen.

143 1002 343 1073 concedatque
367 1019 416 1056 rus
445 1007 540 1056 moute
564 1011 593 1056 et
611 1018 730 1072 corpore
771 1002 954 1067 castificatos,

108 1089 171 1145 fieri
184 1091 336 1161 proprium
351 1091 491 1162 templum
505 1096 533 1145 et
548 1091 746 1145 babitaculum
761 1091 884 1162 Spiritus
895 1106 957 1144 sau·

110 1180 148 1234 cti
164 1180 384 1249 sempiternum.
401 1181 502 1234 Amen,

146 1269 293 1333 Quatenus
322 1268 371 1321 tali
398 1268 560 1322 habitatore
584 1268 753 1339 gaudentes,
793 1273 821 1323 ot
848 1267 957 1338 Spiritu

111 1362 210 1412 sancto
227 1356 378 1419 ferventes,
403 1357 478 1410 inter
494 1358 638 1412 mundana
655 1357 822 1412 discrimina
845 1374 959 1428 semper

112 1445 236 1501 ccelestia
262 1445 439 1513 desideretis,
462 1451 490 1498 et
514 1445 550 1499 ad
575 1446 635 1499 baec
668 1446 843 1517 quandoque
863 1447 956 1517 possi·

112 1533 207 1590 denda
225 1533 371 1604 pervenire
388 1532 513 1605 possitis.
529 1536 630 1588 Amen.

149 1621 231 1688 Quod
247 1621 318 1692 ipse.

322 1742 349 1781 B·
373 1741 405 1781 lut
429 1742 595 1782 TilllllleQ
612 1742 747 1783 asturio

1356 1670 1405 1724 Die
1420 1669 1508 1723 tertio.

1048 1761 1207 1817 Misericors
1231 1763 1260 1813 et
1287 1756 1438 1813 miserator
1453 1755 1604 1821 Dominus,
1632 1752 1855 1825 benignissimus

455 1835 507 1889 Die
519 1836 619 1904 imm·
1013 1853 1148 1908 humanae
1158 1848 1259 1904 salutis
1268 1852 1388 1914 amator,
1405 1860 1457 1900 sua
1471 1843 1672 1900 benedictione
1682 1858 1735 1896 vos
1745 1841 1854 1896 inbono

148 1938 232 2006 Deus,
248 1937 298 2008 qui
313 1942 449 2009 operatur
464 1939 494 1993 in
509 1939 613 1994 sanctis
628 1938 686 1994 suis
701 1944 730 1995 et
743 1940 815 1995 velle
831 1945 859 1995 et
872 1941 959 2012 parfi-
1014 1939 1173 2007 confirmet,
1195 1943 1223 1992 et
1245 1936 1283 1992 ad
1309 1941 1425 1992 aeterna
1451 1931 1639 1988 beatitudinis
1654 1930 1856 2001 perfectionem

112 2042 176 2080 cere
203 2042 256 2096 pro
277 2027 352 2080 bona
379 2027 537 2094 voluntate,
569 2028 752 2082 devotionem
780 2035 903 2084 vestram
923 2031 959 2086 ad
1013 2026 1460 2097 rotarestraperducat.Amen.

113 2114 325 2185 exsequendam
347 2115 480 2170 saltaturis
501 2116 681 2170 abstinentiae
707 2117 880 2172 medicinam
907 2135 960 2174 sua
1049 2122 1141 2189 acque
1154 2114 1357 2187 temporalium
1371 2112 1493 2183 injurias
1510 2109 1714 2175 afflictionum,
1731 2122 1797 2178 quae
1809 2121 1855 2178 pro

113 2204 215 2258 excitet
249 2203 434 2258 miseratione
482 2208 510 2259 et
545 2205 710 2260 corroboret
746 2204 958 2262 benedictione.
1014 2206 1175 2262 excessibus
1195 2203 1295 2258 vestris
1319 2201 1480 2257 necessaria
1502 2198 1664 2269 disciplinae
1688 2194 1857 2251 emendatio

113 2298 213 2347 Amen·
1014 2298 1059 2351 nis
1080 2294 1243 2367 provisione
1266 2292 1387 2362 irrogat,
1410 2290 1450 2344 ita
1478 2287 1633 2354 modificet,
1653 2290 1686 2340 ut
1701 2284 1855 2340 etadrersa

148 2379 259 2450 Quique
279 2379 399 2450 castigat
419 2395 536 2435 omnem
560 2381 652 2436 lilium
672 2398 758 2453 quem
773 2383 884 2454 recipit,
900 2400 961 2438 non
1013 2401 1065 2456 per
1078 2381 1273 2438 fortitudinem
1290 2379 1380 2434 animi
1395 2378 1513 2433 sufferre
1532 2373 1657 2446 possitis,
1675 2378 1705 2427 et
1724 2386 1855 2444 prospera

114 2485 163 2522 vos
184 2468 312 2538 patiatur
329 2468 359 2522 in
379 2468 500 2540 ilagellis
520 2485 585 2540 quoe
601 2486 748 2525 meremur
769 2472 959 2542 impatientia
1014 2472 1076 2525 sine
1090 2470 1196 2525 mentis
1208 2466 1391 2524 enervatione
1412 2466 1443 2521 in
1460 2464 1618 2538 gratiarum
1633 2463 1780 2517 actionem
1802 2475 1855 2515 rer·

114 2558 182 2612 vitio
202 2557 338 2624 titubare,
355 2559 405 2613 sed
427 2559 462 2612 ad
482 2575 562 2613 suam
588 2559 672 2614 iaciat
695 2560 833 2631 pietatem
857 2562 961 2616 humili
1014 2560 1091 2615 tatis.
1109 2562 1211 2613 Amen.

113 2646 320 2717 supplicatione
335 2647 499 2718 confugere.
516 2650 616 2702 Amen.
1050 2650 1201 2705 Convertat
1228 2647 1336 2701 luctum
1363 2649 1489 2698 restrum
1517 2640 1700 2712 ingaudium
1723 2637 1849 2710 spiritale,

151 2737 182 2789 Et
198 2735 248 2806 qui
263 2735 447 2805 fragilitatem
466 2735 602 2790 humanae
627 2737 960 2809 mutabilitatis‚utpote
1015 2743 1041 2793 et
1065 2739 1105 2792 ita
1132 2754 1180 2791 ros
1204 2735 1234 2788 in
1262 2751 1292 2789 se
1319 2733 1444 2800 credere,
1469 2733 1504 2786 de
1532 2747 1561 2784 se
1577 2745 1703 2800 sperare,
1720 2741 1851 2782 scamare

113 2830 235 2891 creator,
252 2824 391 2896 agnoscit,
413 2825 554 2880 auxilium
570 2842 655 2880 suum
671 2826 754 2881 bouis
770 2826 958 2881 inchoationi·
1014 2825 1162 2889 concedat,
1178 2827 1208 2877 ut
1219 2821 1312 2893 specie
1328 2837 1400 2875 acrae
1415 2818 1450 2892 [s.
1468 2819 1663 2889 sacrrelatque
1685 2820 1798 2869 aeterna
1815 2811 1848 2864 ri-

113 2913 167 2968 bus
177 2913 276 2968 vestris
291 2914 496 2982 accommodet,
513 2919 544 2968 ut
556 2914 619 2985 ipso
635 2916 788 2986 duce,quo
798 2915 959 2982 incitatore,
981 2914 1105 2990 Csionis
1133 2927 1191 2966 suae
1217 2927 1266 2964 vos
1299 2905 1475 2979 perfectione
1499 2903 1644 2959 beatificet
1674 2916 1705 2955 ac
1729 2901 1846 2954 coronet

114 3018 179 3073 quae
193 3002 228 3056 ad
254 3017 352 3057 veram
375 3003 496 3058 salutem
512 3005 666 3073 pertinent,
688 3002 843 3075 peragatis.
868 3007 959 3059 limen
1013 3006 1114 3056 Amen.

149 3090 231 3155 Quod
246 3090 317 3162 ipse,
1049 3091 1129 3156 Quod
1144 3088 1214 3160 ipse.

551 3539 1067 3647 PRAEFATIONES
1099 3539 1438 3656 ANTIQUAE

767 3764 846 3832 PER
869 3764 968 3830 ANNI
994 3762 1207 3830 CIRCULUM.

1013 4061 1078 4184 sr
1094 4050 1835 4185 assuissearesceres

152 4198 206 4277 llas
232 4212 348 4268 quoque
367 4200 563 4278 'halationes
599 4201 851 4255 sacramentorum
885 4201 959 4256 libro
981 4173 1161 4281 Diribitate,
1182 4172 1215 4255 de
1230 4200 1384 4281 apostolis,
1407 4170 1441 4280 d’e
1463 4204 1559 4254 sancta
1572 4167 1671 4265 Crube,
1688 4205 1716 4252 et
1738 4193 1835 4265 dejeju

114 4266 252 4336 adjecisse
270 4283 300 4320 se
319 4268 418 4322 scribit
435 4270 597 4324 Grrmaldus
625 4271 721 4325 abbas.
739 4293 754 4321 a
780 4273 960 4338 Praefutiones
1015 4288 1063 4326 mo
1084 4271 1334 4343 quadragesimali.
1362 4270 1469 4336 Quibus
1495 4275 1593 4341 postea
1608 4271 1689 4339 (teste
1711 4263 1834 4343 Radolpbt

135 4352 210 4401 ⁰rr02
228 4337 333 4407 inquit.
352 4338 381 4392 in
396 4338 453 4393 flue
469 4338 555 4408 hujus
573 4342 722 4410 posuimus
749 4343 861 4410 codicis,
880 4348 910 4398 ut
924 4343 959 4399 ab
1015 4343 1076 4396 loco
1100 4359 1174 4413 sape
1200 4342 1294 4411 citato)
1319 4342 1450 4396 Urbanus
1465 4342 1501 4408 ll,
1519 4340 1548 4394 iu
1564 4340 1686 4393 concilio
1706 4340 1835 4393 ulamma

114 4407 161 4531 ,s
174 4407 782 4550 silatst„ratisratis
797 4419 959 4538 tuiti·
1014 4413 1387 4538 triturare:
1404 4404 1832 4550 talesialassat:

164 4519 170 4532 .
947 4514 959 4525 ·
1826 4512 1833 4537 ¹

114 4548 266 4628 lectantur,
286 4564 339 4629 nec
360 4566 417 4604 uon
434 4557 462 4605 et
483 4552 518 4606 ab
533 4553 577 4607 his
597 4498 649 4624 quq
662 4524 712 4608 eas’
727 4556 835 4620 volunt,
852 4571 904 4609 nec
920 4561 959 4609 ta·
1013 4501 1085 4609 unffi
1103 4554 1197 4609 obstat
1209 4500 1364 4625 quAEinus
1390 4570 1423 4608 er
1439 4498 1573 4608 ggvotine
1597 4552 1732 4623 privatim
1757 4551 1834 4618 tegeo-

114 4634 181 4672 meu
201 4619 376 4689 intelligunt,
398 4622 542 4691 poscimus
565 4630 598 4678 ut
624 4640 676 4678 nec
698 4630 881 4680 assumantur
906 4642 958 4680 nec
1013 4632 1068 4692 tur,
1086 4625 1242 4680 dummodo
1266 4624 1296 4678 in
1327 4625 1440 4696 publico
1463 4624 1558 4678 miesae
1576 4622 1714 4676 sacrificio
1736 4624 1832 4691 prater·

113 4695 288 4745 canantur.»
313 4691 441 4755 Quarum
459 4701 557 4748 tamen
582 4695 783 4750 Praeiotionum
808 4698 958 4767 plerasque
1012 4696 1177 4762 mittantur3
1199 4699 1228 4749 et
1251 4710 1316 4749 oum
1345 4696 1379 4749 de
1395 4694 1567 4766 antiquitate
1591 4693 1708 4747 illorum
1734 4681 1832 4746 constal

114 4776 178 4814 mea
192 4760 309 4841 quidem
324 4763 476 4832 sententia,
492 4764 635 4820 Grimaldo
650 4771 678 4821 et
693 4767 754 4836 ipso
770 4768 802 4821 D.
818 4766 956 4846 Gregorio
1010 4783 1068 4820 nou
1081 4783 1138 4820 uno
1156 4771 1233 4821 certe
1248 4766 1309 4820 loco
1322 4766 1408 4820 tidem
1419 4765 1589 4819 catholicam
1609 4768 1711 4818 contra
1724 4761 1832 4817 adrem·

113 4834 282 4887 vetustiores
314 4847 384 4899 esse,
420 4833 479 4887 imo
514 4835 674 4891 Gelasianas
698 4843 727 4891 et
754 4837 957 4892 Ambrosianus
1010 4837 1067 4890 rios
1096 4839 1238 4891 asserunt.
1263 4837 1470 4898 ambrosianis,
1488 4840 1519 4889 ut
1541 4835 1695 4900 credimus,
1725 4839 1754 4888 et
1772 4827 1831 4886 tiele·

112 4903 284 4972 complures,
307 4908 340 4958 ut
354 4903 467 4958 credam
488 4906 531 4959 vel
548 4907 620 4961 illud
641 4923 687 4960 me
708 4908 797 4961 movit
811 4907 888 4978 quod
904 4907 956 4962 ha·
1010 4906 1327 4962 sianisPrreiationibus
1357 4909 1381 4960 Α
1407 4906 1471 4962 otG
1491 4905 1654 4974 litterasue
1672 4905 1707 4959 iis
1736 4907 1831 4974 quas⁶¹

112 4987 178 5026 rum
190 4973 345 5027 nonnullas
355 4973 430 5028 inter
444 4974 646 5031 Ambrosianus
670 4979 838 5047 repererim,
862 4994 951 5049 usque
1010 4994 1077 5032 mss.
1116 4978 1261 5033 codicibus
1297 4993 1397 5032 recens
1428 4976 1582 5043 edidimus,
1623 4977 1675 5032 lis.
1709 4973 1830 5046 prosola·

113 5043 183 5096 adeo
197 5047 228 5096 ut
248 5058 295 5097 eas
306 5059 367 5097 esse
388 5045 529 5099 duntaxat
541 5047 679 5102 Grimaldi
693 5053 742 5101 aut
756 5049 868 5103 Alcuini
884 5048 954 5102 mihi
1009 5049 1112 5103 vimus.

112 5113 300 5183 persuadeam
319 5130 390 5185 quas
411 5115 493 5170 uncis
503 5117 680 5172 inclusimus.
705 5117 827 5185 Caeteros
851 5135 885 5173 ex
908 5134 955 5173 ea·
1361 5162 1363 5167 Α

110 5199 176 5239 rum
195 5198 316 5264 numero
339 5200 400 5240 esse
428 5200 530 5241 censeo
559 5188 593 5242 de
617 5189 721 5259 quibus
745 5189 780 5244 ad
807 5190 954 5260 episcopos
1054 5217 1056 5221 ,
1185 5186 1430 5244 PRAEFA'llONES
1442 5187 1486 5243 DE
1504 5187 1679 5243 TEMPORE.

111 5255 271 5309 Germaniae
286 5259 315 5309 ot
328 5255 426 5310 Galliae
443 5257 543 5312 scribit
555 5258 587 5312 lt.
605 5257 735 5328 Gregorii
753 5259 885 5314 decessor
901 5261 953 5314 Pe·

109 5324 250 5393 lagiusll‚
280 5341 346 5380 cum
379 5326 576 5383 Praelationem
601 5328 810 5400 quotidianam,
845 5330 953 5384 caeteris
1150 5341 1181 5382 lu
1201 5341 1328 5382 viciari
1348 5339 1711 5382 uarrviririsooiiiur.

110 5394 318 5463 pretermissis,
343 5412 446 5451 norem
462 5399 663 5454 tantummodo
679 5399 896 5471 prefationibus
911 5416 954 5455 se·

109 5464 235 5518 cundum
250 5467 401 5538 antiquom
425 5469 587 5525 Romanum
610 5470 741 5527 ordinem
770 5476 950 5538 commutari·
1041 5468 1163 5540 (Amor.)
1185 5471 1299 5524 AEterne
1326 5470 1410 5524 Deus.
1437 5470 1491 5524 Per
1527 5468 1671 5524 Christum
1700 5465 1832 5525 uoniam
