3930 6098
49 262 84 316 73
585 262 631 320 DE
650 257 987 319 PRAEDESTleTlOllll
1005 258 1074 314 otti.
1094 287 1127 298 -
1149 257 1215 314 LlB.
1235 258 1271 315 11.
1768 261 1803 317 74

49 390 179 446 scientiae
198 392 331 448 conclusa
345 391 464 449 inerunt
479 407 486 449 :
500 392 540 448 sic
555 408 671 466 quoque
688 397 716 448 et
731 408 825 466 poena,
842 393 935 464 quat
955 387 1071 453 tuerint,
1091 390 1166 443 Deus
1196 389 1376 461 cognoverit,
1403 394 1432 446 et
1457 389 1574 461 ultionis
1601 391 1756 450 vindictam
1771 394 1802 450 iu

46 478 171 550 judicati
192 485 271 555 stant,
294 497 354 537 non
378 485 532 553 postquam
559 498 712 554 peccavere
732 480 900 536 aternitatis
955 476 1220 549 predestinationis
1235 493 1292 532 sure
1303 477 1412 548 judicio
1430 485 1586 553 antequam
1610 498 1658 538 eos
1672 500 1803 556 compre·

50 569 174 623 consilio
195 574 335 642 concepta
354 573 407 639 est,
432 571 481 626 sed
495 571 569 626 sicut
590 571 641 626 Dei
657 570 804 626 scientiam
822 585 900 624 nuu—
955 568 1104 636 henderet,
1122 567 1291 639 dispositam
1305 567 1457 625 habuerit?
1471 570 1520 625 sed
1538 571 1631 627 carnis
1655 573 1803 630 desideriis

49 672 137 729 quam
153 659 345 714 eorumlucta
364 660 522 728 latuerunt,
545 660 586 715 sic
611 676 771 732 necpoeuae
787 658 899 725 modus,
955 656 1142 713 inservientes
1165 656 1334 724 Sodomita,
1357 656 1392 712 ad
1425 661 1505 713 tanta
1527 660 1634 716 scelera
1660 676 1804 736 prorupe-

51 744 101 816 qui
125 744 292 816 taliagesta
315 745 532 815 damnarentur,
555 746 646 802 divini
669 744 901 818 predestinatio-
956 749 1033 814 runt,
1048 750 1080 800 ut
1098 761 1199 801 eorum
1224 745 1328 801 merito
1356 745 1463 801 coelesti
1488 746 1556 818 igne
1582 749 1803 822 conflagrarent.

50 848 118 887 nem
136 833 239 904 judicii
261 834 418 905 aliquando
439 834 605 905 praeterivit.
632 835 738 889 Verum
762 832 900 905 quemad·
957 836 1033 890 Fons
1055 834 1145 907 igitur
1175 838 1203 890 et
1223 834 1304 906 origo
1330 839 1479 891 tantorum
1506 836 1645 893 scelerum
1673 841 1804 913 voluptas

49 921 172 977 modum
187 923 363 978 aeternaloit
387 922 502 979 illorum
518 923 659 978 scelerum
675 921 804 989 scientia,
819 921 858 977 ita
873 925 903 977 et
957 923 1050 979 earnis
1075 922 1194 992 exstitit;
1209 927 1319 979 atvero
1345 929 1528 996 peccatorum
1557 927 1647 982 moles
1672 929 1805 987 vindictae

49 1009 171 1065 definita
194 1010 226 1066 in
256 1011 374 1067 secretis
396 1012 559 1067 coelestihus
583 1028 677 1084 poenm
699 1010 857 1066 sententia:
874 1014 903 1065 et
957 1012 1267 1068 sententiamextorsit.
1292 1014 1348 1068 Nec
1362 1013 1608 1086 praedestinationi
1631 1033 1700 1089 ergo
1715 1019 1805 1074 ascri-

51 1099 124 1153 sicut
137 1099 325 1171 praescientia
339 1100 467 1157 veritatis
481 1116 539 1157 non
554 1116 603 1156 eos
616 1099 733 1173 impulit
747 1099 782 1155 ad
797 1099 902 1171 nequi·
957 1101 1083 1157 bendum
1094 1108 1137 1158 cst
1151 1103 1227 1174 quod
1236 1102 1359 1174 periere,
1373 1119 1425 1158 nec
1439 1104 1600 1176 praescienti
1615 1106 1692 1178 quod
1706 1123 1804 1179 pecca·

51 1187 132 1256 tiam,
148 1187 190 1243 ita
204 1205 258 1243 nec
271 1188 486 1261 praedestinatio
502 1188 597 1260 coegit
611 1188 646 1244 ad
664 1203 791 1259 paenam.
818 1186 902 1242 lleni-
957 1206 1033 1245 vere.
1050 1192 1186 1263 AEgyptus
1203 1191 1254 1246 Dei
1274 1191 1416 1262 populum
1429 1191 1500 1263 jugo
1522 1192 1727 1251 dominationis
1741 1211 1805 1267 pre·

51 1292 108 1348 que
139 1276 385 1348 concupiscentiae
399 1280 509 1334 malum
536 1277 622 1333 traxit
649 1292 697 1332 eos
726 1276 761 1332 ud
777 1277 902 1348 culpam,
958 1279 1022 1348 mit,
1038 1281 1136 1337 labore
1146 1280 1291 1336 servitutis
1309 1279 1421 1352 alssigit,
1434 1280 1591 1339 liberorum
1606 1283 1807 1341 interlectione

51 1365 136 1437 eulpa
150 1365 230 1420 misit
246 1367 283 1421 ad
298 1381 423 1438 paenam.
447 1368 536 1422 Porro
552 1365 690 1422 Divinitas
715 1362 905 1438 quemadmo·
957 1369 1088 1439 percellit
1104 1386 1110 1425 :
1127 1371 1237 1441 Moyses
1247 1369 1383 1437 mittitur,
1395 1373 1427 1424 ut
1441 1370 1566 1442 populus
1581 1371 1632 1427 Dei
1642 1372 1806 1428 dimittatur

52 1453 123 1508 dum
149 1454 232 1509 omui
255 1454 383 1510 scientiae
407 1444 550 1527 sapientia
569 1472 621 1511 sua
645 1455 725 1510 novit
740 1454 847 1521 omnia,
865 1453 904 1507 sic
959 1457 1057 1528 (Eroti.
1087 1475 1135 1513 vru
1159 1464 1183 1514 ct
1209 1462 1288 1529 seq).
1317 1459 1427 1513 Pharao
1456 1459 1619 1531 induratur,
1647 1466 1680 1517 ut
1707 1462 1806 1517 multis

54 1542 386 1599 universitatisconsilio
412 1544 542 1616 disponit
561 1545 705 1612 universa,
730 1547 759 1598 et
782 1542 903 1613 quate·
958 1546 1052 1617 plagis
1079 1546 1216 1618 AEgyptus
1250 1545 1384 1612 feriatum
1425 1547 1578 1603 novissime
1614 1549 1808 1622 primogenita

52 1637 152 1686 cturus
167 1636 210 1686 est
225 1632 257 1687 in
280 1637 421 1704 tempore,
450 1633 481 1688 in
506 1632 674 1689 aternitatis
699 1631 819 1687 consilio
843 1631 904 1701 jem
960 1634 1157 1706 AEgyptioruru
1174 1633 1351 1703 occiduntur,
1363 1639 1392 1689 et
1406 1635 1523 1691 tandem
1539 1637 1626 1693 lsrael
1641 1638 1805 1694 dimittitur.

52 1719 251 1789 predestinati
265 1722 432 1776 consistunt.
448 1721 570 1778 Proinde
586 1736 701 1793 quoque
717 1720 902 1793 supplicium,
921 1701 942 1757 B
961 1725 1070 1780 Rursus
1097 1723 1243 1794 AEgyptios
1268 1723 1437 1794 poenitentia
1459 1724 1576 1795 invadit,
1606 1726 1740 1782 lsraelem
1761 1726 1807 1782 di-

54 1820 113 1875 quo
128 1804 251 1860 tuncilti
262 1807 392 1863 mulctati
402 1812 479 1875 sunt,
490 1808 520 1863 iu
534 1811 642 1862 veterna
654 1806 906 1878 predestinatione
959 1811 1079 1867 missum
1094 1811 1265 1883 insequitur,
1282 1811 1410 1883 pristinae
1429 1812 1559 1868 servituti
1577 1814 1719 1885 subjicere
1734 1830 1806 1886 pro-

51 1894 113 1963 jam
137 1893 287 1950 decretum
310 1897 459 1965 manebat;
486 1896 530 1952 illi
552 1911 618 1951 vero
636 1899 704 1952 tunc
728 1895 817 1951 dediti
841 1898 908 1950 sunt
960 1905 1059 1974 perat;
1085 1901 1202 1956 demum
1226 1900 1322 1955 divina
1346 1900 1492 1956 mirabilia
1517 1901 1701 1975 innovantur,
1727 1919 1807 1958 mare

55 2000 160 2056 poeuoe,
175 1985 291 2058 quaudo
302 1987 616 2043 scelerumimmanitas
630 2002 716 2059 poena
729 1986 832 2058 dignos
846 2000 906 2040 esso
960 1989 1090 2045 Rubrum
1105 1988 1244 2045 dividitur
1257 1987 1288 2044 in
1311 1987 1500 2044 similitudine
1524 2006 1684 2059 murorum,
1706 1992 1807 2048 dextra

56 2073 202 2145 patefecit.
219 2074 265 2130 Sic
272 2075 371 2149 itaque
386 2091 438 2131 nec
452 2075 635 2147 praescientia
649 2091 697 2130 eos
712 2073 853 2145 compulit
872 2073 907 2129 ad
960 2079 1089 2150 laevaque
1104 2079 1224 2150 pelagus
1244 2077 1439 2149 suspenditur,
1455 2079 1582 2134 nudatur
1601 2079 1686 2134 tellus
1701 2079 1731 2133 in
1747 2095 1808 2134 me·

56 2168 183 2231 matum,
197 2179 250 2219 nec
263 2164 479 2236 praedestinatio
494 2164 580 2220 traxit
595 2164 630 2220 ad
647 2180 772 2236 paenam.
783 2166 820 2219 At
838 2168 908 2218 tunc
961 2166 1016 2223 diis
1031 2166 1176 2233 fluctibus,
1193 2171 1221 2221 et
1232 2165 1305 2221 sicco
1321 2165 1395 2236 pede
1415 2166 1576 2222 israelitice
1600 2166 1692 2237 plebis
1708 2166 1810 2223 multi-

58 2252 228 2323 Pentepotin
242 2253 404 2309 caelestibus
419 2254 542 2309 ssammis
553 2257 724 2309 estuantem
734 2252 764 2307 in
780 2251 908 2307 medium
962 2256 1030 2313 tudo
1041 2272 1093 2328 per
1102 2259 1247 2327 patentem
1255 2255 1341 2309 maris
1351 2255 1465 2309 alveum
1479 2254 1602 2326 incedit;
1617 2255 1762 2329 AEgyptios
1771 2256 1813 2311 in-

57 2340 245 2410 deducamns,
256 2346 284 2399 et
294 2343 597 2416 causamperditionis,
609 2348 637 2398 et
649 2342 780 2399 vindicte
790 2340 909 2414 quatita·
961 2346 1112 2417 sequentes
1129 2343 1272 2400 undarum
1287 2343 1406 2398 vortices
1423 2344 1559 2412 obruunt,
1575 2344 1677 2400 tluctus
1691 2344 1811 2413 invadit,

56 2433 117 2483 tem
130 2429 328 2501 inspiciamus.
345 2432 416 2487 Cum
430 2432 507 2487 enim
528 2431 658 2487 omnium
673 2430 851 2503 turpitudine
867 2429 907 2483 vi·
961 2434 1081 2507 pelagus
1096 2432 1238 2499 absorbet,
1265 2431 1298 2488 iit
1311 2431 1442 2487 mirabile
1457 2432 1533 2488 inter
1556 2432 1619 2505 pios
1648 2432 1810 2506 impiosque

56 2518 168 2574 tiorum
181 2519 389 2589 detinerentur,
404 2536 457 2575 nec
468 2524 542 2576 esset
555 2520 665 2576 facinus
681 2537 739 2593 quo
756 2536 813 2575 non
825 2535 909 2574 vexa·
963 2522 1116 2579 discrimen
1132 2538 1139 2577 :
1156 2521 1225 2577 istos
1235 2521 1352 2593 abyssus
1366 2520 1478 2591 liberat,
1491 2522 1556 2577 illos
1568 2521 1709 2594 demergit
1723 2538 1730 2577 ε
1744 2522 1812 2578 istos

57 2613 161 2662 rentur
175 2625 183 2662 :
199 2613 279 2664 erant
290 2608 368 2664 euim
383 2609 518 2682 superbia
532 2609 647 2678 tumidi,
664 2608 770 2664 ventris
783 2605 909 2678 ingluvie
964 2610 1068 2686 placito
1084 2627 1183 2683 gressu
1200 2610 1228 2664 iu
1246 2610 1327 2665 littus
1339 2610 1468 2681 exponit,
1484 2610 1548 2665 illos
1559 2628 1664 2684 vorago
1674 2610 1813 2682 profundi

56 2697 180 2770 turgidi,
210 2697 331 2753 luxuria
358 2698 482 2754 faeditate
511 2698 651 2770 corrupti,
687 2695 840 2753 otiositatis
865 2712 911 2750 vc·
964 2703 1223 2757 mersosretentat.
1240 2699 1285 2754 Sic
1306 2699 1730 2772 Omnipotentismisericordia
1749 2701 1813 2772 pios

57 2786 278 2858 ternogravati,
303 2786 523 2843 inhumanitatis
546 2787 660 2844 feritate
684 2786 759 2855 duri,
782 2785 908 2856 hospito—
963 2791 1074 2858 liberat,
1091 2794 1119 2845 et
1147 2804 1267 2844 censura
1292 2787 1398 2859 judicis
1420 2787 1525 2860 impios
1558 2790 1685 2844 damnat.
1708 2790 1774 2844 llaec
1789 2788 1813 2844 si

58 2876 149 2931 litatis
162 2875 341 2948 benignitate
356 2877 452 2944 alieni,
469 2880 615 2932 tantorum
640 2877 780 2931 scelerum
802 2875 910 2930 tumul·
963 2880 1052 2935 libeat
1070 2877 1237 2949 diligentius
1254 2877 1370 2943 intueri,
1386 2877 1548 2933 videbimus
1563 2883 1592 2933 et
1619 2878 1812 2934 israelitarum

57 2970 104 3020 tus
118 2980 286 3036 aerasupra
300 2966 387 3034 volat,
402 2967 494 3022 nubes
509 2965 622 3029 scindit,
639 2966 742 3021 coelum
763 2961 908 3032 irrumpit,
925 3005 945 3061 c
966 2966 1150 3023 afflictionem
1164 2971 1193 3021 et
1207 2964 1416 3034 liberationem,
1433 2970 1461 3020 et
1475 2966 1674 3038 AEgyptiorum
1688 2965 1813 3021 crudeli·

59 3060 89 3109 et
103 3070 198 3126 usque
213 3053 247 3109 ad
263 3054 368 3109 solium
378 3054 483 3110 divinae
496 3055 655 3126 majestatis
666 3053 810 3126 procurrit
824 3050 910 3107 :hinc
965 3061 1065 3121 tatem,
1081 3059 1110 3110 et
1124 3053 1403 3120 condemnationem,
1417 3057 1445 3108 et
1465 3054 1495 3108 iu
1517 3055 1697 3126 praescientia
1716 3054 1815 3109 divina

60 3160 94 3199 ex
109 3159 237 3216 persona
264 3143 382 3215 superni
408 3143 513 3215 judicis
539 3144 680 3199 Geneseos
704 3142 788 3196 lectio
817 3139 909 3195 dicit:
965 3145 1046 3209 olim,
1062 3143 1159 3211 luisse,
1174 3146 1202 3196 et
1214 3140 1338 3213 qualiter
1353 3141 1388 3196 de
1410 3145 1532 3212 utroque
1548 3143 1655 3213 populo
1679 3145 1815 3212 ageretur

61 3255 76 3283 ‹
97 3232 216 3288 memor
232 3231 425 3289 Sodomorum
444 3231 524 3287 venit
551 3232 585 3287 ad
605 3247 661 3299 me,
685 3228 855 3287 descendam
884 3230 913 3281 et
965 3229 1204 3304 praedestinatum
1220 3245 1291 3285 esse.
1320 3229 1365 3284 bd
1391 3228 1534 3285 Abraham
1564 3231 1638 3285 neus
1661 3228 1812 3301 loquitur:

61 3321 190 3378 videbo:
215 3325 313 3376 utmm
340 3322 496 3376 clamorem
523 3320 573 3394 qui
600 3319 679 3375 venit
703 3319 738 3375 ad
754 3334 800 3372 me
825 3331 911 3389 opere
969 3320 1073 3376 «Scito
1095 3334 1285 3391 praenoscens,
1314 3318 1394 3390 quod
1418 3318 1606 3390 peregrinum
1630 3318 1759 3374 futurum
1778 3316 1815 3374 sit

61 3408 285 3481 compleverint,
301 3425 339 3465 au
351 3425 410 3464 non
425 3414 469 3465 est
483 3409 533 3479 ita,
547 3414 579 3465 ut
593 3408 681 3464 sciam
699 3430 709 3458 r
737 3406 813 3479 (dea.
833 3422 911 3472 avus,
966 3425 1064 3464 semen
1079 3414 1162 3463 tuum
1176 3406 1208 3461 in
1223 3411 1298 3461 terra
1312 3422 1371 3462 uon
1384 3423 1445 3474 sua,
1461 3406 1651 3480 atsubjicient
1672 3406 1813 3476 servituti,

62 3501 108 3570 20,
122 3497 181 3571 2¹).
199 3497 336 3569 Nunquid
352 3498 377 3553 is
387 3514 473 3571 quem
485 3498 556 3553 nihil
573 3498 652 3565 latet,
668 3500 697 3551 et
712 3495 747 3551 de
763 3511 820 3567 quo
841 3493 912 3548 scri·
967 3503 995 3554 et
1010 3497 1140 3568 affligent
1162 3494 1382 3567 quadriugentis
1397 3496 1480 3550 annis
1496 3512 1503 3551 :
1527 3501 1726 3552 verumtamen
1748 3511 1816 3566 gen-

63 3588 141 3642 bitur
156 3587 238 3659 quod
252 3587 350 3642 omnia
364 3588 442 3643 nuda
455 3592 484 3642 et
496 3592 595 3659 aperta
617 3584 675 3640 siut
687 3585 776 3640 oculis
793 3583 864 3654 ejus,
885 3585 913 3637 et
966 3591 1037 3654 tem,
1053 3585 1100 3640 cui
1129 3584 1280 3639 servierint
1294 3599 1347 3655 ego
1369 3583 1514 3655 judicabo,
1528 3589 1557 3640 et
1576 3589 1642 3657 post
1667 3585 1720 3641 boc
1734 3587 1817 3656 tegre

64 3675 424 3731 nonestnullacrcatura
449 3674 600 3731 invisibilis
622 3674 652 3729 in
674 3677 828 3745 conspectu
852 3671 914 3742 ejus
969 3675 1164 3731 dienturcum
1196 3689 1301 3744 magna
1330 3672 1489 3728 substantia
1515 3673 1588 3745 (Gen.
1617 3673 1673 3745 av).
1695 3695 1709 3724 »
1735 3674 1815 3728 Nou·

67 3765 155 3835 tueor.
177 3780 216 3833 rv,
249 3765 305 3836 te),
336 3763 482 3819 nesciebat
509 3779 598 3835 opera
624 3759 858 3820 Sodomitammt
887 3763 915 3815 et
969 3762 1218 3830 dumnotierant,
1240 3765 1269 3816 et
1290 3760 1430 3816 adhucin
1454 3761 1561 3815 lumbis
1580 3760 1814 3817 Abrahrecousi·

68 3851 587 3924 paucoromhominumnonvidebat
608 3856 697 3921 actus,
723 3851 803 3922 cujus
817 3849 914 3904 oculus
969 3852 1092 3919 stabant,
1117 3854 1145 3905 et
1169 3850 1230 3920 jam
1257 3848 1391 3903 servituri
1421 3848 1626 3920 predicuntur,
1649 3850 1711 3921 jam
1743 3848 1815 3904 libe·

72 3942 278 4014 contemplatur
299 3940 393 3996 bonos
415 3945 444 3996 et
456 3941 554 3996 malos.
580 3940 635 3996 Sed
661 3939 823 3996 dissimulat
844 3937 915 3992 scire
969 3940 1052 3996 randi
1067 3938 1286 4011 promittuntur,
1298 3936 1360 4007 jam
1374 3938 1512 4009 AEgyptus
1524 3936 1679 4008 judicanda
1694 3936 1816 3992 commi·

75 4030 141 4100 qnod
167 4045 231 4085 non
260 4029 321 4084 vult
345 4028 452 4095 videre,
489 4035 518 4085 et
540 4027 649 4085 mavult
680 4028 814 4100 ignorare
838 4025 917 4099 quod
970 4032 1065 4085 natur.
1080 4027 1122 4083 Ad
1138 4027 1252 4099 lloyscu
1277 4041 1401 4098 quoque,
1423 4042 1488 4081 cum
1513 4025 1642 4081 mitteret
1661 4041 1727 4080 eum
1743 4027 1817 4080 Deus

78 4123 147 4188 optat
158 4133 221 4173 non
234 4117 352 4189 punire.
368 4117 459 4182 Quam
476 4118 512 4173 sit
525 4122 620 4174 autem
631 4116 783 4190 pronusad
793 4116 915 4184 veniam,
971 4120 1135 4190 AEgyptum,
1147 4116 1188 4171 sic
1203 4114 1332 4188 loquitur
1349 4130 1356 4169 :
1373 4133 1387 4167 v
1403 4114 1575 4186 ingredieris
1588 4118 1630 4182 tu,
1640 4113 1676 4186 let
1688 4114 1818 4170 seniores

80 4209 99 4258 at
110 4206 235 4262 dilticilis
250 4206 446 4277 adjultionem
456 4207 634 4275 ostenditur,
650 4222 714 4261 cum
730 4208 848 4277 propter
868 4203 917 4259 de·
971 4206 1058 4262 lsrael
1073 4206 1109 4261 ad
1126 4220 1223 4276 regem
1238 4203 1368 4275 AEgypti;
1386 4207 1415 4258 et
1428 4203 1504 4259 dices
1518 4203 1553 4258 ad
1570 4219 1658 4259 eum:
1678 4203 1818 4259 Dominus

83 4295 420 4366 oemjustosvultmultis
444 4293 572 4350 millibus
592 4310 710 4366 parcere
734 4297 916 4366 peccatorum
932 4304 955 4360 1)
974 4296 1050 4351 Deus
1066 4294 1252 4350 Hebraeorum
1281 4291 1466 4357 vocavitnos,
1493 4291 1599 4348 ibimus
1625 4291 1700 4348 viam
1729 4292 1818 4348 trium

86 4381 146 4450 tica.
160 4400 241 4454 rvur,
257 4384 311 4452 32),
337 4383 537 4456 Quidffimultai
561 4381 611 4439 ubi
624 4384 773 4439 universos
789 4398 845 4437 uno
868 4381 920 4437 im·
974 4382 1086 4438 dierum
1102 4396 1154 4452 per
1167 4379 1363 4447 solitudinem,
1380 4380 1612 4460 ut-immolemns
1626 4381 1747 4437 Domino
1763 4382 1819 4437 [leo

87 4472 296 4538 tetucernitad
311 4473 431 4542 malum,
448 4472 635 4528 necintauta
661 4470 845 4527 multitudine
864 4468 919 4525 ali·
973 4474 1081 4525 nostro.
1110 4467 1165 4523 Sed
1189 4484 1243 4539 ego
1270 4467 1327 4523 scin
1355 4468 1432 4542 quod
1458 4484 1517 4524 non
1543 4468 1668 4525 dimittet
1694 4486 1744 4525 vos
1770 4486 1819 4524 rex

88 4560 135 4627 quis
148 4561 368 4633 invenitur,qui
381 4562 416 4617 de
428 4562 622 4634 maloqurerat
632 4562 667 4617 ad
681 4560 789 4617 bonum
804 4558 917 4629 reverti,
973 4557 1099 4631 AEgypti,
1114 4556 1170 4612 nisi
1185 4572 1237 4629 per
1252 4572 1371 4613 manum
1395 4557 1519 4615 validam
1536 4575 1543 4613 ε
1566 4559 1717 4614 extendam
1742 4558 1821 4614 enim

89 4649 192 4704 celestis
218 4648 351 4705 ilammas
381 4656 498 4706 cunctos
525 4651 640 4718 inoluit,
663 4655 691 4706 et
716 4649 919 4721 scelerepares
975 4663 1092 4703 manum
1116 4662 1221 4712 meam,
1247 4650 1276 4701 et
1289 4645 1448 4718 percutiam
1476 4649 1630 4720 AEgyptum
1656 4649 1687 4702 in
1711 4646 1822 4704 cunctis

90 4738 264 4802 mundicta
277 4739 433 4794 consumit.
449 4739 478 4795 Si
503 4740 577 4795 iacta
600 4755 716 4795 reorum
737 4737 919 4794 consideren—
975 4734 1153 4790 mirabilibus
1178 4733 1261 4801 meis,
1290 4750 1356 4805 quoe
1378 4736 1505 4790 facturus
1522 4735 1628 4791 eumin
1653 4737 1750 4792 medio
1769 4753 1822 4792 eo-

90 4829 128 4894 tvr,
147 4827 216 4899 quid
227 4828 343 4900 justius,
355 4829 555 4900 quamtalium
569 4829 677 4884 scelera
691 4827 790 4899 puniri
804 4843 811 4881 :
827 4825 850 4880 si
863 4826 918 4882 cle·
974 4840 1051 4890 rum,
1068 4825 1096 4878 et
1117 4826 1183 4894 post
1204 4823 1265 4877 haec
1287 4822 1416 4879 dimittet
1435 4842 1485 4879 vos
1502 4825 1606 4894 (and.
1626 4841 1653 4881 rx
1672 4829 1698 4880 et
1709 4829 1788 4895 seq).
1808 4844 1819 4873 a

10 4965 15 4974 .
90 4918 209 4972 nenbam
239 4916 345 4988 judicis
372 4916 568 4988 respiciamus,
599 4917 668 4991 quid
698 4915 919 4982 misericordius,
976 4911 1076 4965 Nonne
1091 4908 1241 4964 manifeste
1265 4910 1404 4966 docemur
1432 4913 1558 4985 qualiter
1581 4915 1755 4986 punirentur
1773 4913 1822 4966 Ε-

10 5038 16 5049 ·
90 5016 157 5071 taam
185 5007 259 5061 tales
289 5005 365 5061 nolle
392 5005 493 5062 feriri?
521 5006 562 5061 Eu
589 5006 719 5061 ridemus
737 5005 921 5076 iniquitatem
976 4998 1068 5071 gyptii
1083 4997 1266 5069 dispositum,
1282 4998 1309 5054 id
1326 5005 1369 5056 est
1392 5001 1629 5072 predestinatum
1657 5001 1822 5057 tuisse‘tun

10 5138 17 5148 .
91 5103 187 5150 aarum
211 5094 320 5150 scelere
348 5109 401 5148 suo
425 5095 528 5150 coelum
553 5094 684 5166 fatigare,
712 5093 922 5166 superniregis
976 5087 1107 5142 aliudest
1125 5085 1276 5158 quodait:
1295 5110 1306 5138 ι
1325 5090 1484 5145 Percutiam
1500 5086 1823 5162 AEgyptumincunctis

10 5228 19 5247 ,
52 5246 54 5253 ,
93 5188 211 5238 taretum
224 5181 399 5252 irrumpere,
417 5187 446 5239 et
468 5188 565 5238 tamen
590 5183 819 5238 misericordiam
846 5182 924 5253 judi·
977 5174 1158 5231 mirabilibus
1181 5175 1262 5242 meis,
1294 5193 1360 5249 quea
1384 5179 1589 5235 iacturussum
1612 5179 1641 5232 in
1659 5175 1751 5231 medio
1781 5192 1825 5232 eo·

52 5262 54 5267 '
94 5267 276 5327 cisrindictam
292 5270 419 5337 ditlerre,
434 5270 684 5343 occasionemque
709 5276 807 5343 parcat
826 5269 922 5342 inqui·
978 5265 1091 5320 romi»
1114 5264 1375 5322 Ostenditurenim
1401 5269 1431 5324 in
1456 5265 1706 5340 predestinatione
1729 5264 1826 5321 diviua

95 5360 215 5417 amaad
244 5359 351 5416 mentis
376 5357 476 5414 oculos
500 5358 561 5431 jam
584 5360 619 5415 ad
635 5359 686 5415 Dei
713 5357 923 5431 prescientiam
977 5353 1075 5420 tuisse,
1091 5351 1195 5423 quibus
1212 5358 1241 5409 et
1266 5363 1336 5426 quot
1359 5357 1452 5429 plagis
1473 5356 1608 5410 feriretur
1634 5355 1782 5427 AEgyptus,
1797 5360 1826 5412 et

96 5443 448 5516 reteramus,etvideamus
466 5449 545 5520 quod
573 5446 786 5503 Sodomitarum
804 5447 923 5515 scelera,
979 5439 1094 5515 quando
1123 5439 1281 5498 dimitteret
1314 5441 1542 5512 lsraelem3quid
1571 5446 1615 5497 est
1643 5443 1720 5499 euim
1748 5446 1826 5517 quod

97 5536 234 5592 tonsolum
247 5538 401 5608 postquam
417 5532 501 5604 iacta,
527 5550 628 5590 verum
651 5534 820 5606 priusquam
850 5535 924 5589 lactu
980 5533 1043 5587 ait:
1062 5551 1073 5580 ι
1090 5529 1148 5600 ligo
1163 5530 1304 5586 indurabo
1318 5549 1366 5587 cor
1380 5531 1545 5597 Plraruouis,
1561 5535 1589 5584 ot
1603 5531 1769 5589 induratum
1785 5540 1828 5590 est

250 5635 391 5700 Parnon.
418 5632 521 5698 ctxt.
1652 5639 1670 5697 3
