3930 6098
106 233 156 285 aot
781 231 970 288 CONFESSIO
989 232 1179 290 ruoilxton
1807 246 1859 319 362

105 370 176 433 ces),
192 365 242 418 sed
258 362 354 434 potins
370 361 462 416 allecti
488 361 633 433 simplices
650 363 775 417 veritatis
799 368 951 428 amatores,
971 369 1067 420 Acte
1087 366 1191 436 pieque
1210 366 1277 419 setis
1294 366 1417 434 afflatus,
1440 367 1594 440 animatus,
1615 377 1751 442 armatus,
1772 376 1859 430 mise·

108 456 171 506 tota
183 452 304 523 spiritali
329 467 388 505 non
403 449 546 506 luminum
561 451 621 505 acie
634 452 824 520 considerent,
840 453 917 523 quod
934 454 956 506 si
1011 453 1218 525 ricorditerqne
1240 454 1336 519 simul,
1360 471 1391 509 ac
1413 456 1582 513 mirabiliter
1596 460 1710 532 adjutus
1727 467 1756 518 et
1768 466 1858 529 tutus,

107 541 223 596 animos
245 540 434 612 reproborum
451 555 516 609 qnae
530 538 566 593 ab
585 540 687 594 eodem
709 540 803 612 primo
825 541 957 595 videlicet
1010 540 1098 596 iratus
1115 549 1143 597 et
1163 543 1262 609 fultus,
1279 542 1402 598 fideliter
1415 544 1477 616 (tihi
1492 549 1618 617 gratias),
1635 551 1730 618 credo,
1746 551 1859 607 fortiter

105 630 178 686 Cain
192 629 228 684 ad
251 644 340 701 usque
356 627 544 683 novissimum
569 632 635 682 ante
659 627 736 682 diem
761 629 898 683 duntaxat
907 629 955 700 ju·
1009 635 1103 700 teneo,
1116 631 1253 686 veraciter
1263 636 1452 704 patenterque
1469 635 1600 702 defendo,
1618 644 1859 712 etquemounque

104 719 174 774 dicii
204 719 379 773 moriturum
411 716 446 771 dc
473 716 599 788 propriis
628 716 795 788 corporibus
822 723 956 773 extructae
1009 719 1152 773 contraria
1177 720 1372 791 dogmatizare
1402 737 1553 791 cognosco,
1585 731 1721 797 tanquam
1748 733 1859 799 pestem

103 813 182 874 sunt,
207 807 265 861 sive
287 812 428 861 coaetcrna
450 804 502 860 tibi
525 804 777 876 predestinatione
796 811 846 860 tua
869 807 956 861 desti·
1009 807 1098 879 fugio,
1116 814 1142 862 et
1157 813 1294 881 tanquam
1306 810 1474 865 haereticum
1488 811 1602 882 abjicio,
1617 821 1646 868 et
1659 815 1704 885 (ut
1716 817 1857 887 explicem

102 898 173 962 nati,
196 896 381 968 postmodnm
396 901 425 950 et
446 895 575 967 quotidie
598 895 724 951 destinas
746 912 778 951 ac
799 897 956 951 destinabis
1009 912 1074 951 cum
1092 912 1213 951 moerore
1230 898 1367 964 maximo,
1386 898 1462 969 quod
1477 907 1686 970 consequenter
1703 903 1737 958 de
1753 905 1858 961 talibus

104 985 231 1058 (quoties
252 984 383 1039 videlicet
402 999 526 1055 cumque
547 982 653 1038 mortui
677 988 754 1051 sunt,
779 985 955 1052 moriuntur,
1009 999 1025 1038 a
1047 984 1212 1040 beatissimo
1235 990 1412 1057 praeceptum
1435 991 1546 1041 constat
1566 989 1725 1058 Augustino
1746 992 1857 1063 (quam-

103 1077 163 1130 sive
181 1073 356 1144 morientur)
383 1073 414 1127 in
435 1076 581 1128 tormenta
605 1072 659 1127 sibi
675 1072 772 1128 debita
794 1073 955 1146 meritoque
1010 1089 1123 1145 cunque
1148 1090 1267 1144 prorsus
1295 1073 1489 1130 invictissime
1512 1077 1625 1131 veritati
1648 1082 1857 1137 contumaciter

104 1181 224 1236 prorsus
246 1162 399 1233 disposita;
418 1178 475 1217 non
490 1161 585 1217 solum
605 1161 749 1216 mutabilis
766 1179 796 1217 es
817 1168 883 1217 ante
907 1179 956 1216 saa·
1009 1178 1172 1234 repugnare
1188 1163 1284 1231 audio,
1308 1168 1336 1218 et
1359 1165 1384 1218 ei
1405 1164 1550 1218 contraria
1575 1164 1676 1221 docere
1700 1170 1857 1241 conspicio,

105 1253 180 1317 cula,
208 1252 362 1307 sedetiam
385 1250 472 1322 (quod
497 1266 558 1305 esse
583 1249 765 1304 nullomodo
788 1252 880 1321 potes)
894 1250 955 1321 jum
1008 1251 1177 1307 haereticum
1197 1257 1225 1306 et
1248 1252 1315 1306 [idei
1342 1253 1510 1308 Christianae
1534 1253 1696 1323 inimicum,
1719 1262 1804 1328 atque
1826 1275 1858 1314 cx

105 1342 173 1397 inde
191 1341 228 1396 ab
251 1341 335 1396 initio
357 1339 458 1394 mortis
480 1339 646 1394 eorumdem
670 1338 869 1410 reproborum,
896 1339 955 1394 imo
1009 1340 1062 1394 hoc
1077 1339 1212 1396 omnihus
1226 1340 1372 1396 catholicis
1395 1342 1697 1398 anathematizandum
1720 1360 1780 1399 esse
1805 1346 1856 1401 de-

107 1431 140 1486 eb
166 1428 283 1483 exordio
318 1427 510 1498 malignorum
548 1426 741 1481 damnationis
774 1427 954 1498 angelorum,
1008 1428 1121 1484 nuntio.

108 1520 234 1570 mutatus
250 1532 280 1569 cs
292 1515 474 1570 creberrimis
490 1514 606 1579 vicibus,
624 1515 682 1569 imo
697 1516 857 1570 innumeris
871 1515 954 1570 vicis·
1047 1519 1132 1571 Porro
1153 1518 1316 1572 conflictum
1340 1518 1492 1589 crvjnslihet
1514 1536 1621 1581 eorum,
1649 1520 1672 1574 si
1701 1522 1789 1576 semel
1814 1523 1857 1578 his

108 1604 291 1672 situdinibus,
316 1609 341 1659 et
359 1620 410 1675 per
431 1603 561 1674 singulos
582 1603 643 1658 dics
664 1610 817 1676 noctesque
834 1603 955 1659 niutaris
1011 1605 1088 1660 tectis
1103 1610 1130 1659 et
1149 1606 1300 1660 intellectis
1317 1606 1417 1660 cedere
1437 1607 1572 1674 noluerit,
1586 1611 1613 1660 ct
1630 1607 1719 1662 instar
1735 1607 1856 1663 Pharao·

109 1697 193 1764 atque
207 1692 375 1759 mutaberis,
398 1696 428 1747 et
444 1696 569 1746 mutatus
585 1690 691 1763 absque
704 1691 791 1746 dubio
805 1708 955 1762 permane·
977 1666 995 1720 B
1011 1695 1054 1748 nis
1070 1694 1220 1750 induratus
1236 1694 1382 1760 (haeretico
1401 1694 1531 1750 videlicet
1545 1697 1632 1765 more)
1658 1701 1715 1751 tam
1734 1697 1856 1753 manife-

109 1781 195 1836 bisin
211 1782 326 1849 saecula,
342 1785 460 1852 propter
474 1781 549 1835 solos
565 1779 697 1835 videlicet
712 1779 788 1835 lilios
807 1782 955 1852 gehenuae,
1010 1785 1052 1836 stc
1086 1781 1198 1835 veritati
1234 1781 1415 1852 acquiescere
1451 1783 1654 1854 contempserit
1687 1783 1855 1852 (secundnm

110 1887 176 1942 qnos
194 1871 307 1926 inimici
322 1870 448 1924 veritatis
463 1870 682 1941 praedestinatos
697 1886 758 1924 esse
773 1870 957 1941 pertinaciter
1010 1868 1160 1923 consilium
1189 1871 1232 1923 vel
1258 1870 1355 1940 potius
1384 1874 1559 1940 preceptum
1588 1871 1669 1924 Pauli
1702 1873 1854 1943 apostolil:

111 1966 192 2032 atquc
208 1959 348 2015 fallaciter
363 1964 470 2029 negant
485 1959 520 2013 ad
537 1958 709 2031 supplicium
725 1975 861 2030 perennc.
1009 1958 1071 2012 Jam
1092 1957 1163 2012 mihi
1177 1957 1325 2013 vitandum
1340 1975 1451 2026 carasco,
1468 1959 1536 2031 quia
1550 1960 1601 2031 qui
1623 1959 1788 2030 hujusmodi
1801 1964 1853 2027 est,

143 2050 218 2114 llaec,
233 2049 364 2119 inquam,
381 2045 514 2113 Domine,
531 2047 584 2111 iac,
606 2063 716 2117 precor,
734 2051 766 2102 ut
786 2047 860 2101 sicut
871 2063 956 2119 opor·
1010 2046 1178 2101 subversum
1216 2052 1244 2101 ct
1264 2047 1380 2118 proprio
1406 2047 1515 2119 judicio
1545 2047 1767 2104 condemnatum
1795 2066 1856 2104 esse

112 2142 157 2204 tet,
171 2138 334 2203 attendant,
348 2136 523 2207 appendant,
540 2146 627 2206 etque
641 2136 832 2207 perpendant,
848 2140 877 2190 et
891 2140 955 2190 tan·
1011 2135 1092 2190 rideo
1108 2137 1173 2202 (Tit.
1193 2151 1233 2201 ιιι,
1253 2136 1305 2206 tt).

113 2225 171 2280 dem
185 2225 344 2297 aliquando
366 2224 489 2288 videant,
516 2224 593 2295 quod
618 2240 647 2279 se
676 2224 813 2279 hactonus
840 2240 896 2278 non
914 2224 956 2279 vi·
1045 2227 1178 2277 Attamen
1200 2229 1320 2294 propter
1334 2223 1429 2277 miuus
1454 2224 1571 2295 peritos,
1597 2226 1676 2281 etob
1697 2226 1726 2280 id
1752 2226 1787 2281 ab
1816 2227 1857 2282 eis

112 2313 179 2367 disse
194 2313 389 2379 dissimulant,
411 2313 548 2384 qualeae
574 2317 714 2383 quantum
739 2312 846 2366 malum
871 2311 905 2365 de
930 2315 957 2364 te
1009 2310 1129 2377 illectos,
1144 2316 1172 2364 et
1186 2311 1240 2365 uisi
1261 2312 1443 2382 corrigantur
1458 2313 1593 2384 perditos,
1610 2319 1738 2385 optarem
1761 2315 1856 2386 publi·

112 2401 461 2473 semperincornmutabili
474 2401 594 2455 Domino
605 2401 661 2454 lieo
673 2405 770 2454 nostro
790 2399 820 2454 in
836 2399 958 2454 Ecclesia
1010 2416 1074 2454 crim
1099 2399 1133 2470 (si
1162 2399 1224 2466 tibi,
1257 2400 1385 2465 Domine,
1416 2401 1628 2473 placeretllieri
1658 2409 1853 2459 conventum:

112 2493 156 2544 tue
169 2491 257 2561 longe
282 2506 314 2545 ac
329 2489 516 2555 mendaciter,
532 2494 561 2543 et
574 2488 729 2543 exitialiter
750 2489 784 2543 ad
806 2489 957 2560 proprium
1011 2494 1150 2560 quatenus
1166 2493 1289 2543 astructa
1305 2490 1400 2559 pelam
1413 2491 1532 2545 veritate
1549 2495 1577 2544 et
1601 2491 1744 2547 destructa
1762 2492 1857 2549 inudi·

113 2592 189 2632 sunm
204 2593 385 2649 suorumque
404 2576 489 2632 simul
503 2576 652 2631 interitum
669 2577 764 2648 palam
783 2576 957 2647 praedicave-
1010 2581 1057 2632 tus
1072 2577 1204 2643 salsitate,
1223 2577 1328 2649 gratias
1351 2594 1502 2650 ageremus
1516 2579 1707 2634 communiter
1728 2580 1792 2647 tibi,
1808 2582 1857 2653 qui

113 2665 174 2732 rint,
190 2667 359 2738 predicent,
376 2665 611 2734 asseveraverint,
637 2671 814 2731 asseverent;
839 2671 868 2720 et
891 2682 956 2736 pre·
1012 2665 1093 2720 uobis
1109 2670 1167 2721 tum
1183 2665 1232 2720 diu
1252 2670 1392 2737 optatum,
1418 2669 1503 2722 etiam
1519 2685 1604 2739 snpra
1620 2684 1707 2740 quam
1723 2669 1856 2740 petimus,

113 2760 201 2811 corut
220 2770 339 2810 revoces
353 2770 401 2809 cos
417 2754 586 2810 miseranter
601 2755 636 2809 ad
656 2755 731 2808 viam
746 2754 857 2817 salutis,
874 2770 911 2808 ue
928 2754 957 2808 in
1011 2759 1061 2809 ant
1076 2754 1276 2825 intelligimus,
1292 2756 1359 2810 dare
1375 2755 1510 2826 dignatus
1524 2756 1612 2812 lucris
1632 2757 1858 2829 prosperrimum

113 2847 164 2898 tarn
179 2843 298 2898 lethalis
310 2843 461 2899 haereseos
476 2859 572 2898 errore
589 2843 749 2914 pertinaces
763 2848 956 2914 perseverent.
1011 2847 1193 2914 proventum.
1218 2843 1290 2908 Qviia
1323 2845 1450 2914 profecto
1483 2845 1569 2900 nimis
1593 2845 1740 2917 ingentem
1764 2847 1860 2918 patior

114 2930 238 2996 Videant,
256 2932 389 3003 inquam,
405 2934 489 3000 quale
503 2931 540 2985 sit
554 2936 583 2985 et
595 2936 735 3003 quantum
748 2930 866 2996 malum,
879 2931 956 3002 quod
977 2931 1152 3022 Cdolorem,
1170 2936 1199 2986 et
1222 2931 1378 2987 maximum
1394 2933 1443 2987 diu
1467 2938 1611 3004 noctuque
1625 2935 1738 3004 perfero
1753 2951 1858 2991 moero·

114 3034 172 3073 cum
188 3035 293 3074 omnes
308 3019 390 3075 electi
413 3020 466 3087 tui,
491 3019 589 3074 omnia
602 3018 678 3073 bona
700 3033 813 3089 semper
827 3017 956 3084 iecerint,
1012 3036 1083 3084 rem,
1101 3020 1178 3091 quod
1194 3023 1311 3090 propter
1323 3019 1381 3074 mei
1400 3020 1527 3075 nominis
1543 3021 1693 3088 vilitatem,
1709 3023 1858 3079 vilemho-

114 3105 212 3164 iaeiant
226 3114 256 3164 et
269 3107 374 3163 facturi
396 3108 454 3163 sint
468 3124 533 3162 cnm
557 3108 677 3163 concilio
703 3110 800 3178 (prout
827 3105 959 3161 videlicet
1013 3107 1139 3162 minibus
1153 3124 1211 3162 csse
1228 3108 1311 3162 video
1330 3108 1503 3163 veritatem:
1521 3116 1549 3163 et
1572 3111 1649 3182 quod
1674 3127 1741 3182 erga
1757 3115 1784 3167 te
1800 3113 1858 3168 sin·

104 3197 314 3267 ⁴adjuvantura
333 3202 361 3251 ta
385 3196 509 3268 gratuito
534 3202 591 3251 tue
617 3194 803 3267 benignitatis
826 3193 957 3262 auxilio),

114 3292 288 3354 presumant
297 3302 357 3341 non
370 3286 462 3341 solum
476 3285 653 3350 mentiendo,
668 3283 814 3338 sedetiam
830 3283 959 3354 peieran-

115 3372 145 3427 do
158 3375 259 3446 palam
274 3374 409 3430 omnibus
424 3374 579 3438 affirmare,
597 3373 674 3445 quod
693 3378 737 3442 tn,
753 3372 803 3444 qui
826 3372 914 3426 totins
928 3387 959 3426 es

115 3468 218 3531 auctor,
237 3463 360 3535 fonsque
375 3462 533 3535 sapientiae,
554 3463 613 3516 imo
628 3461 714 3529 trina,
737 3468 766 3516 et
780 3477 837 3516 una
852 3461 959 3531 sempi-

115 3552 250 3624 ternaque
271 3552 421 3623 sapientia,
436 3550 571 3617 volueris,
598 3550 642 3604 vel
657 3549 790 3616 valueris,
813 3547 958 3602 ueletiam

116 3638 245 3696 debueris
259 3640 419 3713 quidquam
435 3639 525 3710 (quod
544 3639 631 3709 absit)
645 3639 756 3709 absque
771 3636 890 3691 consilio
906 3652 958 3706 pa-

116 3733 193 3785 trare.
211 3730 253 3784 Ne
276 3729 341 3784 dico
365 3729 478 3800 abipso
503 3727 622 3783 humani
636 3727 751 3798 generis
766 3724 883 3780 exordio
898 3739 960 3778 mo-

117 3819 248 3874 rientium
259 3817 450 3890 reproborum
463 3817 582 3881 animas,
604 3816 648 3871 vel
669 3815 704 3871 ad
727 3818 883 3870 extremam
899 3828 959 3867 eas-

118 3906 175 3962 dem
196 3906 277 3979 ipsas
293 3922 358 3961 cnm
382 3906 503 3978 receptis
526 3905 556 3959 in
573 3904 619 3960 die
631 3904 732 3974 judicii
752 3902 877 3975 propriis
898 3918 960 3956 cor·

118 3995 243 4064 poribus,
261 4010 327 4050 cum
343 3994 457 4049 diabolo
476 3998 505 4048 et
519 3992 628 4064 angelis
648 3993 710 4063 ejus
727 3992 834 4063 absquo
847 3990 961 4062 praede-

120 4083 277 4139 stinationis
292 4083 412 4138 concilio
427 4082 579 4139 destinare.
592 4081 639 4135 llis
654 4086 751 4136 autem
767 4081 840 4135 sicut
851 4082 963 4151 oportet

1013 3212 1117 3262 ceram,
1143 3201 1175 3250 nt
1189 3195 1357 3264 debuerant,
1385 3212 1443 3250 non
1470 3203 1583 3252 servant
1602 3197 1794 3268 charitatem,
1810 3202 1859 3272 qui

1014 3289 1045 3338 ut
1067 3282 1266 3337 tantummodo
1290 3282 1410 3337 victores
1438 3283 1493 3337 mei
1518 3301 1579 3338 esse
1599 3284 1760 3349 videantur,
1788 3288 1860 3342 nihil

1013 3372 1056 3425 vel
1071 3370 1190 3425 omnino
1204 3387 1360 3443 perparum
1371 3371 1533 3426 dilexerunt
1542 3377 1570 3427 et
1585 3373 1710 3444 diligunt
1721 3379 1760 3443 te,
1772 3392 1860 3447 quem

1013 3473 1118 3529 negare
1133 3474 1191 3512 nou
1207 3458 1384 3530 refugerunt,
1401 3474 1496 3530 ueqne
1512 3459 1659 3530 refugiunt
1672 3467 1792 3532 propter
1802 3479 1859 3520 ure.

1048 3551 1140 3619 Atque
1159 3548 1267 3602 utinam
1282 3550 1408 3619 placeret
1427 3548 1490 3616 tibi,
1512 3548 1793 3620 omnipotentissime
1813 3567 1861 3622 pa-

1014 3635 1082 3690 riter
1101 3652 1133 3690 ac
1153 3636 1374 3690 clementissime
1390 3636 1519 3700 Domine,
1547 3642 1578 3691 ut
1597 3637 1669 3692 sicut
1686 3638 1715 3692 in
1732 3643 1758 3693 te
1778 3640 1861 3695 credo

1013 3728 1042 3778 et
1058 3741 1140 3796 spero
1163 3725 1238 3795 (dato
1263 3725 1334 3779 mihi
1356 3724 1445 3793 gratis
1464 3741 1556 3795 posse,
1581 3730 1668 3796 prout
1690 3727 1860 3797 J'amdudum

1013 3811 1229 3884 daredignatus
1249 3829 1288 3876 es,
1314 3817 1342 3867 et
1369 3813 1437 3867 dare
1460 3813 1601 3883 quotidie,
1625 3814 1751 3884 dignaris
1776 3817 1861 3871 etiam

1014 3902 1094 3965 velle]
1118 3918 1215 3956 coram
1237 3901 1364 3972 undique
1393 3901 1481 3955 electa
1504 3902 1677 3972 populorum
1703 3908 1731 3957 te
1754 3903 1861 3958 timen-

1015 3991 1087 4045 tium
1102 3990 1299 4056 multitudine,
1320 3994 1461 4059 praesente
1477 3989 1564 4043 etiam
1580 3988 1662 4043 istius
1682 3990 1764 4061 regni
1778 3992 1862 4062 prin-

1015 4079 1087 4151 cipe,
1101 4095 1164 4133 com
1176 4078 1344 4150 pontificum
1356 4083 1383 4132 ot
1392 4077 1582 4142 sacerdotum,
1597 4079 1862 4152 monachorumque

121 4173 254 4243 sagaciter
278 4171 424 4243 inspectis,
454 4175 482 4226 et
508 4170 642 4224 vivaciter
664 4169 816 4224 intellectis
842 4168 961 4223 conlun·
1016 4167 1220 4222 canonicorum
1237 4166 1393 4220 venerabili
1409 4166 1494 4221 simul
1513 4167 1638 4235 agmine,
1660 4169 1864 4223 concederetur

124 4257 219 4315 dautur
249 4259 403 4314 salubriter
432 4264 461 4314 et
500 4258 679 4324 erubescant,
717 4256 815 4328 sicque
847 4255 963 4309 tandem
983 4256 1100 4322 Dmihi,
1119 4254 1142 4309 si
1166 4270 1247 4309 secus
1268 4255 1341 4309 hauc
1363 4255 1508 4309 catholicoe
1528 4255 1594 4309 lidei
1614 4256 1649 4310 de
1676 4256 1863 4326 praedestina-

126 4347 268 4419 tliqnaudo
285 4347 398 4403 veritati
420 4346 589 4418 suppliciter
612 4345 804 4416 acquiescant,
830 4349 858 4398 et
883 4359 962 4397 ame
1017 4343 1095 4398 tione
1113 4349 1162 4398 tua
1183 4343 1332 4397 veritatem
1349 4344 1458 4398 nollent
1472 4345 1610 4414 recipere,
1629 4349 1658 4398 ut
1683 4346 1808 4417 istoque
1823 4346 1863 4400 di.

127 4433 232 4492 demum
256 4436 415 4508 quiescant.
441 4435 581 4490 Ceterum
596 4434 620 4488 si
642 4432 740 4489 attrita
754 4431 831 4487 tonte
856 4450 887 4486 ac
902 4432 963 4486 sinc

129 4523 176 4578 ullo
190 4528 394 4596 permanentes
420 4523 531 4595 pudore
552 4523 581 4578 in
606 4523 730 4577 salsitate
746 4522 859 4576 malunt
872 4520 963 4592 persi-

130 4615 190 4666 stere
205 4630 295 4686 qnam
321 4614 454 4669 recedere
470 4629 486 4666 a
501 4616 590 4670 tanto,
611 4618 642 4666 nt
662 4614 839 4683 oportuerat,
855 4624 963 4675 errore,

132 4699 241 4757 viderint
260 4702 316 4774 ipsi
330 4718 388 4773 qno
403 4717 432 4756 se
443 4700 548 4772 perditi
562 4705 683 4754 vertant.

158 4790 192 4846 Te
208 4806 322 4862 precor,
339 4790 460 4845 llomine
483 4791 566 4856 Deus,
592 4788 681 4860 gratis
706 4787 858 4843 Ecclesiam
886 4791 965 4840 tuam

65 4872 67 4943 j
135 4881 273 4948 custodias,
289 4896 326 4935 ne
347 4896 398 4934 suo
422 4879 531 4934 diutius
557 4895 620 4934 eam
642 4878 765 4933 falsitate
790 4880 965 4949 pervertant,

65 4960 67 5015 ἶ
135 4961 319 5041 hereseosque
338 4984 391 5023 sua
406 4967 539 5038 pestifere
558 4967 593 5021 de
618 4967 731 5040 reliqua
745 4966 882 5037 pravitate
898 4965 965 5018 sub·

136 5060 239 5126 inunt,
255 5057 321 5112 licet
343 5072 374 5112 se
388 5071 499 5127 suoque
513 5072 622 5123 secum,
644 5053 805 5125 lugubriter
828 5055 965 5107 evertant.

136 5140 181 5216 Ego
193 5162 261 5202 vero
277 5145 368 5217 gratis
384 5146 501 5201 edoctus
526 5145 561 5200 ab
585 5145 647 5215 ipsa
667 5142 787 5197 veritate
803 5141 902 5213 (quam
928 5156 968 5194 sc·

136 5240 240 5302 uenus
256 5233 386 5307 predicti
401 5234 531 5288 Ecclesia
551 5239 607 5287 tuae
631 5231 859 5304 praedicaverunt
879 5229 968 5300 uragi-

136 5323 184 5393 thi,
205 5328 233 5378 at
247 5323 379 5394 ejusdem
393 5321 520 5378 veniatis
541 5320 712 5383 fidelissimi,
736 5318 913 5374 devotissimi
938 5334 969 5372 ae

136 5410 301 5467 celeberrimi
324 5426 444 5482 prorsus
467 5409 604 5477 ministri)
618 5409 664 5464 hic
682 5408 831 5463 evidenter
855 5422 969 5476 expres·

136 5513 184 5558 tam
199 5500 234 5557 de
251 5499 506 5573 predestinatione
520 5502 570 5553 tua
584 5497 670 5552 iidem
690 5495 869 5560 catholicam,
883 5493 970 5564 gratis

301 5600 439 5666 Parnon.
465 5596 568 5665 CXXl.

1018 4437 1114 4487 ctnrus
1130 4447 1192 4486 sum
1218 4431 1324 4503 (tarent
1347 4431 1439 4501 gratia
1456 4430 1516 4500 tua)
1539 4431 1567 4486 id
1590 4433 1781 4502 approbarem
1801 4449 1865 4487 cer-

1018 4520 1154 4576 nentibus
1168 4521 1277 4573 cunctis
1302 4520 1448 4585 examine3
1475 4523 1505 4572 ut
1528 4519 1660 4574 videlicet
1676 4526 1800 4592 quatuor
1821 4522 1868 4577 do·

1018 4608 1064 4662 liis
1078 4623 1135 4662 uno
1150 4611 1215 4678 post
1227 4623 1317 4661 aruum
1333 4607 1442 4677 positis,
1460 4612 1545 4678 atque
1565 4608 1686 4663 ferventi
1706 4610 1865 4680 sigillatim,

1019 4695 1135 4768 repletis
1151 4712 1236 4766 aqua,
1252 4696 1315 4749 olco
1328 4695 1441 4766 pingui,
1458 4696 1568 4767 etpico,
1586 4696 1660 4750 etad
1675 4698 1809 4753 ultimum
1824 4714 1868 4753 ac·

1021 4800 1104 4838 censo
1119 4783 1313 4855 copiosissimo
1338 4784 1414 4854 igne,
1435 4783 1532 4838 liceret
1561 4784 1631 4838 mihi
1648 4784 1788 4853 (invocato
1803 4786 1868 4856 glo-

1019 4871 1176 4927 riosissimo
1191 4873 1308 4927 nomine
1325 4871 1387 4937 tuo)
1404 4873 1438 4926 ad
1454 4873 1672 4942 approbandum
1694 4875 1767 4928 hanc
1781 4874 1868 4927 tidem

1022 4977 1127 5026 meam,
1138 4961 1195 5014 imo
1209 4961 1295 5015 tidem
1311 4960 1491 5027 catholicam,
1515 4961 1543 5015 in
1558 4963 1671 5033 singula
1695 4961 1824 5028 introire,
1840 4966 1869 5014 et

1022 5049 1063 5105 ita
1076 5065 1126 5125 per
1137 5048 1250 5119 singula
1264 5048 1386 5103 transire
1402 5048 1492 5103 donec
1509 5050 1548 5117 lte
1564 5050 1764 5121 praeveniente,
1780 5048 1869 5103 comi·

1022 5144 1101 5194 tante
1130 5153 1163 5192 ac
1185 5138 1388 5208 subsequente,
1417 5138 1623 5210 dexteramque
1653 5138 1808 5208 praebente,
1838 5154 1870 5192 ac

1024 5229 1180 5284 clementer
1200 5227 1349 5297 educente)
1366 5227 1488 5281 valerem
1513 5244 1607 5298 sospes
1622 5227 1709 5290 exire,
1730 5230 1871 5298 qnatenus

1024 5315 1054 5370 in
1066 5313 1188 5370 Ecclesia
1200 5317 1249 5369 tua
1265 5314 1381 5369 tandem
1394 5314 1549 5385 aliquando
1566 5313 1711 5368 catholicas
1726 5315 1793 5371 hnic
1803 5313 1871 5370 lldei

1025 5403 1139 5457 claritas
1152 5403 1341 5468 claresceret,
1357 5407 1384 5456 et
1403 5400 1511 5455 falsitas
1535 5407 1726 5470 evanesceret,
1745 5404 1872 5476 lidesqne

1026 5491 1198 5556 firmaretur,
1215 5496 1244 5545 et
1263 5489 1383 5561 pertidia
1399 5490 1546 5543 vitaretur.

1680 5597 1717 5655 12
