3930 6098
103 270 154 324 955
721 269 860 327 ursolus
879 268 1037 327 uouscffl
1056 267 1083 324 S.
1104 269 1235 325 11111101
1797 269 1843 322 951

103 400 162 463 1113,
180 399 363 472 etymologia,
378 399 737 471 1333333133111333313,

104 488 283 543 1313331333
298 487 384 553 latur,
401 502 506 541 nomen
522 487 574 542 tibi
589 488 700 542 tollitur
714 487 790 544 istud
807 506 814 557 ;

105 578 143 630 Na
158 576 271 632 dubites
286 575 395 630 asinam
410 575 547 631 stolidum
561 576 736 648 increpuisse
752 577 878 644 Balaam,

105 665 164 719 Huc
183 665 260 732 ades,
278 664 419 735 hocopus
436 665 696 721 astcelebrandum
714 666 797 721 laude
817 664 947 738 perenni.

440 824 553 880 CAPUT
572 825 616 881 lV.

246 968 426 1036 Episcopatus
443 965 621 1037 Trejectenss's
635 968 663 1024 S.
680 968 811 1023 Amendi.

64 1132 66 1137 v
144 1110 185 1162 11.
202 1106 302 1161 1113113
317 1106 451 1173 decursis,
468 1107 621 1162 obeuntem
636 1108 740 1163 missus
756 1109 790 1164 313
806 1110 862 1163 3113

106 1196 232 1266 Angelus
243 1195 336 1249 evenit
349 1196 416 1249 celsi
431 1200 509 1249 trans
525 1196 619 1251 sidera
631 1197 694 1252 33311

106 1283 282 1346 Pontificem,
297 1284 378 1353 33133
392 1285 489 1338 sedem
501 1286 646 1355 Trajcctus
660 1285 803 1340 habebat:

106 1372 238 1427 Sumeret
253 1376 283 1426 ut
299 1372 385 1426 rectis
400 1372 569 1429 meritorum
583 1374 703 1444 praemia
718 1374 807 1429 libris.

107 1462 169 1525 033
186 1469 198 1494 ·
218 1462 277 1515 Rex
301 1467 447 1531 comperto
461 1468 589 1515 sanctum
612 1463 760 1517 accersivit
776 1465 950 1531 Amandum,

107 1547 232 1602 Plurima
245 1547 414 1602 Pontificum
430 1550 591 1603 conducens
605 1551 721 1621 agmina
736 1567 844 1621 secum,

106 1636 236 1692 Praesulis
250 1651 283 1691 ac
296 1637 370 1691 tanti
386 1637 526 1693 solemnia
536 1638 634 1710 jungit
648 1640 781 1694 honores.

106 1727 219 1781 interea
234 1729 347 1780 sanetus
363 1742 442 1780 sacra
455 1726 585 1781 sublimis
599 1726 630 1780 in
646 1743 710 1782 arce

107 1817 225 1872 Ducitur
239 1833 270 1870 ac
285 1815 417 1879 trahitur,
425 1817 487 1886 jam
503 1815 618 1870 1131313
632 1816 831 1872 33131333133.

107 1905 207 1961 Obstat
221 1910 249 1960 at
262 1904 417 1975 indignum
430 1922 459 1957 se
472 1903 524 1959 tali
538 1904 665 1959 clamitat
680 1910 756 1959 actu.

106 1993 160 2048 Sed
175 2009 239 2048 cum
261 2010 340 2047 more
354 2009 405 2047 suo
420 1994 555 2047 lustraret
570 1994 632 2048 luce
646 1998 767 2047 3333313

107 2082 227 2153 Oppida,
240 2098 318 2149 rura,
334 2098 423 2150 casas,
439 2081 524 2148 31333,
541 2081 656 2136 33313113
669 2097 835 2152 peragrans,

107 2171 200 2225 Triste
214 2171 302 2238 nefas,
321 2170 371 2242 qui
385 2171 544 2226 debuerant
558 2186 713 2241 agnoscere
729 2170 826 2241 primi,

107 2262 146 2313 13
160 2259 280 2314 33313333
295 2259 410 2313 Domini
425 2258 503 2329 plebi
517 2264 676 2313 monstrare
691 2260 880 2331 sequendum,

108 2347 239 2401 Ecclesiae
252 2347 388 2418 gradibus
402 2346 515 2418 praelati
527 2346 581 2400 rite
595 2347 731 2415 ministri,

110 2435 264 2506 Rajiciunt,
281 2439 430 2506 spernunt,
447 2439 643 2502 contemnunt,
661 2435 889 2508 despiciuntque,

109 2523 298 2591 Postponunt,
330 2523 497 2593 pelluntque
516 2524 641 2593 probum
656 2539 707 2593 par
729 2524 833 2592 probra
854 2529 955 2595 patro-

111 2609 174 2673 033
193 2609 247 2664 sibi
260 2610 299 2664 nil
317 2609 398 2676 lucri,
422 2610 471 2664 sad
487 2610 610 2664 maxima
624 2611 730 2666 damna
745 2613 846 2666 tulere.
862 2613 953 2683 fuum,

111 2696 206 2752 Pulsis
219 2697 296 2751 anim
310 2698 429 2767 pedibus
441 2697 527 2767 justis
541 2714 675 2752 excussus
689 2700 788 2754 inillis

109 2787 265 2838 1333333133
279 2785 345 2854 3311,
361 2800 427 2838 cum
442 2789 556 2854 tempus
570 2786 680 2840 venerit
695 2785 777 2854 11131,

109 2872 230 2927 Praemia
246 2888 303 2943 quo
317 2873 541 2943 3331331133131,
556 2889 713 2944 poenasque
728 2873 848 2930 sinistri.

147 2964 189 3016 13.
206 2962 302 3016 133313
317 2962 391 3017 dicta
404 2962 477 3017 nitet
490 2965 503 3004 b
518 2961 613 3016 Calolo
628 2962 663 3018 de
676 2962 780 3018 vertice
795 2964 885 3020 sancti

110 3049 193 3105 Scald
208 3052 302 3118 Juxta,
319 3055 348 3106 et
362 3052 439 3123 gyris
456 3067 541 3105 curvo
557 3050 719 3107 sinuamine
734 3052 813 3107 flexis

110 3138 221 3193 Praebat
234 3154 387 3206 secessum,
404 3140 497 3193 nautis
513 3141 693 3210 gratissimus
712 3141 816 3207 amnis,

110 3226 200 3290 Onam
216 3231 341 3290 sanctus,
357 3226 439 3281 dictis
455 3243 519 3281 cum
537 3229 636 3298 pulsus
653 3228 745 3283 abiret
758 3229 794 3284 ab
808 3229 877 3296 3313,

110 3314 274 3385 Reperiam,
291 3314 408 3369 sibimet
420 3319 477 3369 tam
493 3320 594 3370 moesto
611 3317 640 3370 13
657 3321 786 3387 tempore
802 3316 920 3370 credens

110 3402 256 3469 Sufficere,
273 3409 301 3458 et
314 3403 419 3458 mentis
436 3419 542 3474 parum
558 3420 693 3458 33333333
707 3405 837 3474 rigorem

111 3492 242 3545 Secretus
258 3492 385 3561 cupiens,
400 3491 548 3563 aliquanto
565 3493 670 3546 mansit
684 3492 713 3546 13
730 3492 779 3546 1113

111 3579 251 3650 Tempora
268 3580 442 3650 multiplices
457 3581 624 3652 studuitque
640 3583 733 3636 133333
749 3581 871 3637 labores.

112 3670 186 3724 llum
201 3672 297 3723 tamen
312 3668 361 3723 ille
373 3668 422 3739 pio
438 3669 582 3749 frueretur
592 3670 702 3725 33311133
718 3676 792 3735 3313,

6 3753 9 3759 “
112 3758 205 3827 Atque
221 3758 319 3826 polum
331 3757 449 3828 jugibus
464 3764 581 3828 cuperet
596 3759 786 3814 conscendere
803 3760 884 3828 33113,

112 3845 184 3900 Alba
195 3845 273 3900 velut
282 3845 405 3916 geminis
416 3845 469 3900 elis
481 3846 582 3902 133133
597 3847 744 3915 columba;

112 3935 203 4005 AEqua
216 3933 377 4004 repulsores
395 3950 453 3988 non
470 3933 581 3989 distulit
599 3935 669 3991 ultio
685 3935 775 3990 dictos

112 4024 166 4077 Pro
182 4022 293 4077 meritis
306 4022 421 4093 pulsare
437 4021 522 4087 feros,
539 4038 572 4076 33
588 4022 676 4093 digna
690 4023 861 4094 repandens,

113 4110 166 4175 031
186 4110 298 4165 3313333
314 4109 406 4180 magis
423 4109 548 4164 1331311333
565 4127 652 4181 quam
668 4111 787 4164 reddare
807 4111 957 4166 honorem.

113 4198 207 4254 Pressi
218 4197 395 4252 multimodis
409 4201 441 4252 ut
455 4203 571 4268 possent
585 4198 656 4250 33133
672 4197 804 4268 flagellis,

967 399 1073 465 10333
1088 403 1168 455 13313
1182 401 1291 456 3311333
1302 403 1409 469 333331,
1427 415 1484 454 333
1498 397 1696 454 3333113311113

1004 488 1110 559 133313,
1126 489 1201 545 ferre
1215 489 1312 546 cibum
1329 488 1397 560 quia
1413 487 1554 570 meirisin
1569 488 1658 543 313333
1672 487 1796 560 tempsit.

1042 671 1083 724 11.
1100 670 1141 724 13
1156 684 1282 740 quoque,
1292 667 1383 738 plebs,
1399 667 1487 722 libeat
1500 665 1523 721 31
1540 665 1645 720 cursim
1657 670 1775 737 tangere
1791 667 1841 736 pri-

1003 756 1137 828 Antiquis
1152 757 1264 811 damnis
1278 756 1390 827 prolata
1404 755 1466 810 1333
1481 755 1599 809 3313333
1615 755 1715 810 santis.
1782 755 1839 826 [sca

1004 845 1138 900 Cladibus
1152 844 1302 899 immensis
1317 859 1374 898 non
1391 845 1506 898 obstant
1520 843 1625 897 moenie
1643 842 1740 906 firma,

1004 935 1058 990 Sed
1075 938 1243 989 sternuntur
1254 932 1337 987 humi
1350 948 1402 986 ceu
1417 931 1511 1003 pulvis
1525 931 1641 986 flamina
1655 930 1745 996 venti,

1005 1023 1210 1092 Labunturque
1223 1020 1312 1087 domi,
1331 1035 1395 1091 quae
1412 1036 1472 1073 non
1486 1019 1616 1074 custodia
1630 1018 1722 1074 fulcit.

1005 1111 1061 1164 Nec
1076 1110 1191 1174 mirum,
1208 1125 1348 1180 compago
1364 1113 1430 1163 ruat
1441 1108 1464 1161 si
1480 1107 1608 1162 turribus
1622 1107 1690 1162 31113

1006 1199 1145 1253 Funditus
1160 1197 1266 1267 evulsa,
1283 1197 1393 1252 stabilis
1408 1212 1495 1267 quam
1510 1195 1596 1266 liquit
1609 1194 1766 1261 Amandus,

1005 1276 1135 1343 Ecclesia
1151 1292 1257 1341 nostras
1272 1285 1411 1354 defensio,
1425 1284 1498 1339 celsa
1511 1283 1655 1351 columna,

1005 1376 1144 1430 Tabilices
1159 1379 1258 1429 contra
1272 1373 1401 1429 fremitus
1419 1371 1559 1443 protectio
1572 1375 1715 1442 perstans.

1007 1463 1197 1530 0333113333,
1214 1462 1266 1517 tibi
1279 1477 1369 1528 mors;
1384 1458 1596 1515 33131333133113
1616 1457 1695 1512 33311

1005 1563 1016 1588 ⁰
1032 1551 1158 1608 83333113
1173 1554 1347 1605 3333313133
1363 1549 1431 1603 darm
1447 1548 1571 1615 vireret;
1587 1546 1655 1601 inde

1008 1640 1114 1696 Flebile
1130 1638 1266 1694 3313333
1281 1653 1331 1693 seu
1347 1642 1480 1691 moestum
1495 1635 1581 1690 corde
1596 1635 1725 1690 dolorem

1006 1730 1138 1785 Sumeret
1152 1732 1294 1782 extremas
1308 1727 1338 1780 in
1354 1730 1381 1780 13
1395 1725 1538 1780 33333313
1553 1723 1674 1790 favillas,

1007 1816 1130 1873 Transiit
1143 1816 1178 1871 ad
1193 1815 1358 1882 Dominum,
1373 1815 1480 1869 nudam
1494 1818 1521 1868 te
1536 1813 1567 1867 in
1580 1817 1673 1866 morte
1687 1810 1836 1880 relinquens

1006 1906 1060 1969 031
1075 1904 1127 1959 tihi
1142 1909 1206 1975 post
1223 1907 1353 1958 nostrum
1368 1902 1522 1956 miseratus
1538 1900 1616 1955 misit
1629 1898 1799 1964 Amandum,

1008 1995 1044 2048 Ut
1059 1994 1148 2048 solam
1164 1991 1253 2046 radiis
1265 2007 1385 2061 operum
1400 1989 1513 2060 fulgore
1528 1988 1694 2043 micantem.

1007 2083 1061 2138 Sed
1076 2087 1106 2136 tu
1122 2081 1202 2152 lippa
1216 2088 1281 2136 tuos
1295 2081 1392 2135 oculos
1407 2080 1476 2133 dum
1492 2078 1577 2132 333113
1593 2076 1628 2130 313
1641 2075 1704 2143 1113,

1008 2175 1041 2229 11
1056 2174 1158 2228 133333
1169 2171 1276 2242 repetis
1290 2169 1382 2224 333113
1397 2169 1517 2222 horrore
1531 2165 1674 2231 tenebras,

1008 2265 1040 2319 ln
1055 2261 1246 2330 manibusque
1263 2260 1354 2313 lulum
1370 2257 1486 2323 retines,
1504 2255 1573 2309 1333
1589 2253 1700 2307 lumina
1714 2250 1806 2322 tergis,

1007 2356 1047 2407 13
1061 2350 1116 2405 1331
1130 2347 1267 2404 adscribis
1282 2346 1359 2418 quod
1374 2350 1404 2398 tu
1419 2343 1515 2398 minus
1528 2341 1596 2396 inde
1611 2340 1712 2407 tueris,

1009 2440 1038 2495 Si
1053 2438 1125 2492 votis
1139 2436 1255 2491 dimissa
1269 2434 1325 2489 tuis
1341 2434 1373 2487 in
1386 2447 1498 2486 carcere
1513 2445 1585 2485 33333
1600 2444 1640 2483 33.

1010 2529 1044 2582 111
1057 2533 1155 2582 tamen
1169 2525 1225 2579 huc
1241 2524 1351 2588 redeas,
1368 2522 1507 2576 etlumen
1522 2517 1645 2573 amando
1660 2515 1795 2588 requiras,

1009 2616 1089 2681 Quod
1107 2615 1157 2670 tihi
1172 2613 1328 2683 depellens,
1344 2609 1426 2664 nohis
1441 2606 1603 2662 miserando
1616 2605 1730 2660 dedisti.

1010 2706 1073 2761 ,133
1087 2704 1155 2759 hinc
1170 2701 1276 2773 probra
1290 2699 1352 2768 tibi,
1370 2714 1421 2752 nec
1433 2695 1529 2768 jurgia
1543 2694 1690 2749 reddimus
1703 2692 1770 2758 ulla,

1009 2793 1088 2849 lilius
1102 2791 1196 2846 reditu
1211 2790 1260 2843 sed
1275 2786 1491 2858 congaudemus
1507 2788 1634 2851 ovantes.

1010 2884 1091 2937 Nunc
1107 2896 1184 2935 nuuc
1198 2893 1268 2948 ergo
1283 2880 1363 2931 tuem
1377 2875 1528 2944 detergant
1541 2872 1670 2926 carmina
1684 2869 1803 2941 culpem,

974 2975 995 3031 C
1011 2969 1156 3026 1331111133
1171 2968 1294 3038 ejectum
1310 2963 1405 3034 dignis
1420 2976 1551 3017 revocare
1566 2965 1721 3015 memento.
1820 3026 1824 3031 Ι

1008 3058 1149 3113 Poeniteat
1162 3060 1189 3110 te
1203 3055 1263 3125 jam
1280 3052 1403 3119 sceleris,
1422 3049 1613 3105 medicamina
1627 3053 1694 3102 sunt
1708 3048 1776 3102 hac.

1008 3151 1048 3202 13
1063 3146 1096 3214 31,
1112 3149 1145 3200 31
1158 3144 1254 3211 33313,
1271 3147 1350 3195 tuam
1364 3140 1514 3211 placarunt
1528 3138 1649 3192 3313333
1663 3151 1775 3202 noxam,

1010 3237 1043 3290 Et
1057 3232 1147 3288 sancti
1156 3231 1247 3302 pietas
1257 3229 1367 3284 crimen
1381 3227 1521 3282 concessit
1536 3241 1673 3292 enorme3

1009 3322 1171 3393 Astipulare
1184 3318 1266 3388 mais,
1281 3317 1350 3388 quia
1364 3333 1422 3370 non
1436 3321 1502 3370 sunt
1516 3314 1654 3380 carmina,
1668 3309 1811 3385 rhythmis.

1009 3414 1049 3467 Tu
1065 3415 1180 3465 cantare
1195 3408 1284 3474 33133,
1300 3413 1331 3462 13
1345 3406 1426 3460 13313
1441 3420 1472 3458 33
1487 3403 1621 3475 plaudere
1636 3417 1741 3456 versu:

1010 3503 1052 3556 13
1065 3498 1139 3554 33311
1154 3497 1241 3568 lyrico
1254 3495 1375 3549 chordas
1390 3494 1557 3564 contingere
1573 3492 1694 3562 plectro,

1011 3590 1111 3660 Tuque
1124 3591 1227 3657 potens
1241 3590 1364 3638 matrum
1377 3587 1492 3636 cantum
1509 3580 1628 3635 reboare
1644 3575 1782 3634 Camoeuis
1796 3590 1802 3628 :

1012 3677 1093 3734 113113
1109 3691 1161 3729 333
1175 3673 1231 3728 filis
1246 3673 1285 3726 sic
1300 3672 1388 3725 libros
1403 3677 1498 3724 133333
1514 3668 1618 3723 verbis.

1013 3770 1064 3824 131
1078 3763 1149 3819 mihi
1163 3763 1208 3817 rix
1228 3760 1321 3816 tenuis
1336 3759 1462 3814 decurrit
1477 3757 1512 3813 ab
1527 3773 1576 3812 ore
1591 3769 1746 3810 susurrus:

1014 3854 1087 3908 llum
1102 3857 1200 3906 tamen
1215 3851 1288 3903 alma
1306 3847 1362 3902 tuis
1378 3851 1492 3918 aptatur
1507 3861 1588 3900 musa
1602 3844 1718 3899 libellis.

1014 3942 1053 3996 Ne
1070 3944 1180 3995 taceem
1194 3937 1311 3992 laudare
1326 3937 1427 4000 Deum,
1445 3950 1510 3988 cum
1525 3932 1638 3988 debitor
1652 3936 1755 3997 entem,

1015 4030 1115 4083 Noster
1128 4027 1239 4081 honore
1254 4024 1305 4078 Dei
1319 4023 1478 4090 claudatur,
1496 4036 1594 4093 posco,
1610 4021 1625 4064 d
1639 4021 1761 4076 libellus.

1015 4119 1099 4185 Laus,
1115 4114 1202 4169 decus
1216 4111 1385 4183 imparium,
1401 4109 1573 4175 benedictio,
1590 4109 1690 4179 gloria,
1707 4106 1801 4179 331133,

1016 4204 1153 4275 1113133133,
1170 4201 1315 4265 31113333,
1333 4198 1491 4264 veneratio,
1506 4197 1609 4268 gratia,
1625 4195 1730 4262 virtus;

114 4287 205 4351 033333
222 4287 325 4340 3133333
340 4285 451 4339 Christo
466 4285 563 4354 scierit,
579 4285 629 4356 qui
644 4291 756 4356 spretus
770 4285 885 4341 abisset.
978 4315 1000 4369 D
1016 4292 1058 4348 Sit
1073 4289 1148 4345 Patri
1163 4293 1191 4343 31
1207 4288 1308 4343 Genito
1323 4302 1388 4341 cnm
1404 4285 1531 4340 Flamine
1546 4283 1720 4350 vivificante,

114 4376 202 4445 Plaga
215 4373 320 4428 etcnim
337 4372 406 4429 eoelo
417 4373 544 4439 veniens,
562 4381 590 4430 31
605 4379 681 4429 13333
696 4376 846 4444 resultans,

115 4460 249 4528 Pr‘elerit,
266 4461 385 4515 inclinat
397 4461 490 4532 rigida
504 4461 612 4517 cervice
626 4463 755 4528 rebelles,

116 4551 280 4622 Evertitque
296 4549 407 4616 133333,
423 4566 517 4605 mores
529 4551 664 4606 cecidisse
677 4551 761 4606 ruina

115 4642 247 4696 Testatur
260 4639 358 4695 sonitu
373 4639 471 4695 labens
486 4644 514 4695 et
529 4641 656 4710 pondere
670 4639 771 4711 grandi
788 4656 794 4694 :

115 4734 154 4785 13
165 4729 298 4785 31133133
313 4744 381 4800 agar
395 4733 490 4800 segete
501 4734 530 4783 et
545 4729 670 4783 nudatus
679 4729 774 4783 arista.

118 4818 166 4873 1113
182 4819 317 4874 meritum
333 4816 424 4889 spinea
439 4816 593 4888 pungentis
607 4816 702 4872 reddit
715 4833 836 4872 acumen

118 4906 188 4962 (lum
203 4907 325 4962 tribulis.
340 4905 479 4961 Referunt
492 4905 665 4960 commercia
676 4905 744 4960 talia
759 4911 854 4973 terrae,

1017 4383 1048 4436 Et
1064 4395 1141 4434 nunc
1156 4383 1185 4433 et
1199 4392 1312 4447 semper
1327 4376 1395 4430 dum
1410 4376 1484 4429 secta
1498 4373 1593 4428 futura
1608 4371 1782 4427 manebunt:

1016 4471 1071 4524 Pro
1086 4466 1196 4522 meritis
1213 4469 1343 4519 sanctum
1357 4463 1409 4534 qui
1422 4461 1592 4534 glorificavit
1607 4459 1776 4522 Amandum,

1016 4556 1097 4611 Clare
1113 4570 1219 4621 comes,
1234 4567 1332 4607 curam
1347 4550 1478 4604 claustris
1490 4547 1651 4605 concludito
1667 4559 1789 4602 cannam.

1015 4646 1064 4701 Sat
1077 4643 1177 4698 sitiens
1192 4641 1299 4697 etenim
1315 4639 1434 4712 potavit,
1450 4637 1545 4693 tollito
1560 4652 1667 4705 rorem,

1017 4732 1131 4790 Flebilis
1146 4736 1176 4787 et
1189 4747 1224 4786 ne
1237 4731 1299 4801 jam
1314 4732 1465 4799 rumpatur
1479 4726 1633 4791 anhelitus,
1654 4722 1738 4778 istinc

1017 4823 1086 4892 Figa
1109 4821 1242 4893 gradum,
1267 4817 1372 4888 digitos
1400 4816 1469 4871 dum
1485 4814 1582 4883 tande,
1598 4813 1728 4884 quiesces
1744 4816 1836 4881 purum·

1765 4893 1836 4967 [part

152 5089 242 5143 Ι1133
266 5084 441 5156 Sigahertus‚
468 5083 629 5153 [legoberto
655 5083 768 5155 aliquot
790 5090 852 5139 tum
880 5084 964 5140 annis
1018 5083 1079 5138 aliis
1101 5080 1232 5138 barbaris
1254 5078 1343 5151 Balgii
1362 5077 1493 5133 vastitate
1513 5075 1595 5142 obiit,
1612 5073 1647 5129 ad
1669 5071 1747 5145 quod
1760 5061 1839 5126 hicel-

117 5163 242 5223 mortuo,
259 5162 388 5226 utsupra
403 5159 558 5209 ostensum.

152 5231 261 5283 illanc
286 5225 438 5281 lectionem
460 5241 547 5296 supra
565 5225 761 5296 probavimus,
781 5226 832 5280 uhi
855 5225 964 5283 13113-

14 5308 18 5321 ·
118 5300 209 5353 133313
221 5305 328 5364 actum,
341 5296 355 5367 5
370 5297 395 5351 1.

1018 5154 1091 5210 13111
1108 5154 1205 5208 Poeta.

1054 5226 1067 5267 d
1086 5224 1135 5279 113,
1154 5225 1256 5277 11333.
1272 5221 1386 5276 labellis.

1053 5305 1064 5330 ⁰
1084 5295 1267 5348 Addebatur:
1294 5288 1540 5360 13311311111333,
1557 5287 1638 5342 fiebat
1655 5299 1749 5341 uersus
1763 5280 1814 5345 tat,
1824 5275 1843 5325 el

154 5368 331 5424 1113111338.
356 5365 500 5423 Serratlus
522 5370 553 5423 13
578 5365 643 5422 11311
658 5382 665 5420 :
690 5365 714 5420 13
741 5366 912 5423 imminente
929 5368 963 5424 ab
1017 5364 1218 5439 jungebantur
1232 5363 1294 5417 1333
1308 5361 1403 5432 capita
1415 5358 1482 5413 libri
1497 5374 1537 5413 13.
