3930 6098
115 302 161 352 lit
674 301 719 356 DE
739 301 904 359 CORPORE
924 303 968 358 ET
988 303 1162 362 sinoulnn
1183 307 1313 365 DOllllt'l.
1818 325 1868 379 162
1923 358 1927 367 .

110 435 229 533 loannis
251 434 436 506 Expositione
464 437 555 503 (tract.
580 437 666 508 xxvi),
693 436 761 492 dum
785 438 819 493 ds
842 442 999 509 corporari
1018 457 1135 513 corpus;
1150 449 1224 500 certe
1249 447 1293 501 vel
1313 452 1380 502 tunc
1406 448 1572 523 intelligetis
1599 455 1665 527 quia
1691 458 1784 529 gratia
1805 461 1868 532 ejus

111 524 219 620 tllrrrsti
236 525 401 593 loqueretur
426 529 454 578 et
477 524 682 595 sanguineam
705 527 756 581 ait:
775 547 789 578 c
812 529 962 584 Manduca-
1016 545 1074 583 non
1100 533 1278 587 consumitur
1303 538 1457 604 morsibus;
1483 546 1512 594 et
1534 542 1596 597 ait:
1616 544 1737 614 Spiritus
1753 553 1799 604 est
1817 551 1866 619 qui

110 618 151 666 rit
166 619 196 666 et
220 615 329 682 Moyses
344 629 459 684 manna,
475 614 658 669 manducavit
672 619 701 669 et
718 620 824 680 Aaron,
840 619 961 672 mandu-
1016 621 1145 689 vivificat,
1155 637 1217 677 coro
1229 639 1282 677 non
1292 625 1402 692 prodest
1418 626 1511 697 (ibid,
1523 631 1579 698 si).

112 701 185 754 cavit
208 706 237 754 ct
261 700 392 768 Phinees,
411 705 658 758 manducaverunt
680 704 720 758 ibi
736 704 819 759 multi
835 707 884 777 qui
905 708 963 761 lleo
1054 707 1161 764 Llllllll.
1191 711 1222 765 Et
1248 712 1379 782 pluribus
1403 713 1590 787 interpositis,
1620 736 1720 776 rursus
1748 723 1864 796 adjicit3

111 789 459 860 placuerunt‚etmortui
487 797 562 846 sunt.
585 791 698 857 Quare?
726 793 797 857 Quia
822 795 962 849 visibilem
1017 795 1147 866 Quisquis
1184 805 1283 862 autem,
1311 800 1406 872 inquit
1432 802 1506 856 idern
1537 808 1700 875 Apostolus.
1729 812 1864 881 Spiritum

111 879 209 934 cibum
235 879 425 951 spiritualiter
449 880 662 944 intellexerunt,
689 881 876 952 spiritualiter
902 901 963 938 esn-
1017 886 1121 941 Clrristi
1147 902 1199 941 uon
1225 889 1304 942 tabet
1335 890 1379 944 laic
1407 907 1459 945 non
1488 898 1526 946 est
1550 896 1607 963 ejus
1641 897 1731 965 (Rom.
1759 917 1798 968 si,
1826 903 1864 968 9).

112 967 234 1028 riernnt,
272 968 462 1039 spiritualiter
489 975 684 1039 gustaverunt,
714 975 747 1025 ut
777 972 965 1042 spiritualiter
1016 973 1137 1042 Spiritus
1166 991 1228 1044 erqo
1251 982 1290 1032 est
1313 981 1362 1047 qui
1383 982 1521 1048 vivificat:
1543 997 1606 1037 coro
1629 991 1863 1058 autemnonpro-

110 1055 296 1110 satiarentur.
323 1056 393 1111 Nam
409 1062 438 1110 st
463 1073 516 1111 nos
539 1056 625 1111 bodie
647 1058 803 1128 accipimus
822 1059 962 1115 visibilem
1017 1062 1076 1117 dest
1103 1065 1262 1133 quidquam.
1297 1068 1382 1122 Verbo
1410 1085 1469 1137 qnae
1493 1085 1540 1135 eqo
1567 1071 1669 1128 locutus
1693 1089 1752 1128 sum
1777 1077 1864 1147 stabis,

108 1143 231 1212 cibum;
253 1144 301 1199 sed
322 1144 399 1199 aliud
416 1148 458 1199 est
478 1151 699 1209 sacramentum,
721 1148 798 1202 atiud
814 1148 903 1203 virtus
918 1167 963 1204 sa·
1016 1153 1132 1219 spiritus
1154 1158 1179 1206 et
1194 1156 1252 1207 utto
1266 1160 1329 1208 sant
1345 1155 1434 1225 (donn.
1451 1173 1489 1225 rr,
1511 1160 1566 1230 ot).
1582 1159 1656 1224 Qnid
1678 1166 1730 1229 est,
1748 1165 1863 1231 spiritur

109 1232 261 1287 crementi.
279 1253 294 1282 a
309 1232 378 1287 ltem
394 1233 424 1286 in
439 1232 663 1304 posterioribus:
680 1234 738 1290 Hic
755 1241 794 1290 est
806 1239 899 1305 panis,
916 1239 965 1306 qui
1016 1243 1042 1294 et
1056 1244 1112 1295 uita
1135 1242 1222 1297 sunt?
1243 1242 1436 1313 Spiritualiter
1459 1246 1646 1319 intelligenda
1674 1256 1750 1305 sunt.
1776 1252 1862 1306 lutet·

108 1320 144 1374 de
157 1322 224 1376 creta
244 1321 381 1376 descendit
400 1321 486 1392 (loon⁴
505 1338 542 1389 vr,
566 1322 619 1393 59).
645 1325 726 1379 tluuc
747 1340 851 1395 panem
873 1326 964 1396 signi·
1018 1326 1109 1383 texisti
1125 1330 1321 1400 spiritualiter,
1339 1334 1457 1404 spiritus
1480 1342 1507 1389 et
1521 1337 1579 1390 vita
1598 1343 1678 1394 sunt.
1697 1338 1866 1395 Intellexisti

108 1407 205 1462 ticavit
229 1425 344 1476 manna,
362 1411 438 1464 hunc
459 1427 563 1480 panem
592 1412 762 1483 significavit
787 1412 874 1468 altare
902 1413 962 1468 liei.
1017 1417 1180 1486 carnaliter,
1202 1420 1289 1474 etiarn
1309 1422 1424 1492 spiritus
1444 1428 1472 1477 et
1491 1425 1549 1479 vita
1568 1431 1645 1492 sunt,
1666 1427 1714 1482 sed
1735 1427 1788 1482 tibi
1807 1444 1865 1484 non

108 1497 295 1553 Sacramenta
309 1500 358 1553 rlln
379 1499 515 1567 suerunt;
539 1500 570 1554 in
592 1500 681 1571 signis
706 1501 815 1555 diversa
829 1507 911 1566 sunt;
934 1503 963 1556 in
1018 1510 1094 1559 sunt.

109 1602 141 1638 rc
165 1603 231 1656 quoe
252 1586 439 1656 significatur,
467 1587 546 1658 paria
575 1595 652 1642 sunt.
679 1590 848 1659 Apostolum
879 1590 962 1645 audi:
1057 1595 1178 1649 tiltltltt.
1208 1597 1299 1667 liujus
1320 1600 1488 1654 auctoritate
1503 1601 1625 1656 doctoris
1640 1603 1725 1658 rerba
1750 1605 1865 1659 Domini

108 1674 238 1728 Nolooos
253 1677 388 1741 iqnorare,
413 1678 524 1742 fratres,
550 1678 616 1745 quio
640 1682 733 1746 patras
760 1681 847 1732 nostri
875 1694 964 1734 omrics
1019 1684 1166 1736 tractantis
1191 1684 1225 1738 de
1252 1693 1429 1741 sacramento
1453 1688 1497 1742 sui
1517 1692 1644 1760 corporis
1659 1698 1687 1745 et
1706 1693 1864 1763 sanguinis,

107 1761 161 1815 snb
176 1762 381 1829 suboluerunt,
404 1769 429 1818 ct
451 1779 539 1818 earnes
552 1764 671 1819 camdem
686 1781 773 1820 escam
792 1769 964 1837 spirituatem
979 1739 1000 1795 B
1020 1770 1169 1825 manifeste
1183 1772 1329 1841 docemur,
1342 1776 1419 1845 qnod
1436 1776 1484 1830 illa
1499 1777 1584 1831 vcrha
1603 1779 1715 1833 Domini
1730 1781 1865 1851 spiritua·

108 1853 353 1919 marriacuoerunt,
379 1855 404 1906 et
428 1867 516 1907 omrrcs
540 1853 660 1908 cumdem
682 1858 964 1925 potamspirituolem
1018 1860 1084 1913 litcr
1098 1865 1127 1914 et
1143 1877 1201 1914 non
1216 1861 1369 1916 carnaliter
1393 1863 1581 1933 intelligenda
1597 1872 1682 1933 sam,
1710 1868 1866 1940 sicutipse

109 1938 282 2009 biberunttl
304 1942 412 2008 Comi,
431 1942 501 2012 l-l).
529 1941 714 2012 spirituatem
743 1944 853 2015 utique,
888 1959 961 1999 eam·
1018 1948 1076 2002 ait:
1097 1949 1183 2004 Verbo
1202 1951 1862 2023 quaeeqotoqnorcotis,spiritusctuitosnnt.

107 2028 194 2095 dcm;
210 2045 268 2083 non
278 2031 457 2100 corporalem
474 2033 614 2097 attcrum;
632 2033 699 2102 quia
719 2032 762 2087 illi
779 2048 894 2100 manna,
910 2050 963 2089 nos
1018 2034 1107 2090 Verba
1128 2036 1227 2107 utique
1250 2038 1284 2091 de
1308 2054 1360 2091 sua
1382 2055 1467 2094 carne
1483 2043 1690 2110 manducanda,
1717 2049 1746 2097 ct
1762 2044 1796 2097 de
1812 2059 1864 2097 suo

108 2118 204 2172 aliud:
214 2119 394 2188 spiritualem
406 2135 484 2188 sero,
499 2136 585 2191 qrram
600 2136 661 2175 nos.
678 2120 712 2173 Et
731 2121 881 2192 adjungit:
899 2144 912 2172 a
933 2126 964 2178 lit
1017 2124 1159 2193 sanguine
1171 2124 1306 2180 bibendo.
1325 2125 1396 2180 lnde
1409 2127 1486 2182 enim
1504 2128 1673 2199 loquebator
1688 2132 1764 2185 unde
1778 2130 1863 2186 disci·

107 2208 335 2264 omneseumdem
348 2214 441 2276 potum
464 2211 637 2278 spirituatem
657 2209 791 2265 biberunt.
809 2211 960 2279 Atioditti,
1016 2213 1077 2281 puli
1102 2212 1215 2267 fuerant
1238 2213 1431 2269 scandalizati.
1450 2216 1523 2285 Ergo
1553 2223 1583 2271 ut
1611 2234 1668 2272 non
1693 2219 1866 2273 scandaliza-

107 2297 188 2350 atiud
213 2312 274 2363 nos,
306 2297 355 2349 scd
384 2298 478 2366 specie
508 2296 637 2352 risibili:
668 2298 746 2367 quod
775 2304 873 2353 tamen
909 2301 963 2354 boc
1017 2305 1116 2355 rentur
1132 2308 1246 2357 revocat
1260 2319 1310 2358 eos
1325 2303 1441 2359 divinus
1455 2304 1588 2375 Magister
1612 2306 1646 2360 de
1661 2323 1746 2363 carne
1760 2310 1796 2364 sd
1812 2312 1866 2383 spi·

106 2385 184 2439 idern
201 2384 375 2454 signiticaret
397 2387 501 2439 virtute
527 2386 679 2456 spirituali.
702 2386 849 2452 Quomodo
872 2390 961 2456 enim,
1016 2388 1115 2456 ritum,
1133 2390 1167 2445 de
1192 2405 1330 2462 corporea
1353 2393 1463 2447 visione
1478 2393 1513 2448 ad
1530 2394 1748 2465 intelligentiam
1764 2397 1863 2455 invisi·

107 2473 230 2528 eumdem
256 2473 373 2544 potum?
398 2475 541 2542 Bibebnnt,
572 2475 677 2545 inquit,
702 2475 734 2530 de
757 2478 899 2545 spirituali
918 2492 961 2532 se·
1016 2477 1114 2533 bilem.

106 2567 204 2633 quenti
223 2578 272 2635 ¹eos
293 2569 391 2633 petro:
414 2570 495 2634 petro
523 2570 614 2620 autem
639 2571 697 2620 crat
725 2566 864 2622 Christus.
892 2567 962 2621 lnde
1052 2566 1186 2622 llillillll.
1216 2577 1227 2603 ⁸
1256 2566 1390 2622 Videmus
1429 2584 1516 2641 orgo:
1558 2585 1620 2624 esca
1651 2571 1700 2627 illa
1735 2577 1863 2646 corporis

105 2651 193 2722 panis
213 2652 289 2706 uude
314 2657 408 2722 potus.
435 2653 516 2706 l’etra
532 2653 659 2708 Christos
674 2654 705 2708 in
728 2655 855 2724 signnm,
879 2671 962 2710 verus
1017 2654 1140 2720 bantini,
1157 2659 1187 2709 et
1204 2659 1289 2726 potus
1304 2655 1352 2710 ille
1367 2657 1515 2726 sanguinis
1529 2658 1600 2727 ejus,
1617 2661 1775 2716 secundum
1792 2664 1860 2734 quid

106 2740 240 2796 Christus
255 2740 285 2794 in
302 2740 391 2794 Verbo
408 2744 437 2794 et
452 2740 590 2795 incarne.
611 2763 621 2789 a
1015 2759 1080 2797 rere
1095 2759 1199 2813 corpus
1214 2743 1276 2812 ejus
1290 2748 1319 2797 et
1334 2759 1398 2797 vere
1412 2745 1530 2815 sangnis
1544 2747 1615 2816 eius,
1630 2748 1764 2818 existunt,
1783 2751 1862 2809 vide·

145 2828 259 2885 cxxix.
277 2850 292 2878 «
310 2830 396 2884 ltern:
415 2829 473 2884 Hic
492 2835 532 2884 cst
549 2832 631 2900 ponis
650 2831 683 2885 dc
702 2832 768 2886 eoelo
784 2832 958 2887 desemdens:
1015 2829 1081 2884 licet
1096 2831 1253 2885 secundum
1264 2830 1341 2901 qriod
1357 2831 1474 2902 spiritus
1487 2837 1516 2887 et
1531 2832 1588 2887 vita
1603 2840 1679 2890 sunt.

104 2923 139 2971 nt
153 2919 256 2986 siquis
271 2934 305 2971 ccc
324 2919 384 2988 ipso
401 2918 618 2984 manducaverit,
642 2935 696 2974 non
716 2922 889 2975 moriatur.»
906 2921 959 2976 Sed
1051 2917 1182 2974 Llllllllll.
1208 2918 1289 2986 ltem,
1319 2934 1383 2990 quac
1406 2919 1482 2975 idem
1512 2926 1587 2988 sunt,
1613 2939 1671 2976 una
1698 2923 1864 2982 delinitione

107 3006 189 3075 quod
220 3006 347 3077 pertinet
374 3007 410 3060 ad
436 3006 570 3060 virtutem
593 3008 774 3072 sacramenti,
798 3024 855 3063 non
881 3009 957 3079 quod
976 3033 996 3089 C
1016 3007 1308 3076 comprehenduntur.
1336 3008 1375 3063 lle
1395 3024 1463 3062 vero
1487 3025 1607 3080 corpore
1633 3012 1738 3068 Christi
1759 3014 1864 3071 dicitur

106 3093 236 3164 pertinet
264 3093 298 3148 ad
333 3093 443 3148 risibile
471 3100 705 3161 sacramentum3
734 3095 784 3167 qui
807 3094 960 3150 manducat
1015 3096 1090 3164 quod
1105 3094 1142 3147 sit
1163 3111 1245 3149 verus
1270 3097 1344 3149 Deus
1368 3101 1396 3150 et
1416 3112 1501 3149 verus
1525 3099 1628 3152 lromo:
1653 3100 1738 3169 Deus,
1762 3103 1863 3172 quiex

107 3183 199 3250 intus,
216 3198 275 3238 non
300 3182 389 3249 loris;
413 3181 463 3253 qui
480 3183 635 3238 manducat
658 3184 689 3238 in
708 3184 802 3251 corde,
825 3198 884 3238 non
909 3183 960 3255 qui
1016 3183 1073 3236 lico
1089 3182 1170 3236 Patre
1185 3189 1251 3236 ante
1273 3182 1377 3238 secula
1390 3189 1474 3237 natus
1485 3199 1493 3253 ;
1511 3186 1608 3252 homo,
1626 3187 1674 3257 qni
1693 3188 1722 3241 in
1739 3188 1798 3243 tine
1810 3206 1863 3244 sm·

105 3268 355 3341 premitdentc.r
607 3341 611 3349 Ι
1013 3271 1117 3326 culiex
1151 3271 1237 3326 llaria
1260 3271 1370 3342 virgine
1395 3272 1519 3342 genitus.
1545 3273 1558 3315 b
1583 3274 1648 3328 llaec
1673 3280 1769 3330 autern
1791 3276 1861 3332 dnm

144 3359 242 3415 lxix.
281 3360 352 3414 ltem
381 3358 410 3412 in
445 3358 652 3430 posterioribus
681 3360 767 3414 verba
805 3361 959 3416 salvatoris
1014 3360 1048 3414 de
1064 3375 1184 3430 corpore
1202 3359 1304 3414 tllrristi
1327 3361 1403 3432 quod
1422 3360 1450 3414 in
1473 3360 1595 3415 Ecclesia
1622 3378 1674 3432 per
1690 3363 1859 3434 mysterium

104 3447 304 3513 introducens,
335 3449 373 3502 ita
407 3447 495 3505 dicit:
525 3450 580 3504 Hoc
611 3464 657 3504 cos
683 3449 864 3516 scandalizat,
893 3453 960 3520 quio
1013 3449 1122 3517 geritur
1138 3448 1194 3502 dici
1208 3464 1266 3502 non
1291 3455 1422 3520 possunt,
1446 3450 1604 3505 secundum
1629 3452 1785 3522 quemdam
1800 3467 1860 3508 mo-

102 3537 189 3592 diat:
207 3539 321 3595 Cererem
341 3553 428 3592 meam
451 3537 485 3591 do
508 3537 582 3592 uobis
610 3537 785 3604 manducare,
808 3542 958 3608 etsanqui·
1013 3536 1081 3591 dum
1105 3552 1211 3608 corpus
1226 3537 1328 3592 Christi
1342 3553 1403 3591 esse
1431 3539 1631 3608 cognoscitur,
1647 3545 1676 3594 et
1692 3540 1794 3596 modus
1808 3541 1862 3597 iste

101 3642 165 3681 nem
194 3642 283 3681 meum
309 3626 422 3681 bibere?
445 3628 478 3680 Si
502 3642 565 3693 erqo
584 3627 709 3681 sideritis
727 3628 818 3692 filium
842 3626 959 3682 dominis
1013 3625 1043 3680 in
1064 3625 1219 3697 figuraest
1241 3630 1270 3681 et
1294 3625 1431 3697 imagine,
1455 3633 1488 3682 ut
1510 3628 1613 3682 veritas
1640 3644 1686 3684 res
1711 3629 1772 3702 ipsa
1796 3645 1860 3685 sen·

102 3714 293 3770 ascendentem
313 3714 362 3768 uti
381 3716 555 3783 erotprius‘t
569 3716 662 3782 (ioan.
685 3731 722 3774 vi.
747 3717 790 3776 62,
813 3716 868 3786 63.)
885 3716 958 3781 Quid
1012 3714 1110 3768 tiator.
1954 3709 1957 3715 ’

102 3808 149 3858 est
165 3804 243 3858 boc?
260 3803 330 3858 llino
346 3801 430 3857 solvit
444 3803 520 3874 quod
536 3802 599 3856 illos
611 3808 748 3866 moverat,
763 3803 831 3857 irinc
846 3804 959 3873 aperuit
1047 3802 1165 3858 lixit.
1182 3802 1212 3857 ln
1239 3801 1418 3856 orationibus
1440 3817 1504 3872 quae
1530 3808 1595 3873 post
1614 3804 1782 3874 mysterium
1797 3820 1861 3860 cor-

102 3893 186 3948 unde
208 3893 322 3947 luerent
346 3890 541 3946 scandalizati.
570 3891 614 3946 ltli
637 3891 714 3946 enim
737 3891 878 3963 putebant
892 3909 958 3947 eum
1013 3891 1090 3964 poris
1105 3889 1309 3962 sanguinisque
1325 3889 1430 3944 Christi
1452 3890 1597 3958 dicuntur,
1615 3896 1642 3945 et
1656 3907 1673 3944 a
1688 3894 1795 3962 populo
1811 3909 1859 3948 re·

107 3987 294 4052 erogaturum
313 3997 419 4051 corpus
433 3981 601 4036 strunt:illo
618 3986 714 4035 autem
729 3979 799 4036 dixit
815 3997 844 4034 se
858 3995 958 4034 ascen·
1013 3980 1181 4051 spondetur,
1215 3979 1319 4044 limem
1361 3979 1401 4033 sic
1436 3979 1590 4034 sacerdotis
1627 3995 1696 4033 voce
1735 3978 1857 4036 dicitur:

108 4086 208 4124 surum
234 4070 265 4124 in
296 4072 398 4125 coelum
422 4070 524 4140 ntique
551 4070 717 4141 integrum:
743 4071 808 4126 Cum
833 4069 958 4124 ardania
1013 4079 1023 4103 ⁶
1052 4071 1156 4142 Piqnus
1180 4074 1286 4124 eternae
1311 4071 1373 4122 uitae
1404 4071 1539 4137 capientes
1567 4068 1705 4123 humiliter
1728 4068 1860 4138 implora·

106 4159 197 4230 fitium
220 4160 337 4213 imminit
351 4160 535 4214 ascendmtem
556 4159 604 4213 ulii
618 4164 677 4213 erat
694 4161 782 4228 prius.
809 4158 891 4212 Corte
915 4159 957 4212 acl
1012 4174 1071 4214 mres
1086 4165 1117 4213 ut
1141 4159 1214 4228 quod
1233 4160 1262 4211 in
1279 4159 1399 4224 imoqine
1413 4158 1593 4223 continqimus
1616 4159 1791 4226 sumammtt,
1805 4173 1861 4213 ma·

108 4252 176 4303 tunc
189 4247 336 4313 videbitis,
360 4247 429 4319 quia
443 4264 502 4303 non
516 4264 551 4302 eu
567 4247 650 4302 modo
665 4262 722 4319 quo
736 4245 843 4318 potetis
858 4251 992 4382 erogatD
1011 4252 1114 4316 attacta
1131 4249 1343 4317 participatione
1357 4260 1504 4301 sumamus.

147 4441 275 4495 Videmus
298 4456 372 4510 erqo,
400 4446 453 4495 etc.
483 4441 511 4494 ld
537 4445 579 4494 cst
603 4455 661 4495 non
684 4455 717 4495 eo
741 4440 828 4495 modo
850 4439 959 4494 carnali
1013 4441 1121 4506 i'imoqe
1143 4438 1181 4494 du
1199 4442 1356 4493 sacrement.
1385 4439 1486 4495 Pronus
1513 4441 1619 4492 arania
1637 4441 1858 4508 oitaecapientes.

110 4527 165 4580 quo
195 4517 351 4565 sumuntur
376 4528 446 4565 escas
482 4511 627 4566 ordinarie
655 4512 761 4583 quibus
794 4513 903 4566 utimur
930 4515 959 4565 et
1012 4514 1198 4580 supplicamus
1215 4514 1291 4563 uteo
1312 4511 1467 4577 prationos
1488 4508 1588 4562 donari
1613 4511 1751 4577 eclisqrm
1769 4514 1858 4578 purti-

109 4589 204 4651 potns.
1012 4584 1131 4651 cipemns
1159 4594 1289 4634 scarnen
1313 4595 1345 4633 ca
1371 4595 1430 4648 quae
1456 4582 1554 4649 recipit
1579 4594 1676 4633 monus
1698 4583 1859 4636 nostratui

143 4653 238 4706 triac
252 4656 341 4706 autem
365 4651 430 4706 dum
454 4669 562 4722 corpore
577 4655 685 4708 Christi
699 4653 772 4722 quod
787 4655 816 4707 in
833 4654 958 4709 Ecclesia
1013 4655 1132 4718 imaqine
1150 4652 1323 4704 sacrementi.
1344 4648 1536 4713 Quamobrem
1556 4651 1705 4720 appellans
1729 4652 1858 4705 animum

109 4738 155 4791 per
168 4726 329 4790 mysterium
347 4726 453 4791 peritur
467 4723 523 4779 dici
541 4725 593 4778 adri
606 4729 728 4794 possunt.
747 4724 775 4777 ld
791 4730 844 4785 est,
863 4724 891 4777 in
911 4741 955 4778 eo.
1012 4729 1045 4777 ut
1059 4724 1113 4777 troc
1126 4720 1295 4775 vocabulum
1311 4722 1459 4786 manifesta
1474 4720 1636 4790 explicaret,
1649 4720 1758 4776 addidit
1773 4737 1859 4791 supra

110 4795 182 4858 orrod
212 4796 338 4847 exterius
372 4794 542 4866 exprimitur
578 4800 606 4848 ct
647 4794 777 4847 sensibus
809 4794 959 4864 subjicitur
1013 4794 1177 4846 asteriscum
1194 4795 1222 4845 et
1244 4791 1391 4860 eregione
1416 4791 1446 4844 in
1464 4791 1591 4861 mar-gine
1608 4792 1670 4846 libri
1683 4793 1757 4846 lianc
1773 4797 1857 4845 noto·

112 4863 173 4917 llas
199 4870 242 4917 est
267 4865 344 4918 enim
376 4882 457 4920 niens
482 4865 629 4920 llatramni
654 4879 706 4918 nec
734 4865 810 4919 aliud
857 4865 957 4920 rebare
1013 4863 1080 4927 lam,
1097 4864 1127 4915 id
1150 4868 1189 4917 cst
1211 4862 1332 4916 realiter.
1358 4861 1416 4930 Ego
1431 4878 1498 4915 vero
1513 4862 1635 4916 defendo
1651 4866 1724 4916 hanc
1741 4877 1802 4914 esse
1817 4860 1858 4914 di·

111 4936 205 4988 animo
224 4934 360 5002 intendit,
388 4942 420 4990 ut
445 4943 568 5003 patctex
586 4882 958 5004 hisconsequcntiiiusrer-
1012 4933 1137 4988 lucidam
1162 4938 1255 4987 textus
1280 4932 1366 5002 liujus
1392 4932 1527 4986 orationis
1557 4934 1747 5002 corruptelam
1770 4945 1857 5001 quam

112 5004 150 5058 bis
179 5005 268 5076 hujus
296 5007 412 5061 numeri
427 5007 475 5060 ts:
505 5008 565 5060 Dici
591 5021 644 5060 non
668 5011 783 5074 possunt
812 5006 957 5060 securrdum
1011 5003 1250 5076 prodiditeoloci
1268 5003 1449 5057 listramnus.
1817 5040 1823 5044 .

111 5076 251 5143 quemdam
281 5077 391 5131 modum
422 5091 518 5146 corpus
551 5077 654 5132 Christi
685 5090 741 5129 esse
769 5078 956 5143 coqrroscitur3
1050 5080 1077 5130 lo
1098 5075 1169 5140 Quia
1185 5075 1265 5129 nullo
1289 5079 1332 5126 est
1347 5071 1526 5143 antiquitatis
1550 5071 1694 5125 codicibus
1715 5069 1856 5141 exscripto

111 5147 237 5201 atmodus
252 5149 303 5200 iste
316 5152 345 5200 in
363 5147 457 5218 flaura
470 5152 509 5201 est
522 5153 548 5201 et
566 5149 686 5213 imagine
704 5150 735 5201 nt
751 5149 852 5201 ueritas
866 5148 958 5216 reipsa
988 5143 1405 5213 ·sermrirravindicar·ipotest
1434 5144 1508 5196 lianc
1526 5157 1622 5195 rocem
1648 5142 1857 5205 murrisestoas-

111 5221 248 5271 imitatur.
1012 5224 1155 5288 sumptam
1171 5230 1230 5269 non
1254 5214 1341 5268 luisse
1356 5215 1389 5267 ud
1404 5212 1622 5284 significandam
1646 5214 1752 5264 claram
1776 5217 1855 5282 pate·

142 5290 268 5354 ‘Pignus
286 5291 394 5342 mternae
413 5289 477 5342 cita
495 5289 640 5356 copiastae,
663 5292 716 5341 etc.
732 5287 876 5357 interpres
891 5303 957 5341 ver·
1011 5287 1164 5340 lectionem
1193 5300 1244 5340 seu
1270 5290 1400 5356 apertam
1434 5284 1628 5353 cognitionem
1659 5282 1857 5355 cujuscunque

112 5360 235 5417 naeuius,
259 5358 359 5428 quide
387 5359 492 5412 latinis
517 5359 578 5412 limo
600 5357 688 5412 rerba
714 5358 817 5411 Gallice
844 5358 958 5428 scripsit
1012 5356 1124 5427 objecti.

113 5425 232 5482 lan-rios
258 5444 335 5482 anno
353 5431 438 5483 isat:
459 5430 592 5484 ltceeoont
612 5430 635 5482 te
648 5443 717 5495 qope
731 5428 764 5482 de
785 5430 811 5482 la
826 5432 869 5484 sie
887 5434 955 5483 iter·
1046 5429 1076 5481 io
1100 5426 1164 5481 lloec
1179 5425 1271 5480 oratio
1296 5426 1436 5495 exscripto
1460 5427 1502 5477 cst
1525 5439 1559 5476 ex
1578 5422 1675 5478 codice
1690 5421 1857 5480 Sacramen-

113 5500 181 5566 nelte,
197 5512 265 5553 nous
280 5501 455 5568 tcmpptions
475 5499 508 5554 dc
530 5514 597 5554 nous
615 5500 689 5565 faire
704 5499 730 5552 la
742 5503 824 5569 price
843 5500 875 5553 de
888 5515 956 5569 por-
1011 5499 1083 5552 tario
1102 5497 1194 5553 Galesi
1210 5514 1302 5568 pisper,
1319 5497 1368 5551 tib.
1385 5511 1414 5562 n,
1432 5494 1465 5548 ad
1478 5495 1778 5563 postcommunionem
1793 5496 1857 5551 isati

113 5571 202 5638 ticiper
226 5569 379 5625 ridtement
406 5572 424 5622 6
448 5585 477 5624 ce
503 5585 554 5638 quc
578 5575 655 5625 notre
681 5572 757 5625 main
784 5571 868 5636 secati
894 5584 957 5625 sons
1010 5574 1116 5625 octavae.
1137 5570 1333 5641 apostolorum
1356 5565 1403 5621 SS.
1432 5565 1509 5620 Petri
1522 5570 1553 5620 et
1568 5564 1649 5620 Pauli
1667 5581 1754 5639 qoem
1785 5581 1856 5637 pau·
