3930 6098
127 252 180 309 547
429 290 435 302 .
811 247 942 304 ilvam
960 248 1197 309 conburunsls
1823 260 1877 316 548

127 395 295 455 ventilabit?
316 396 414 449 Portas
436 393 496 462 ειυς
519 395 580 462 quis
603 396 716 463 aperiet,
737 411 808 466 quas
823 397 931 451 clauses
945 403 973 452 et
990 384 1087 455 aaa
1101 346 1247 457 lampadii.
1254 387 1412 456 limiedimh
1429 405 1488 443 ¹¹⁰⁰
1504 390 1614 461 s¹¹¹8⁰f0
1629 392 1697 448 fidei
1712 394 1875 462 lumlss⁰³aes

128 489 254 544 obtectas
266 498 376 538 veneno
390 480 548 535 conclusit?
560 481 736 536 subauditur
754 500 761 537 :
778 483 833 537 nisi
848 501 912 555 ⁰8⁰,
924 487 973 557 qui
1027 474 1074 527 scd
1089 473 1247 545 nigredinis
1260 475 1338 530 firmo
1355 476 1516 532 ridentibus
1532 479 1673 550 caligosae.
1692 482 1762 536 Nam
1780 482 1874 554 sequi-

127 574 226 633 olectis
248 572 328 636 meis,
350 575 379 624 et
401 569 505 640 pusillo
527 570 620 641 gregi,
637 571 695 625 imo
713 572 819 626 malitia
834 574 971 643 parvulis,
1027 567 1096 618 ¹¹¹?ss
1120 565 1196 619 Sicut
1217 566 1292 619 ΜΞ
1307 567 1380 634 ipnis
1400 569 1875 625 ⁰⁶m⁵ae·Taed³01¹fflS⁰csstndi·

126 662 295 737 sapientiam
320 659 470 713 doctorum
491 659 580 728 ipsius
604 659 768 726 subdolam,
792 666 821 714 et
842 661 973 717 fraudem
1025 657 1082 721 tur,
1097 653 1195 724 ignem
1216 654 1287 724 gerit
1304 655 1470 722 obscurum,
1489 660 1518 710 et
1538 657 1640 727 globus
1662 658 1784 713 nubium
1809 660 1874 714 fun-

126 751 272 811 gutnjtem,
294 752 470 817 tactumque,
492 747 670 817 praestigium
697 749 847 820 perspicua
873 752 971 822 cogni.
1026 741 1097 796 dens
1114 753 1165 813 per
1180 742 1276 796 inania
1291 743 1422 810 tendens,
1438 745 1527 799 mittit
1542 746 1576 800 ed
1594 747 1707 802 calum.
1725 747 1771 802 Sic
1788 755 1817 801 ει
1833 750 1874 803 ιει

125 840 202 894 hona
218 836 324 893 diaboli
338 841 514 904 compactam
537 852 657 899 veneno,
680 837 751 890 meis
769 838 902 893 omnihus
919 857 970 910 pa.
1027 829 1121 900 liujus,
1139 847 1197 885 non
1214 831 1334 899 domini,
1356 833 1488 888 vindictae
1506 834 1567 903 igni
1589 836 1774 890 succenditur
1796 853 1803 892 ι
1825 837 1873 892 scd

124 929 184 984 tale
211 924 372 980 manifesto.
401 925 452 978 Per
480 939 577 992 pyrum
607 925 728 980 dentium
756 925 814 996 ejas
842 928 970 995 formido,
1025 921 1216 976 simulationis
1230 923 1385 978 calliditate
1399 924 1461 978 loeo
1477 926 1637 997 splendoris
1652 928 1806 999 caliginem
1823 945 1872 1000 ge·

124 1021 218 1072 terror
238 1013 386 1086 potestatis
408 1012 588 1067 evidentibus
611 1013 701 1084 signis
722 1014 854 1079 edicitur,
872 1017 921 1088 qui
941 1017 972 1071 in
1025 1008 1064 1063 rii
1077 1009 1191 1064 θιιῡιίι.
1246 1002 1253 1015 ’

125 1105 187 1176 ειυς
216 1101 404 1158 muniendum
434 1100 627 1169 mendacium,
654 1107 682 1156 et
712 1103 769 1157 oris
798 1103 972 1160 fallacissimi
1060 1100 1104 1153 30·
1136 1102 1171 1153 De
1195 1099 1310 1154 naribus
1337 1102 1397 1170 ειυς
1422 1101 1546 1171 procedit
1574 1105 1677 1170 sumas.
1705 1105 1760 1160 Per
1788 1121 1872 1159 nares

125 1193 243 1248 verbum
267 1206 364 1245 severa
386 1189 456 1258 legis
476 1189 584 1243 criticae
603 1191 761 1262 consurgit.
778 1192 880 1262 Corpus
895 1194 971 1248 itlius
1025 1202 1150 1258 namquo
1172 1187 1246 1242 odor
1267 1189 1408 1256 trahitur3
1430 1194 1458 1244 el
1481 1191 1551 1262 quid
1570 1208 1620 1262 per
1641 1209 1724 1247 nares
1739 1194 1795 1247 nisi
1810 1195 1872 1265 ejas

124 1285 202 1337 scuta
216 1280 324 1346 [osilia.
342 1276 426 1331 Scuta
438 1276 534 1330 fusilia
548 1277 672 1331 telorum
687 1282 754 1332 sunt
768 1279 870 1333 ictibus
886 1296 971 1351 rapu·
1025 1275 1155 1330 odorifici
1177 1276 1368 1331 indicantur:
1391 1277 1417 1331 id
1441 1283 1493 1344 est,
1512 1280 1664 1350 sapientes,
1681 1287 1709 1336 et
1723 1282 1805 1349 clari,
1822 1283 1871 1355 qui

125 1369 251 1441 guantia,
269 1368 317 1422 sed
340 1369 458 1420 manent
472 1380 539 1419 casu
554 1365 677 1435 fragilia.
695 1367 735 1420 lta
752 1370 779 1420 et
803 1367 971 1437 praedicato-
1026 1379 1081 1418 non
1105 1365 1224 1418 olfatum
1247 1371 1422 1433 nectareum,
1449 1367 1655 1440 ambreumque
1677 1371 1691 1412 h
1714 1370 1872 1442 thymiama

123 1474 169 1512 res
183 1454 386 1512 crudelissima
400 1452 498 1506 bestia
513 1468 565 1523 per
580 1453 804 1508 obstinationem
830 1456 969 1509 mentium
1024 1453 1220 1520 odorantibus,
1245 1454 1293 1508 sed
1319 1459 1452 1525 putorem
1480 1458 1650 1512 cadaverum
1678 1459 1814 1530 proferet,
1842 1476 1870 1514 se

123 1547 258 1607 existunt,
281 1559 346 1596 rera
365 1541 585 1613 [tradicentibus
603 1541 678 1607 duri,
699 1552 728 1595 ει
744 1559 795 1612 ρει·
816 1558 970 1597 conversa·
1024 1557 1138 1612 semper
1161 1543 1368 1598 sufficientibus
1387 1544 1404 1598 ¹.
1431 1545 1464 1599 Et
1483 1546 1586 1601 merito
1601 1547 1673 1601 fumi
1689 1549 1807 1604 nornine
1822 1549 1870 1604 de·

122 1635 230 1690 tionem
253 1646 372 1703 operum
395 1629 527 1684 mereri⁸
547 1635 574 1684 et
599 1630 706 1695 caduci,
729 1631 822 1702 quiet
839 1632 968 1685 Ecclesia
1024 1633 1162 1701 signatur,
1189 1637 1221 1685 nl
1245 1632 1428 1703 hypocriseos
1457 1636 1576 1689 materia
1601 1635 1705 1706 aptiori
1732 1636 1870 1692 vocabulo

121 1721 320 1778 contradicunt
335 1717 427 1772 inflati
444 1722 528 1772 rento
543 1717 695 1788 superbiae,
720 1725 747 1771 et
772 1718 851 1789 lapsu
876 1721 969 1773 carnis
989 1691 1195 1775 Barnaeum.
1211 1722 1321 1776 Halitus
1336 1722 1395 1791 ειυς
1407 1739 1513 1792 prunas
1535 1724 1631 1778 ardere
1650 1727 1743 1791 facit:
1766 1727 1869 1781 halitus

121 1828 151 1868 se
172 1809 290 1883 propria
315 1806 490 1861 interficiunt
511 1807 668 1860 vuluntate.
693 1807 866 1876 Compasium
884 1823 965 1877 squa·
1023 1808 1130 1880 qnippe
1146 1809 1352 1880 respiraculum
1370 1811 1435 1866 vitre
1458 1817 1509 1878 est,
1533 1818 1559 1867 ει
1584 1815 1639 1867 rita
1657 1815 1809 1869 hominum
1826 1817 1867 1870 lex

120 1903 172 1957 mis
186 1916 214 1956 se
227 1897 411 1970 prementibus
427 1914 435 1949 ς
451 1911 554 1965 corpus
575 1895 705 1950 draconis
727 1896 829 1950 scamis
852 1912 966 1967 compa·
1022 1896 1074 1952 uei
1098 1903 1150 1965 est,
1175 1915 1239 1970 qnae
1263 1916 1358 1953 mores
1381 1900 1533 1955 hominum
1560 1902 1687 1973 corrigit,
1711 1908 1740 1958 ει
1763 1909 1866 1959 slahim

120 1994 196 2044 ctrrm
210 1992 263 2054 esi,
281 2002 316 2040 ne
336 1984 436 2054 jaculis
452 1988 548 2054 pateat
561 1983 779 2054 praedicantum,
794 1985 844 2056 qui
859 2001 967 2039 scamas
1021 1986 1155 2041 humanae
1170 1987 1270 2041 salutis
1287 1992 1383 2058 optata
1405 1989 1531 2060 dirigens
1552 2007 1621 2061 pace
1637 1993 1792 2063 componit.
1814 1993 1865 2047 Sed

120 2077 251 2132 Ecclesiae
266 2073 375 2144 objicit,
391 2088 427 2126 ne
445 2071 572 2125 veritalis
588 2072 691 2141 sagitta
705 2073 795 2140 possit
809 2073 939 2143 transfigi
959 2090 964 2127 :
1020 2074 1105 2145 hujus
1122 2076 1240 2145 legifera
1255 2076 1363 2131 sanctio
1378 2093 1484 2146 prrrnar
1503 2079 1600 2143 ardere
1614 2081 1693 2148 facit,
1717 2063 1785 2152 quia
1806 2097 1866 2135 car·

119 2165 169 2221 sed
184 2181 213 2220 ss
234 2162 340 2237 premit
359 2177 415 2215 nou
431 2160 513 2229 alios,
536 2159 604 2213 dum
620 2164 702 2230 putat
717 2177 746 2214 se
770 2161 964 2215 defensionem
1020 2165 1077 2217 nali
1099 2163 1252 2230 desiderio,
1269 2171 1298 2219 et
1322 2180 1420 2219 amaro
1444 2166 1561 2234 caduco,
1588 2168 1712 2223 cultores
1736 2171 1866 2242 proprios

118 2251 332 2327 clypeisbtegi.
353 2252 412 2306 Una
428 2251 477 2303 uni
497 2249 682 2317 conjungitur,
709 2254 734 2303 ει
756 2265 789 2303 ne
811 2253 965 2319 respirare·
1020 2253 1122 2323 replet,
1147 2258 1176 2307 et
1197 2253 1260 2324 jugi
1286 2254 1453 2324 ambitione,
1478 2262 1511 2310 ut
1539 2257 1667 2324 ardeant,
1693 2258 1865 2329 quibusdam

118 2344 174 2399 lum
195 2343 304 2414 quidem
325 2338 449 2410 procedit
467 2353 518 2407 par
541 2352 595 2392 eas.
622 2337 735 2392 Scilicet
758 2340 965 2409 respiraculum
1020 2341 1157 2412 exemplis
1180 2343 1336 2412 stragulis
1360 2344 1452 2399 docet.
1478 2345 1573 2399 Potest
1592 2351 1619 2399 ct
1638 2346 1744 2401 halitus
1765 2365 1864 2403 eornm

117 2433 184 2487 vilre
200 2448 207 2485 ε
225 2431 372 2485 obdurata
392 2427 469 2481 enim
485 2431 552 2479 sunt
568 2431 596 2480 et
611 2427 771 2496 conjunctae
789 2427 966 2482 obstinanter
1020 2431 1123 2485 ardens
1146 2429 1259 2501 gladius
1281 2431 1306 2498 ¹,
1332 2447 1419 2502 quem
1444 2431 1593 2502 fulgurans
1616 2435 1742 2504 minitat,
1764 2437 1864 2508 accipi,

118 2521 154 2576 nd
175 2520 294 2585 malum,
320 2515 393 2571 nulli
417 2514 568 2569 reddentes
592 2514 660 2568 honi
685 2515 782 2569 odoris
805 2516 924 2571 olfatum
942 2527 962 2572 0.
1019 2533 1106 2589 quem
1122 2519 1230 2571 mimda
1244 2535 1312 2588 pace
1328 2520 1507 2589 etpalientia
1521 2522 1680 2592 composita
1697 2524 1824 2592 flumini,
1837 2533 1866 2578 ut

121 2604 476 2670 Unaoiteriadlrarebunl,
493 2607 518 2657 ct
537 2608 652 2657 tenentes
677 2618 704 2657 ςε
728 2620 900 2674 nequaquam
921 2621 962 2660 se·
1019 2623 1084 2661 vere
1111 2607 1300 2662 antichristus
1327 2609 1471 2663 contrario
1500 2609 1700 2681 Redemptoris
1730 2613 1865 2667 incedens

115 2697 300 2768 parabuntur.
317 2693 392 2748 Furti
409 2692 514 2764 quippe
530 2692 740 2762 conjunctione,
755 2699 783 2746 et
796 2694 889 2747 tenaci
903 2696 964 2764 giu·
1019 2696 1099 2759 calle,
1119 2697 1271 2750 universali
1288 2697 1472 2751 exsecutione
1487 2701 1555 2765 loto,
1572 2703 1605 2753 ut
1617 2699 1752 2766 diximus,
1769 2701 1866 2773 injecit
1923 2739 1953 2751 ,-

116 2785 178 2841 tino
198 2783 357 2857 iniquitatis
380 2781 512 2846 connexi,
538 2781 691 2836 unanimes
714 2788 743 2836 et
771 2784 874 2854 aquali
897 2789 964 2838 suut
1019 2784 1234 2839 crudelissimas
1260 2784 1338 2839 orbe.
1363 2785 1443 2849 Quod
1467 2788 1594 2857 apertius
1616 2790 1778 2858 prosecutio
1803 2790 1865 2862 ipsa
1914 2828 1953 2841 -

117 2875 226 2946 majore
248 2873 316 2929 vitio
342 2873 355 2914 d
382 2869 527 2943 glutinati.
554 2871 722 2925 sternutatio
750 2871 809 2940 ειυς
837 2872 964 2941 splendor
1018 2871 1141 2941 explicat
1159 2870 1226 2927 libri
1248 2872 1344 2926 dicens
1366 2888 1372 2925 :
1393 2873 1432 2926 Et
1450 2875 1561 2942 damma
1576 2874 1609 2928 de
1623 2890 1667 2929 ore
1683 2877 1742 2944 ειυς
1758 2878 1863 2946 egredi·
1928 2904 1951 2913 -

117 2966 200 3032 ignis.
217 2963 290 3028 Quid
307 2977 358 3032 per
373 2959 603 3014 sturnitationem
620 2970 639 3026 θ,
661 2960 716 3013 nisi
736 2959 847 3013 inflatio
863 2976 962 3031 corpo·
983 2966 1063 3045 Ctur
1078 2978 1087 3013 r
1105 2976 1167 3031 qua.
1182 2960 1362 3016 Christicolas
1376 2967 1404 3015 ct
1416 2962 1620 3033 omnipotentis
1637 2965 1750 3019 llomiui
1768 2983 1863 3021 servos
1914 2981 1952 3013 α·

117 3053 166 3122 ris,
195 3056 224 3107 et
249 3049 402 3105 commotio
432 3047 532 3118 capitis
556 3047 742 3118 designatur?
764 3054 793 3102 et
817 3049 885 3120 quid
911 3065 963 3120 per
1016 3054 1147 3120 satagens
1165 3049 1286 3103 adurere
1308 3051 1464 3104 carnalium
1487 3051 1572 3105 corda
1592 3051 1721 3120 libidine,
1742 3057 1861 3109 commi·
1919 3080 1951 3090 -

116 3141 341 3196 commotionem
363 3137 473 3209 capitis,
496 3141 524 3190 et
547 3135 725 3190 inflationem
750 3137 881 3207 pectoris,
906 3139 962 3193 nisi
1016 3134 1166 3207 illoneque
1181 3138 1337 3192 multarum
1351 3138 1545 3194 faecium-facit
1561 3140 1669 3195 ardere.
1686 3144 1717 3196 ln
1733 3143 1788 3197 loco
1803 3145 1862 3213 ειυς
1899 3153 1954 3188 ⁴⁴·

116 3229 260 3301 superbia,
286 3228 376 3293 furor,
403 3226 446 3278 ira
474 3229 502 3278 et
523 3224 683 3278 constantia
711 3226 835 3279 mentis?
857 3225 961 3295 Spleu-
1014 3223 1167 3277 morabitur
1180 3225 1478 3296 fortitudo:polestas
1495 3235 1522 3282 et
1537 3229 1618 3299 vigor
1633 3230 1747 3300 regalis,
1762 3237 1791 3285 et
1805 3232 1860 3287 late
1896 3245 1955 3278 ==

115 3317 168 3374 dor
190 3318 264 3373 dicta
286 3321 327 3369 est
351 3314 391 3367 ris
416 3313 465 3367 illa
484 3312 598 3378 furoris,
615 3328 648 3365 eo
663 3312 738 3383 quod
755 3313 836 3384 quasi
850 3315 960 3368 ultione
1015 3311 1176 3367 discurrens
1203 3313 1361 3385 principale
1390 3316 1546 3382 decretum,
1574 3319 1742 3373 auctoritate
1768 3320 1859 3391 impe·
1907 3343 1955 3354 ι

114 3406 187 3478 legis
203 3406 296 3460 rabies
318 3419 420 3457 vesana
444 3402 475 3455 in
499 3400 602 3455 Christi
625 3402 747 3454 cultores
768 3401 893 3469 desaerit,
910 3404 961 3456 liu·
1014 3400 1120 3455 ratoria
1149 3401 1221 3456 forle
1245 3399 1268 3455 l.
1297 3403 1351 3458 Sed
1379 3405 1476 3471 sarciam
1506 3407 1565 3475 ειυς
1589 3407 1721 3476 praecedet
1746 3416 1858 3476 caestus.
1895 3442 1957 3458 ⁴-

114 3510 186 3566 geus
207 3511 235 3548 se
255 3492 438 3563 splendorem
464 3489 535 3560 legis
554 3489 669 3554 habere,
687 3505 751 3560 quae
770 3506 827 3544 uon
843 3491 960 3546 luminis
1015 3490 1130 3559 Egestas
1145 3506 1209 3544 vere
1228 3491 1337 3562 aliquid
1360 3493 1558 3563 pronrittcudi,
1583 3494 1625 3548 rel
1649 3501 1725 3551 certe
1749 3504 1859 3568 egestas
1883 3504 1959 3544 Ξ

113 3584 247 3650 faculam,
264 3582 312 3636 sed
328 3579 515 3651 nigerrimam
538 3578 658 3632 ustionis
677 3579 781 3633 retiuet
800 3579 956 3635 flammam.
1012 3593 1087 3632 rerer
1110 3579 1259 3646 doctrinae,
1276 3597 1372 3651 quma
1395 3581 1441 3636 die
1461 3583 1631 3653 egressionis
1644 3583 1745 3640 bestiae
1766 3585 1962 3641 immi-⁴·-

113 3673 165 3729 Sed
187 3680 216 3726 ut
236 3671 295 3727 dixi
318 3671 440 3724 colorem
465 3667 594 3721 veritatis
612 3666 747 3737 induens,
767 3667 908 3737 justitiam
929 3670 958 3722 in
1013 3672 1082 3721 nuto
1097 3672 1149 3735 est,
1166 3673 1194 3723 et
1210 3668 1367 3736 confracta;
1382 3685 1433 3724 seu
1448 3670 1587 3725 virtutum
1608 3676 1636 3726 et
1652 3672 1858 3729 miraculorum
1877 3680 1961 3725 cl

112 3760 200 3818 oeulis
227 3755 576 3815 intuentium'defendere
600 3756 683 3827 fingit
708 3772 715 3811 :
746 3757 796 3811 sed
824 3773 888 3812 rere
912 3774 958 3828 ge·
1013 3755 1094 3826 signa
1110 3755 1128 3822 ¹,
1145 3772 1210 3828 qnae
1227 3757 1381 3825 moderate,
1399 3773 1449 3812 nec
1464 3764 1496 3813 ut
1507 3758 1537 3812 in
1553 3759 1694 3830 principio
1708 3751 1963 3834 ιιιιιιιίριίειί-’ῖ-ἰ

111 3847 215 3904 benna
231 3848 398 3902 tenebrosus
414 3850 457 3900 est
470 3845 556 3916 iguis,
569 3845 637 3916 quia
649 3861 707 3898 non
718 3844 873 3900 inluminat
883 3863 957 3900 crea·
1012 3843 1092 3913 flora,
1116 3851 1273 3899 coruscant.
1296 3847 1416 3901 Membra
1439 3852 1564 3902 cerarium
1586 3852 1645 3918 ειυς
1670 3851 1964 3906 εειειευιιυΜ

110 3942 213 4004 turam,
235 3937 282 3991 sed
309 3936 376 3990 urit.
404 3935 481 3991 Oculi
504 3934 563 4002 ειυς
587 3938 617 3987 ut
641 3934 777 4003 palpebra
799 3933 808 3968 ¹
830 3934 956 3988 diluculi.
1011 3932 1066 3986 sibi
1081 3949 1090 3987 r
1107 3932 1206 3986 eadem
1222 3932 1322 3986 crebro
1342 3932 1456 3987 divinus
1478 3934 1582 4004 repetit
1605 3949 1709 3988 sermo.
1736 3936 1768 3989 Et
1790 3936 1921 3990 sicut,
1945 3944 1965 3975 -‘

111 4025 164 4082 Per
177 4025 274 4081 oculos
284 4025 432 4079 haurimus
443 4024 555 4088 lumem
570 4026 598 4075 et
614 4021 682 4093 quid
697 4021 855 4076 Behemolh
870 4022 956 4092 ocrrli,
1011 4020 1099 4074 fortes
1118 4019 1248 4090 ipsorum
1269 4021 1444 4075 coherentes
1462 4038 1515 4092 per
1529 4039 1561 4077 os
1575 4038 1659 4076 suum
1676 4023 1795 4078 nomine
1811 4024 1938 4079 del
1951 4040 1963 4051 ·

110 4114 167 4170 nisi
184 4120 233 4170 aut
246 4117 391 4186 praeeepia
407 4111 478 4182 ejus,
494 4127 547 4181 por
566 4126 630 4180 qum
646 4127 675 4163 se
690 4110 788 4164 lumen
804 4110 957 4165 infundere
1011 4106 1202 4179 signarit3ita
1216 4108 1317 4162 molles
1336 4113 1365 4161 et
1385 4109 1493 4163 debiles
1508 4126 1559 4180 per
1577 4109 1706 4164 carnium
1730 4111 1859 4165 memb·
1900 4120 1956 4149 =-:

109 4203 194 4272 fallit,
217 4208 267 4257 aut
287 4202 440 4273 sapientes,
457 4215 509 4269 per
523 4214 595 4269 quos
611 4199 735 4251 versutia
751 4199 854 4252 latinus
875 4205 957 4254 tensa
1010 4196 1147 4251 distinxit.
1170 4197 1205 4251 Ut
1225 4213 1339 4251 omnem
1362 4197 1538 4268 perditorum
1554 4215 1676 4253 massam
1692 4205 1724 4254 ει
1741 4199 1789 4254 hic
1804 4200 1914 4254 ini-2

110 4291 264 4348 discurrit?
278 4290 426 4361 Spondent
445 4304 474 4342 se
490 4287 623 4341 tenebras
639 4286 788 4356 repellere,
809 4291 837 4341 et
852 4288 954 4343 verita·
978 4284 1132 4356 [iquitatis
1148 4285 1227 4338 unite
1243 4301 1324 4340 coeno
1339 4285 1469 4341 firmaret
1483 4292 1638 4354 ostensam,
1658 4291 1687 4343 et
1706 4287 1738 4342 iu
1760 4288 1851 4343 futur·
1877 4303 1919 4327 ⁶
1954 4296 1959 4318 ⁸

109 4379 146 4437 tis
160 4382 260 4436 lumen
275 4379 366 4450 signis
387 4375 560 4431 clarentibus
579 4375 722 4441 nuntiare,
743 4375 830 4430 iidem
851 4376 955 4431 Christi
1009 4375 1138 4444 sptenis
1154 4375 1233 4429 nullo
1255 4375 1340 4429 modo
1361 4374 1474 4430 doceret
1494 4375 1623 4431 divisam.
1648 4376 1760 4448 Ubique
1780 4376 1964 4432 anima

108 4470 241 4526 tenebras
256 4470 425 4532 asserentes,
448 4469 475 4518 et
497 4480 526 4518 sc
546 4479 645 4517 rerum
664 4479 747 4518 mane
763 4464 954 4532 credentibus,
1009 4462 1064 4516 sibi
1077 4461 1230 4529 haerentes,
1246 4468 1273 4516 ει
1288 4479 1346 4516 nou
1361 4462 1496 4533 disjuncti
1518 4463 1684 4530 consistunt,
1702 4464 1771 4535 quia
1784 4466 1849 4519 eti
1891 4471 1958 4503 *⁸

110 4558 281 4632 quibusdam
305 4553 491 4627 praestigiosis
516 4552 629 4607 indiciis
649 4552 810 4623 designare.
834 4553 956 4607 Possunt
1009 4551 1111 4606 saeculo
1127 4568 1178 4622 per
1192 4552 1368 4606 voluntatem
1391 4568 1507 4622 pravam
1531 4557 1599 4606 suut
1622 4552 1675 4606 sibi
1698 4553 1897 4624 conjuncti„
1918 4535 1964 4600 j·

109 4652 139 4703 ut
153 4648 235 4718 quasi
251 4644 397 4716 palpebras
414 4643 530 4698 diluculi
552 4641 616 4696 ideo
639 4640 747 4696 dictum
770 4640 903 4711 intelligi,
920 4658 954 4695 eo
1010 4644 1037 4694 et
1051 4639 1081 4694 in
1097 4639 1281 4694 damnatione
1295 4639 1392 4694 futura
1405 4657 1457 4711 per
1466 4641 1654 4711 justissimam
1667 4642 1739 4712 justi
1751 4642 1926 4698 Indicit
1944 4639 1964 4675 «³

109 4736 189 4810 qnod
205 4735 359 4790 simulante
375 4732 502 4803 priorem
521 4732 614 4801 legem
630 4735 766 4797 veterem,
788 4729 868 4801 quasi
889 4729 954 4801 qni·
1009 4727 1174 4800 aequitatem
1190 4728 1361 4782 abinvicem
1377 4745 1433 4783 nou
1455 4729 1548 4784 divisi.
1570 4731 1657 4785 dfittit
1680 4736 1777 4786 contro
1798 4727 1961 4786 cirrus⁴¹

108 4823 229 4880 busdam
245 4820 415 4877 indiciorum
438 4818 570 4886 decretis,
587 4819 630 4871 rel
647 4821 858 4888 praceptorum
878 4815 953 4887 rigo·
1007 4818 1135 4884 fairrino,
1150 4821 1174 4870 et
1191 4816 1228 4870 ad
1244 4818 1329 4871 locum
1343 4818 1427 4871 ulium
1448 4832 1502 4872 nou
1522 4819 1659 4884 ιειυιιιυι.
1682 4818 1756 4883 Quia
1775 4827 1956 4875 com-f

108 4913 199 4981 ribus,
214 4912 245 4967 in
262 4911 356 4982 aliqua
376 4909 474 4964 tenuia
493 4907 607 4961 imitare
630 4905 743 4960 conavit
757 4917 777 4959 t.
793 4905 848 4960 Sed
862 4905 895 4960 de
909 4921 955 4960 ore
1008 4903 1181 4958 minutiones
1195 4903 1300 4958 divinae
1312 4904 1382 4959 dum
1394 4920 1471 4971 eum,
1488 4921 1706 4978 memoremque
1721 4909 1795 4981 ejus,
1811 4916 1949 4980 sps

141 5057 197 5112 ¹F.
212 5057 314 5111 miseri.
1042 5045 1126 5110 ruia,
1143 5045 1192 5099 ubi
1208 5045 1243 5100 de
1259 5063 1288 5100 re
1305 5045 1364 5116 agit
1378 5047 1534 5116 praeterita,
1558 5064 1610 5118 per
1634 5047 1649 5101 b
1675 5049 1793 5120 scripsit
1813 5065 1856 5105 co-
1903 5063 1921 5072 ‘

141 5129 228 5190 1ills,
243 5131 375 5196 clippeus.
1007 5117 1099 5182 naora-
1115 5119 1172 5170 tem
1196 5132 1245 5170 ora
1260 5123 1356 5171 autem
1377 5118 1474 5172 lutura
1490 5134 1539 5188 per
1553 5134 1569 5172 υ
1584 5119 1753 5189 frequenter
1768 5126 1854 5175 norat.

141 5207 152 5234 ⁸
175 5198 221 5254 Sic
245 5197 355 5268 rulgari
379 5195 489 5265 lingua,
514 5209 527 5246 c
552 5206 714 5263 suppressa,
741 5188 857 5260 llispani
880 5189 953 5243 olla·
1043 5187 1114 5241 hdh
1126 5133 1255 5267 aymiaro,
1272 5204 1321 5242 seu
1338 5188 1449 5257 ambro,
1462 5188 1539 5260 quod
1550 5190 1664 5256 Graecis,
1679 5195 1710 5244 et
1725 5192 1857 5265 Hispanis

106 5274 184 5325 ctum
200 5269 372 5341 proferimus
386 5267 482 5331 olsoto.
1006 5257 1103 5313 amiur
1118 5259 1230 5312 dieitur.

142 5336 157 5374 ‘¹
171 5340 200 5395 F.
216 5339 341 5408 aqualis,
359 5341 422 5392 sunt
436 5335 537 5404 majori
551 5334 618 5386 uitio
632 5332 772 5400 plutiaati.
1042 5328 1049 5362 ¹
1067 5330 1095 5383 L.
1112 5329 1287 5396 sumentibus,
1303 5343 1320 5381 a
1334 5328 1430 5396 suffio,
1444 5329 1594 5401 Hispaniae
1608 5331 1756 5387 sanamur.

141 5412 235 5466 ·cum
252 5416 311 5463 tam
327 5424 417 5479 prope
433 5406 595 5460 stanutatio
615 5404 766 5472 pracedat.
788 5416 845 5455 non
868 5404 951 5470 pole·
1039 5400 1046 5443 l
1065 5399 1126 5467 lde,
1142 5400 1280 5453 ardentem
1292 5400 1425 5467 alodium.

105 5479 145 5535 ris
155 5497 215 5535 non
231 5480 329 5533 mirari
344 5475 557 5532 transcribentis
572 5473 780 5528 oscitationem.
1040 5466 1125 5530 ills..
1140 5472 1303 5539 paticipare
1318 5471 1473 5525 decretas...
1489 5473 1579 5538 sortis.

141 5549 225 5618 rils,
237 5550 383 5620 pulsatae.
1041 5541 1048 5573 ¹
1067 5540 1128 5606 lis,
1142 5543 1243 5609 siparia.
