3930 6098
652 242 755 299 ursan
773 240 1093 301 SACRAMENTORUM.
1691 251 1742 305 834

88 371 158 428 iscis
171 373 333 429 coelcstibus
352 372 500 439 interesse,
524 388 576 444 per
598 372 711 444 lignum
733 380 839 430 sauctae
857 381 880 432 A
1212 376 1300 448 Super
1314 376 1420 433 Obiere.

101 465 131 515 ct
146 477 161 516 a
175 461 298 532 peccatis
312 461 472 529 abstrahas,
493 466 522 517 et
544 463 709 534 apericulis
732 465 842 519 cunctis
932 463 1119 532 Sacrificium,
1136 464 1267 531 bomine,
1291 466 1369 537 quod
1392 467 1586 534 immolamus,
1613 467 1741 537 intende,

85 554 145 612 atus
159 551 273 622 eripias.
289 552 343 606 Per
357 550 521 606 [lominum.
896 556 928 606 ut
942 553 979 606 ah
991 553 1070 607 omni
1087 569 1140 608 nos
1156 558 1240 608 eruat
1262 555 1404 609 beliorum
1421 555 1561 627 nequitia,
1585 561 1614 611 et
1638 556 1668 611 in
1684 562 1741 612 tuoe

373 657 466 715 Lm,
895 641 1080 712 protectionis
1095 641 1246 697 securitate
1261 644 1426 698 constituat.
1442 645 1496 699 Per
1512 644 1677 700 [lominum.

236 777 332 819 sissi
354 777 414 819 rao
437 777 599 820 reccsrrs.
1247 750 1387 817 Praesatr'o.

85 850 144 918 ndi,
174 851 303 919 Domine,
329 866 506 923 quaesumns,
529 851 693 922 supplicum
729 867 839 923 preces,
932 834 1139 906 ⁰·021'0510m
1167 839 1220 898 ⁰³1·
1247 850 1341 906 ΜΨ·
1369 841 1476 891 ωῑθῑῡθ
1504 838 1587 892 Deus.
1619 838 1740 893 Subtil-

85 936 232 994 urentium
254 939 306 994 tibi
320 955 405 1011 parce
421 941 554 1011 peccatis,
569 947 603 993 ιιι
628 941 736 1010 pariter
758 940 840 995 nobi,
892 923 939 992 jus
952 924 1100 992 potestatis
1110 923 1236 992 {arbitrio
1248 924 1379 979 omnium
1395 941 1551 994 regnorum
1579 927 1742 982 continetur

85 1023 204 1094 gentiam
223 1022 333 1079 tribu„
357 1024 500 1094 benignu„
526 1031 680 1094 oppam,
708 1024 764 1079 Per
785 1024 838 1078 [ιο.
895 1016 1029 1081 potestas,
1064 1017 1092 1066 te
1108 1013 1256 1067 humiliter
1282 1015 1482 1083 deprecamur,
1506 1019 1539 1069 ut
1562 1015 1742 1086 principibus

85 1127 115 1167 ῃ,
285 1119 293 1132 ·
691 1126 698 1141 ·
894 1097 1003 1151 nostris
1012 1097 1157 1169 propitius
1181 1100 1279 1154 adesse
1296 1100 1441 1171 digneris;
1467 1107 1499 1155 ut
1524 1102 1573 1171 qui
1588 1106 1636 1156 tna
1655 1117 1740 1172 eape-

218 1202 304 1256 ωηο
319 1202 448 1255 Jeremiae
461 1202 610 1270 propheta
893 1187 959 1238 tunt
973 1200 1003 1239 se
1024 1187 1201 1257 protectione
1225 1187 1351 1255 delendi,
1377 1188 1510 1244 omuibus
1537 1189 1593 1244 sint
1613 1189 1742 1245 hostibus

85 1287 237 1360 niquitates
249 1295 355 1344 nostra
369 1289 569 1344 contenderint
590 1295 687 1345 contra
702 1306 764 1353 nos,
784 1291 839 1345 Do·
893 1271 1035 1328 f⁰f²i⁰¹¹0²b
1052 1275 1107 1329 Per
1121 1274 1278 1331 Chliffltm·
1306 1336 1311 1345 .

106 1376 197 1433 libera
225 1393 287 1444 nos,
309 1393 492 1450 quesumus3
519 1377 563 1432 lec
592 1383 711 1449 propter
734 1394 839 1434 nomen
1158 1383 1475 1439 postcommunionem.

929 1468 1106 1524 Sacrosaucti
1131 1471 1258 1540 corporis
1281 1474 1312 1526 et
1336 1471 1485 1544 sanguinis
1513 1471 1629 1526 Domini
1651 1472 1743 1527 nostri

92 1554 182 1611 serso
195 1557 285 1610 suuctr'
299 1557 447 1628 Eueupetir'
459 1555 608 1611 secuudum
622 1557 732 1611 Lucam.
892 1556 957 1610 lesu
972 1556 1079 1612 Christi
1105 1558 1260 1613 relectione
1286 1561 1419 1630 vegetati,
1446 1560 1591 1630 supplices
1616 1564 1644 1614 te
1660 1576 1742 1630 roga-

85 1661 123 1717 llo
137 1667 276 1734 tempore,
293 1662 366 1716 dixit
380 1663 461 1716 lesus
475 1660 623 1733 discipulis
636 1661 694 1715 suis
712 1679 719 1716 :
736 1662 838 1731 Petite,
859 1677 878 1731 ιι
895 1658 968 1709 ωὓθι
985 1645 1169 1716 ⁰¹¹¹¹¹ill⁰tens
1190 1647 1274 1713 ⁰³⁰⁸·
1300 1652 1331 1700 ¹¹²
1349 1646 1403 1701 110⁰
1419 1648 1548 1701 l⁰m0d50
1575 1649 1692 1702 mutari
1708 1647 1743 1701 fib

85 1749 255 1817 titurvohis3
275 1751 407 1821 quaerite,
431 1755 459 1805 et
483 1750 650 1818 invenietis;
674 1753 794 1823 pulsate,
811 1756 839 1807 et
893 1733 1223 1804 ⁰¹¹¹¹¹5⁰m1>⁸⁰⁰⁸²⁰r¹¹m
1252 1750 1303 1789 ¹¹⁰³
1326 1735 1497 1806 ⁰⁰⁰¹³8i⁰¹¹0
1513 1735 1657 1805 purifices,
1685 1740 1742 1788 θῑθ

85 1843 137 1893 ,tur
155 1839 244 1892 vobis·
549 1875 553 1882 ,
894 1820 1089 1890 periculorum
1136 1823 1249 1877 munias
1275 1822 1439 1877 incursione
1471 1829 1650 1878 cunctorum.
1688 1824 1742 1877 Per
1827 1878 1834 1887 ,

303 1927 390 1997 Super
406 1926 517 1982 Oblata.
894 1910 1038 1970 ‘'umdem-

85 2012 138 2069 tias
152 2013 215 2082 tibi,
233 2015 363 2083 Domine,
387 2015 555 2087 placationis
571 2015 728 2084 offerimus,
756 2023 787 2071 ut
811 2023 840 2072 et
1253 2000 1385 2056 LXXXHI·

85 2108 202 2157 inostra
222 2104 373 2158 miseratus
389 2104 526 2169 absolvas,
555 2110 583 2158 et
608 2104 739 2160 nutantia
754 2105 839 2160 corda
1217 2120 1289 2161 suia
1313 2120 1418 2162 aisse.

85 2189 406 2263 igas.PerDominum.
929 2192 1118 2264 Omnipotens
1150 2193 1234 2259 licus,
1266 2194 1421 2250 Christiani
1449 2194 1575 2249 nominis
1606 2195 1740 2251 inimicos

343 2300 483 2367 msam,
892 2281 1006 2348 virtute,
1040 2298 1218 2354 quaesumus,
1244 2287 1301 2337 lum
1329 2282 1488 2353 comprime
1515 2283 1683 2353 majestatis,
1707 2288 1741 2339 ut

94 2392 125 2442 εἴ
152 2387 262 2457 justum
298 2391 349 2454 esf,
378 2403 474 2458 usque,
499 2393 605 2442 meme
640 2389 724 2443 fleus,
758 2389 840 2444 galva
892 2371 1017 2439 populus
1029 2369 1208 2425 tuusetiidei
1224 2370 1389 2437 integritate
1403 2371 1526 2438 letetur,
1538 2377 1739 2442 etlemporum

85 2489 165 2530 Νη
194 2475 284 2530 100„ss
314 2476 473 2541 saevjssjmp
503 2475 554 2547 qui
579 2477 698 2547 rugiens
726 2477 839 2546 circuit,
889 2458 1097 2529 tranquillitate
1114 2474 1229 2529 semper
1243 2459 1375 2513 exsultet.
1392 2461 1446 2513 Per
1462 2460 1626 2514 [lominum.

85 2579 123 2618 lus
136 2563 172 2619 de
190 2564 300 2618 unitate
318 2564 445 2619 Ecclesia
462 2570 528 2632 tua,
545 2580 631 2635 quum
647 2565 739 2635 rapiat
752 2571 838 2636 atque
1256 2565 1373 2621 Secreto.

85 2656 117 2707 et.
133 2651 188 2706 Sed
205 2656 245 2717 tu,
271 2651 427 2706 fortissime
454 2653 574 2706 Domine
597 2654 632 2707 de
659 2653 737 2708 trihu
755 2654 836 2722 tilde,
927 2653 1026 2724 Hujus,
1050 2654 1181 2721 Domine,
1205 2669 1381 2724 quaesumus,
1406 2652 1511 2708 virtute
1540 2653 1679 2725 mysterii,
1712 2659 1740 2709 et

85 2755 108 2795 a
122 2739 294 2794 contrariam
321 2740 434 2795 virtutis
459 2757 518 2795 suae
540 2740 709 2811 nequitiam.
727 2757 779 2796 nos
802 2742 837 2796 ab
892 2742 1028 2797 anostris
1052 2744 1226 2797 mundemur
1241 2742 1370 2811 occultis,
1387 2747 1416 2795 et
1438 2741 1472 2796 ab
1495 2741 1678 2796 inimicorum
1704 2742 1738 2797 li·

85 2830 167 2900 rejus
191 2829 459 2900 impugnationibus
481 2829 625 2897 liberatos,
643 2845 761 2900 corpore
785 2846 838 2885 nos
891 2829 1026 2885 benemar
1041 2829 1163 2885 insidiis.
1182 2831 1235 2885 Per
1249 2830 1414 2884 [lominum.

85 2933 136 2983 ua,
152 2922 180 2972 et
194 2918 279 2972 corde
294 2917 423 2988 purifica.
437 2919 491 2972 Per
505 2917 668 2973 Dominum.
832 2986 837 2991 ·
855 2965 875 3020 C
1184 2935 1233 2990 Ad
1245 2935 1446 3006 emendum,

292 3024 377 3084 Iusro
391 3026 532 3078 actionem.
928 3024 1053 3079 Viviticet
1097 3041 1159 3092 nos,
1189 3024 1328 3088 Domine,
1352 3023 1537 3095 participatio
1573 3024 1615 3078 tui
1643 3031 1739 3080 sancta

87 3110 550 3182 cigituroblationem,llouline,
576 3127 664 3184 quam
688 3113 740 3167 tibi
767 3112 836 3167 otle-
891 3111 1029 3184 mysterii,
1059 3117 1086 3167 et
1114 3112 1222 3183 pariter
1249 3111 1331 3166 nobis
1354 3111 1546 3181 expiationem
1577 3112 1683 3168 tribuat
1711 3117 1739 3167 et

94 3215 148 3270 pro
174 3201 297 3270 peccatis
326 3207 411 3272 atque
437 3201 778 3268 offensionibusnostris,
806 3207 838 3257 ut
892 3200 1052 3256 munimen.
1070 3202 1124 3257 Per
1139 3200 1304 3256 Dominum.

85 3303 124 3343 lm
138 3289 306 3343 delictorum
328 3296 493 3344 nostrorum
512 3289 710 3345 remissionem
734 3306 836 3346 conse·
1246 3324 1371 3380 LXXXIV

88 3382 213 3445 creatur,
229 3394 403 3449 quesumus,
421 3377 551 3433 Dourine.
570 3378 614 3433 Ut.
1374 3367 1380 3379 ’

279 3483 327 3537 Ad
342 3483 547 3553 complendum.

85 3573 132 3625 ista
159 3570 253 3638 nobis,
276 3576 382 3625 eterne
412 3571 550 3640 Salvator,
579 3576 610 3625 ut
644 3572 836 3643 percipientes

85 3671 187 3712 sunere
202 3658 315 3713 reniam
339 3664 530 3730 peccatorum,
561 3658 696 3730 deinceps
720 3665 836 3731 peccata

85 3761 122 3801 ss.
136 3747 190 3801 Per
208 3747 372 3803 Dominum.

369 3854 448 3909 Atia.

85 3956 110 4007 s,
126 3940 172 3994 cui
193 3941 344 4012 proprium
371 3947 414 3996 est
437 3957 551 4012 semper
573 3941 704 3996 misereri
729 3946 759 3997 et
772 3957 835 4012 par·

91 4028 204 4100 suscipe
226 4029 456 4099 deprecationem
478 4034 616 4098 nostram,
634 4035 665 4083 ut
687 4045 758 4101 quos
781 4029 835 4085 de-

85 4132 128 4172 im
147 4123 248 4172 catena
263 4118 444 4190 constringit,
469 4119 614 4173 miseratio
638 4124 693 4173 tua
718 4119 834 4190 pietatis

85 4211 126 4261 at.
139 4207 193 4262 Per
208 4207 369 4263 Dominum.

1163 3446 1240 3487 trull
1264 3446 1339 3487 tnta
1362 3444 1470 3487 ΗΒΕΑ.

928 3538 1011 3606 Deos,
1026 3537 1076 3609 qui
1088 3535 1269 3608 providentia
1284 3541 1333 3591 tus
1344 3534 1469 3592 coetestia
1482 3535 1568 3590 simul
1583 3539 1612 3590 et
1625 3540 1738 3592 terrena

891 3625 1059 3693 moderaris,
1080 3624 1239 3697 propitiare
1258 3624 1485 3680 Christianorum
1501 3623 1587 3679 rebus
1612 3628 1641 3678 et
1662 3623 1737 3696 regi-

890 3712 955 3779 bus,
972 3718 1004 3768 ut
1017 3714 1110 3768 omnis
1127 3712 1254 3768 hostium
1276 3713 1426 3780 fortitudo,
1450 3717 1477 3767 te
1501 3728 1554 3783 pro
1578 3712 1660 3768 nobis
1679 3729 1737 3784 pu-

890 3806 1007 3873 gnante,
1022 3802 1182 3873 frangatur.
1200 3803 1254 3855 Per
1269 3801 1432 3857 Dominum.

1207 3907 1295 3976 Super
1308 3906 1415 3963 Oblata.

925 3996 1094 4067 Propitius,
1110 3996 1241 4062 Domine,
1257 3994 1389 4066 precihus
1411 3998 1439 4049 et
1448 3993 1550 4048 hostiis
1562 3993 1736 4050 famulorum

889 4089 1016 4152 tuorum,
1027 4090 1056 4140 et
1072 4090 1190 4157 propter
1204 4099 1312 4139 nomen
1328 4089 1409 4138 tuum
1432 4082 1588 4138 Christiani
1610 4082 1736 4138 nominis

888 4173 1008 4229 deiende
1033 4180 1167 4241 rectores,
1185 4177 1217 4227 ut
1240 4173 1318 4227 salus
1342 4170 1527 4226 seruientium
1554 4169 1604 4225 tibi
1628 4170 1737 4241 princi·

853 4242 956 4332 1)pum
979 4276 1033 4332 pax
1058 4266 1176 4317 tuorum
1199 4259 1291 4332 possit
1307 4275 1368 4314 esse
1390 4259 1574 4332 populorum.
1600 4259 1655 4314 Per
1679 4258 1736 4313 llo·

356 4333 463 4389 LXXXI·
889 4347 1012 4404 minum.

174 4452 292 4496 orario
315 4454 348 4494 ru
370 4454 520 4495 rrurons
543 4454 649 4494 assur.
1161 4440 1223 4493 Post
1238 4438 1462 4494 communionem.

85 4542 210 4615 ripotens
233 4548 262 4598 et
283 4543 444 4600 misericors
468 4547 586 4610 Densa
615 4544 756 4599 bellorum
782 4561 836 4600 nos
925 4544 1057 4614 Protege,
1074 4542 1206 4608 Domine,
1224 4543 1425 4600 famulostuos
1452 4543 1588 4599 subsidiis
1611 4543 1690 4616 pacis
1705 4545 1735 4596 et

85 4647 166 4700 mus,
192 4633 308 4688 turbine
337 4633 382 4688 luc
407 4635 528 4704 quietos,
559 4633 628 4705 quia
652 4634 734 4689 nohis
760 4634 836 4689 bona
888 4632 1026 4702 corporis,
1043 4637 1072 4686 at
1094 4631 1272 4702 spiritulibus
1301 4634 1449 4688 enutriens
1477 4649 1527 4688 eos
1551 4631 1695 4688 elimentis
1719 4646 1735 4685 a

85 4721 265 4792 ‚prmstabis
282 4722 305 4776 si
320 4738 420 4793 pacem
437 4722 550 4778 dederis
565 4728 593 4778 et
608 4724 713 4778 mentis
729 4728 758 4779 et
769 4739 833 4779 cor·
888 4719 999 4775 cunetis
1018 4719 1148 4775 hostibus
1165 4719 1251 4775 redde
1267 4736 1390 4776 securos.
1407 4721 1462 4776 Per
1476 4721 1640 4777 Dominum.

92 4809 148 4865 Per
163 4811 327 4866 Dominum.
1254 4831 1372 4902 '‘mv“

350 4936 470 4991 lxxxii.
1167 4965 1264 5008 aissa
1286 4966 1346 5008 rso
1368 4967 1456 5008 raca.

190 5056 285 5098 ¹¹S⁵t
308 5058 339 5098 ΙΝ
363 5056 512 5099 ΤΕΙΡΟΗ
535 5059 633 5101 ΒΜ·
926 5059 1044 5125 Densa
1072 5073 1129 5130 quo
1156 5063 1253 5113 sancta
1280 5058 1432 5123 desideria,
1456 5062 1531 5112 recta
1560 5055 1680 5112 consilia
1705 5059 1736 5111 et

85 5165 110 5217 s,
138 5163 294 5220 regnorum
322 5149 451 5203 omnium
472 5165 633 5222 regumque
658 5149 833 5218 dominator,
885 5147 964 5218 justa
979 5152 1046 5202 sunt
1060 5147 1206 5217 opera,da
1221 5147 1309 5202 serris
1324 5147 1382 5202 tois
1396 5147 1476 5201 illam
1501 5161 1588 5218 quam
1610 5144 1734 5199 muudus

85 5253 104 5291 is
118 5241 147 5292 et
158 5237 344 5308 percutiendo
366 5254 450 5293 sanas
474 5244 503 5293 et
517 5239 691 5310 ignoscendo
717 5255 833 5294 conser-
887 5251 946 5290 non
958 5241 1053 5308 potest
1065 5235 1134 5291 dare
1153 5251 1264 5307 pacem,
1279 5240 1312 5291 ut
1324 5240 1353 5290 et
1366 5235 1451 5289 corda
1465 5240 1564 5290 nostra
1590 5231 1734 5288 mandatis

85 5325 214 5380 ›rotende
242 5326 325 5380 nobis
352 5326 578 5382 misericordium
599 5332 691 5397 tuam,
710 5331 742 5381 ut
758 5331 834 5381 tran·
887 5323 944 5379 tuis
959 5325 1067 5392 dedita,
1087 5331 1116 5380 et
1129 5324 1255 5380 hostium
1281 5324 1392 5379 sublata
1412 5322 1578 5389 tormidine,
1603 5327 1735 5394 tempora

85 5417 128 5467 ate
147 5413 224 5483 pacis
246 5417 296 5468 tua
320 5419 459 5484 potestate
488 5413 612 5482 firmata,
641 5414 677 5470 ad
706 5412 834 5469 remedia
887 5413 1009 5469 sintina
1034 5415 1214 5486 protectione
1240 5412 1408 5485 tranquilla.
1425 5412 1479 5467 Per
1502 5410 1657 5467 Dominum
1679 5427 1731 5467 no·

84 5497 169 5551 tionis
181 5502 308 5554 utamur.
324 5503 377 5556 Per
390 5501 553 5558 Dominum.
886 5507 988 5557 strum.
