3930 6098
60 283 103 336 tot
832 277 1032 335 CONFESSIO.
1757 280 1809 335 40⁸2

58 419 147 469 totum
164 428 210 466 me
224 412 288 483 ipse
303 410 445 479 commisi,
462 415 494 464 ut
507 410 718 481 possessionem
734 417 824 478 tuam,
843 411 906 466 tibi·
924 413 995 467 rtex
1006 410 1089 467 nobis
1105 411 1247 467 dimersus
1258 412 1326 466 satis
1340 418 1416 467 errat
1426 429 1488 468 sese
1504 430 1562 468 non
1574 419 1676 485 sponte
1690 415 1808 486 iterum,

59 500 253 575 quedebitam
281 498 347 568 soli,
370 497 496 572 pessimo
523 499 731 554 committerem
758 499 906 555 hosti:nt
959 501 1007 555 sed
1031 500 1120 555 invite
1142 517 1158 555 a
1183 505 1210 556 te
1234 504 1313 572 putat
1337 501 1514 557 solvendum.
1542 504 1613 557 Nam
1633 504 1719 559 semel
1744 510 1808 561 ate

56 601 128 646 rus·
167 593 218 643 tuo
250 589 368 644 domino
403 588 551 642 conditum
586 588 719 642 horribili
743 589 904 643 addicerem
958 589 1124 644 bominibus
1147 589 1252 643 librum
1277 590 1375 644 datum
1401 590 1553 646 arbitrium
1580 609 1638 646 non
1662 593 1746 649 debet
1765 611 1809 650 re·

57 680 143 752 pesti3
162 694 289 749 eumque
309 677 445 748 eligerem
462 675 623 743 dominum,
639 693 725 749 quem
747 677 822 749 patri
839 694 903 732 meo
958 677 1052 733 vocari
1077 677 1108 732 in
1122 677 1235 732 irritum
1254 677 1371 749 :utqui
1395 695 1424 733 se
1448 680 1559 750 proprii
1578 681 1689 735 arbitrii
1708 682 1807 752 snbju-

57 783 191 824 noveram
206 766 367 822 inimicum.
384 769 486 821 Actum
511 771 554 820 est
572 765 696 821 enimin
712 783 767 834 me,
783 767 903 821 Domine
958 767 1042 837 gabat
1053 766 1179 833 servitio,
1194 771 1244 821 tuo
1265 766 1326 821 solo
1343 772 1517 821 restauretur
1530 768 1662 839 imperio.
1681 771 1759 825 Nosti
1776 771 1806 826 in

57 859 140 926 Deus,
155 854 236 929 quod
247 854 279 909 in
293 856 471 927 protoplasto
482 858 495 898 b
505 854 615 926 pridem
629 854 751 926 legimns
765 861 878 926 gestum
894 872 901 910 a
958 857 1013 911 boc
1028 855 1125 923 etiam,
1141 855 1261 910 Domine
1271 856 1356 924 Deus,
1371 853 1455 910 hesto
1466 856 1523 910 mei
1540 873 1547 911 :
1563 873 1615 911 uec
1629 859 1681 919 tibi
1694 859 1806 914 foveam

57 943 162 1000 etenim
183 945 255 998 sicut
270 942 319 997 ille
337 948 387 997 tuo
401 942 477 997 douo
492 942 665 998 immortalis
691 948 813 1009 creatus,
834 960 902 1015 pro·
957 943 1077 1014 periculi
1102 944 1158 999 mei
1182 944 1298 998 celatus.
1326 945 1431 998 Verum
1459 944 1528 1015 quia
1550 945 1661 999 diversa
1684 953 1754 1013 arte,
1778 953 1807 1003 et

56 1031 202 1104 priovitio
225 1032 256 1085 in
278 1035 401 1087 mortem
425 1034 516 1085 exstat
537 1031 763 1103 perinterdictae
787 1032 902 1087 sibiar·
956 1031 1035 1086 vario
1060 1032 1237 1104 deceptionis
1266 1031 1396 1099 articulo,
1427 1048 1474 1087 me
1502 1033 1636 1095 inimicus
1662 1035 1805 1091 volentem

56 1121 132 1179 boris
147 1120 402 1185 esumdimersns;
420 1120 502 1175 itaet
518 1137 570 1192 ego
585 1120 697 1175 lavacro
713 1121 805 1176 vitalis
820 1137 902 1192 aquoe
956 1119 1065 1190 ligavit,
1090 1121 1135 1174 eui
1156 1137 1215 1175 nou
1244 1136 1336 1188 mens,
1360 1125 1394 1175 ut
1415 1121 1522 1187 debuit,
1547 1123 1727 1192 repugnavit,
1756 1125 1805 1180 sed

54 1210 110 1280 jam
127 1209 246 1276 tinctus,
264 1214 293 1264 et
311 1209 537 1280 regenerationis
562 1210 667 1264 undeu
691 1209 831 1281 paternali
851 1210 901 1264 de·
956 1210 1034 1263 velut
1048 1209 1186 1263 obediens
1202 1225 1304 1263 manus
1318 1210 1456 1264 vincturae
1477 1210 1569 1277 dedit,
1585 1211 1663 1277 inde,
1679 1211 1806 1281 piissime

55 1298 119 1353 licto
136 1298 304 1365 mundatus,
329 1314 380 1353 seu
393 1302 444 1353 tuo
459 1298 575 1354 rosifluo
589 1314 690 1352 cruore
724 1298 900 1370 redemptus,
957 1298 1043 1365 Deus,
1057 1298 1154 1351 assiste
1162 1298 1223 1367 jem
1235 1297 1339 1352 misero
1350 1298 1512 1368 poenitenti,
1528 1303 1558 1352 at
1572 1304 1600 1353 et
1611 1314 1672 1353 sere
1688 1314 1740 1352 srva
1756 1299 1804 1353 de·

55 1403 103 1458 per
123 1387 353 1442 inobedientiam
375 1387 577 1442 mandatorum
597 1391 714 1441 tuorum
742 1387 771 1441 in
801 1387 901 1441 mortis
956 1384 1021 1439 licta
1041 1386 1207 1456 plangenti;
1224 1393 1252 1441 et
1276 1387 1385 1441 redime
1410 1387 1586 1442 nuncetiam
1606 1388 1768 1458 specialiter
1791 1403 1807 1441 a

56 1476 217 1531 deflendam
233 1479 346 1531 ruinam
360 1475 479 1542 deveni3
492 1481 521 1530 et
543 1476 667 1546 qualiter
687 1476 754 1531 inde
770 1475 902 1547 egrediar
957 1473 1018 1529 diro
1030 1476 1177 1544 praedone,
1193 1491 1278 1545 quem
1291 1477 1352 1545 jam
1366 1476 1540 1547 generaliter
1553 1476 1646 1546 pretio
1657 1475 1806 1546 sanguinis

55 1581 110 1620 non
126 1566 209 1620 valeo
224 1564 364 1633 iuvenire,
381 1564 449 1636 qnia
463 1570 490 1618 te
516 1564 671 1618 Dominum
697 1566 797 1630 Deum,
813 1579 901 1636 quem
956 1563 998 1618 tui
1015 1564 1170 1618 redemisti.
1188 1564 1296 1632 Dicam,
1315 1565 1477 1635 Domine‚y
1492 1565 1569 1620 audi.
1588 1566 1684 1620 Praebe
1699 1571 1729 1620 tu
1748 1566 1805 1620 vir-

56 1670 168 1725 mgare,
184 1659 213 1709 et
226 1655 307 1726 eujus
323 1657 466 1724 praecepta
492 1652 613 1723 implere
629 1652 725 1721 debui,
749 1669 801 1725 per
819 1651 902 1707 devia
956 1655 1046 1706 tutem
1066 1652 1190 1717 dicendi,
1215 1659 1242 1708 et
1261 1670 1295 1707 ea
1315 1669 1379 1725 quae
1396 1653 1493 1707 dixero
1515 1660 1546 1709 tu
1573 1653 1634 1726 ipse
1660 1659 1806 1727 acceptare

56 1743 215 1815 gradiendo
232 1742 304 1797 mibi
324 1742 430 1797 iratum
446 1741 510 1796 feci.
528 1742 560 1796 Et
581 1741 648 1795 iude
673 1742 808 1812 estquod
833 1757 900 1813 pro·
921 1712 941 1768 B
957 1740 1086 1810 dignare.
1102 1741 1254 1812 Nunquid¹
1269 1758 1302 1796 ee
1318 1758 1383 1813 qnae
1399 1758 1444 1796 me
1460 1742 1588 1814 undique
1601 1749 1737 1814 premunt
1761 1749 1804 1812 tu,

56 1833 201 1902 longatam
223 1829 418 1902 captivitatem
455 1829 584 1885 sentiens
606 1829 702 1894 doleo,
730 1829 901 1901 nullumque
956 1828 1085 1896 Creator,
1104 1829 1240 1900 ignoras‘l
1262 1830 1398 1902 Nnnqnid
1423 1831 1499 1901 quod
1520 1848 1622 1902 rogare
1656 1832 1749 1904 cupio,
1771 1836 1801 1888 tu

56 1919 245 1974 redimentem
278 1935 324 1973 me
352 1919 450 1974 adesse
485 1918 649 1989 presentie.
675 1917 785 1972 Gaudet
811 1917 902 1971 bostis
955 1920 1021 1971 ante
1044 1933 1104 1972 non
1120 1918 1217 1972 vides?
1242 1919 1376 1990 Nunquid
1400 1920 1523 1974 celatum
1548 1920 1600 1975 tibi
1623 1921 1730 1993 aliquid
1750 1927 1803 1990 est,

57 2023 135 2063 mens
156 2008 235 2078 qnod
260 2011 288 2062 te
311 2007 417 2061 iratum
440 2006 689 2075 videt:exsultut,
718 2021 784 2059 cum
811 2020 857 2060 me
885 2022 902 2060 a
956 2009 1022 2060 aute
1038 2021 1097 2059 non
1111 2005 1210 2061 omnia
1234 2006 1390 2062 tibietiam
1410 2008 1574 2063 obseurain
1591 2010 1653 2065 luce
1672 2016 1739 2066 sunt
1758 2028 1805 2082 po·

58 2101 132 2151 tanto
149 2097 233 2152 Patre
248 2095 399 2168 expulsum
417 2095 527 2149 sentit:
546 2094 693 2166 tripudiat,
722 2110 788 2148 cum
802 2093 903 2148 meite
955 2094 1089 2149 sitatln
1107 2099 1227 2149 certees
1243 2095 1628 2166 quieordisoecultavides‚
1646 2098 1695 2169 qni
1720 2099 1805 2154 laten·

58 2185 221 2241 destitutum
236 2184 394 2256 cognoscit.
414 2183 469 2239 Sed
484 2189 526 2251 tu,
538 2184 623 2248 Deus,
640 2183 690 2254 qui
705 2182 902 2237 misericordia
955 2182 995 2236 tia
1011 2182 1212 2254 prospiciendo
1223 2184 1382 2254 cognoscis,
1399 2184 1449 2255 qui
1473 2185 1661 2257 cogitationes
1687 2186 1806 2241 discutis

60 2291 140 2346 snper
152 2290 242 2346 opera
260 2278 311 2329 tua
325 2273 422 2344 largus
436 2278 601 2343 praepotens
612 2287 652 2335 es,
676 2270 725 2342 qni
744 2271 902 2343 peccatoris
956 2276 1041 2342 atque
1056 2271 1191 2325 ulciscis:
1217 2272 1267 2343 qui
1292 2272 1370 2327 enim
1385 2273 1519 2329 universa
1542 2275 1662 2330 consilio
1689 2276 1806 2331 salutari

60 2379 110 2419 non
126 2367 262 2429 mortem,
278 2363 328 2418 sed
344 2361 537 2416 reversionem
552 2360 588 2415 ad
604 2364 631 2414 te
646 2365 712 2431 post
727 2359 838 2430 lapsum
857 2361 902 2414 in·
956 2360 1068 2426 creasti,
1094 2360 1229 2414 universo
1257 2361 1343 2416 etiam
1373 2364 1570 2433 cognoscendo
1596 2363 1727 2419 librasti:
1755 2365 1804 2420 sed

61 2451 143 2524 quiris
159 2452 268 2523 (Eaecb.
288 2467 385 2519 xxxvii,
412 2450 465 2521 ll),
486 2449 537 2521 qni
564 2449 630 2519 plus
654 2448 792 2519 pietatem
815 2464 901 2520 qnam
956 2448 1163 2503 confessionem
1176 2449 1334 2521 peccatoris
1349 2455 1504 2522 exspectas.
1529 2453 1592 2506 Non
1610 2451 1805 2506 narrationem

62 2541 195 2596 ultionem
218 2539 325 2611 diligis,
349 2555 402 2594 nec
424 2538 576 2610 judicium,
602 2537 651 2592 sed
675 2535 902 2593 misericordiam
956 2536 1077 2609 indigos,
1094 2536 1144 2591 sed
1170 2537 1227 2592 oris
1246 2538 1454 2609 professionem
1478 2539 1609 2611 inquiris.
1624 2540 1805 2595 Nectantum

62 2629 238 2699 peccantibus
260 2628 389 2693 exhibes,
413 2628 511 2683 adesto
528 2626 599 2681 mibi
623 2625 728 2681 misero
750 2625 901 2697 peccatori,
956 2626 1063 2696 linguae
1094 2612 1235 2697 quantum
1264 2627 1357 2682 cordis
1384 2628 1578 2683 humilitatem
1612 2633 1753 2700 acceptas,
1777 2635 1806 2683 et

63 2723 84 2772 et
96 2734 164 2773 erue
182 2722 212 2771 te
226 2717 311 2771 corde
327 2716 450 2771 contrito
466 2720 653 2788 querentem.
671 2715 748 2770 llitte
772 2713 845 2768 mibi
868 2714 902 2768 de
958 2713 1131 2768 munditiam
1156 2730 1263 2781 veram,
1288 2732 1353 2770 cnm
1374 2716 1411 2770 sis
1435 2716 1702 2788 incomparabiliter
1719 2734 1806 2772 mun·

64 2806 185 2878 supernis
202 2806 353 2872 auxilium,
377 2804 520 2876 perquod
543 2804 652 2858 valeam
674 2802 801 2857 bostium
824 2818 902 2856 meo·
959 2801 1022 2868 dus,
1051 2818 1083 2856 ex
1113 2803 1196 2857 corde
1232 2820 1306 2875 puro
1331 2805 1535 2860 sanctificando
1564 2806 1706 2876 pratibus.
1736 2807 1805 2860 Ecce

64 2911 117 2949 rum
133 2894 254 2965 rejicere
266 2895 379 2966 jugum.
398 2893 512 2964 Depelle
532 2892 694 2948 dominium
709 2895 901 2946 consuetum:
958 2890 1046 2959 enim,
1077 2891 1208 2958 Domine,
1232 2908 1305 2962 puro
1334 2893 1419 2947 corde
1443 2893 1547 2948 delicta
1570 2910 1634 2948 mea
1656 2894 1805 2961 confiteor,

65 2983 203 3054 disrumpe
222 2983 336 3038 vincula
349 2982 589 3054 perplexionum
607 2985 746 3047 restaura,
770 2979 902 3046 Domine,
923 2979 1033 3061 Caicut
1052 2985 1083 3034 tn
1100 2980 1160 3050 ipse
1180 2982 1328 3036 verissime
1349 2983 1436 3049 nosti,
1453 2987 1481 3037 et
1502 2983 1537 3038 ab
1556 3000 1655 3038 eorum
1672 2984 1807 3040 illecebra

65 3087 141 3142 opera
164 3077 222 3127 tuae
250 3071 377 3138 fabricae,
403 3076 432 3126 et
454 3069 674 3125 similitudinem
700 3076 789 3136 tuam,
815 3082 903 3139 quam
957 3084 1004 3121 me
1019 3067 1296 3140 tetamentelc'upio
1310 3071 1467 3138 retrabere,
1484 3071 1804 3144 sedvincnlornmprvc·

64 3160 187 3217 inimicus
207 3160 322 3219 invasit.
343 3160 384 3215 mi
410 3160 539 3214 restitue.
571 3159 634 3213 Noli
658 3174 806 3229 spernere,
829 3157 903 3210 Dens
958 3156 1068 3211 ditione
1081 3173 1235 3224 connexus,
1250 3158 1327 3228 quod
1348 3159 1495 3230 promitto,
1511 3176 1622 3231 nequeo
1636 3161 1803 3232 adimplere.

65 3264 144 3317 neus,
171 3265 260 3321 quem
281 3249 451 3305 mirabiliter
478 3249 641 3315 condidisti,
667 3262 811 3318 quemque
840 3245 903 3299 sine
958 3245 1424 3318 Undelit,utquotidievotimei
1443 3249 1644 3319 praevaricatos
1668 3249 1803 3316 existens,

65 3340 268 3410 comparatione
298 3336 457 3392 mirabilius
479 3337 639 3392 redemisti.
667 3334 768 3391 Fecisti
793 3350 838 3389 me
873 3336 904 3387 ut
956 3334 1034 3389 unde
1050 3351 1096 3389 me
1111 3335 1197 3390 debui
1222 3337 1636 3411 lacrymisirrigare,jugiquc
1661 3338 1731 3393 fletu
1758 3354 1805 3393 me

65 3433 146 3482 rectus
159 3426 357 3497 conspicerem
369 3427 483 3493 caelum,
499 3426 529 3480 in
545 3442 603 3497 quo
619 3431 647 3480 et
663 3424 733 3479 mihi
749 3422 902 3496 praemium
955 3425 1048 3477 totum
1066 3423 1220 3490 mundarc3
1240 3424 1308 3480 inde
1329 3427 1453 3497 amplius
1469 3426 1632 3481 sordidatus
1655 3426 1727 3482 nibil
1749 3427 1805 3481 nisi

65 3517 226 3586 promiseras
251 3515 461 3584 indisruptum3
488 3515 536 3568 sed
565 3513 733 3585 iniquitates
762 3528 833 3566 meae
860 3511 903 3566 di·
956 3517 1145 3582 augmentum
1176 3515 1347 3583 congemino
1374 3516 1475 3586 cnlpae.
1503 3515 1697 3588 Sicquequod
1722 3531 1805 3569 mens

66 3610 218 3660 merserunt
230 3620 276 3659 me
288 3604 395 3659 inferni
416 3603 603 3673 protundum,
623 3607 652 3656 et
675 3602 771 3655 nullus
791 3606 834 3655 cst
853 3600 904 3671 qui
956 3601 1000 3654 vel
1015 3601 1166 3670 paululum
1185 3617 1220 3654 ex
1234 3608 1284 3656 tuo
1302 3603 1378 3658 dono
1394 3605 1408 3638 l
1423 3620 1525 3675 capere
1540 3621 1569 3658 se
1584 3604 1700 3675 gaudet,
1722 3603 1804 3659 iden·

67 3693 209 3764 eruatjam
224 3692 382 3748 dimersum
404 3701 424 3743 ⁰.
442 3690 577 3762 Nunquid
597 3689 685 3745 bostis
698 3690 751 3744 iste
770 3694 902 3743 versutus
956 3688 1046 3742 tidem
1066 3688 1299 3758 supplantatione
1320 3691 1412 3745 bostis
1435 3693 1480 3746 vel
1504 3693 1627 3763 segnitia
1651 3692 1746 3747 cordis
1775 3709 1805 3747 se

68 3782 217 3837 eteallidns
234 3781 289 3836 tibi
304 3780 426 3836 Domino
443 3795 510 3834 vero
526 3776 602 3834 valet
614 3779 737 3833 existere
755 3777 855 3832 obvius
869 3775 902 3831 l?
955 3776 1100 3846 privatum
1118 3791 1292 3847 magnopere
1305 3779 1404 3848 gemit,
1422 3784 1449 3834 et
1461 3780 1538 3834 unde
1553 3781 1608 3835 boc
1623 3787 1805 3850 recuperaret

69 3869 259 3942 tacitaeque
279 3869 518 3934 illesubsisteret,
547 3868 603 3922 nisi
629 3884 645 3922 a
672 3872 700 3922 te
729 3865 902 3920 subsistendi
957 3862 1050 3917 inesse
1070 3862 1125 3916 sibi
1141 3879 1198 3917 non
1217 3865 1311 3918 sentit.
1331 3864 1410 3935 Viget
1426 3866 1502 3920 enim
1518 3865 1548 3921 in
1570 3882 1617 3920 me
1635 3867 1805 3922 naturaliter

70 3961 159 4011 statum
179 3957 328 4028 acciperet.
347 3955 457 4028 [Quem]
470 3967 483 3998 ο
496 3955 579 4025 qvvia
600 3959 628 4009 te
645 3959 756 4010 creatus
776 3955 805 4009 in
834 3953 901 4009 bea·
956 3968 973 4006 e
993 3957 1021 4006 te
1044 3952 1185 4006 insertum
1212 3952 1312 4007 lumen
1336 3954 1472 4022 scientie,
1489 3971 1541 4026 per
1563 3954 1639 4025 quod
1658 3970 1723 4026 quoe
1749 3970 1804 4025 ago

70 4044 177 4101 titudine
197 4044 264 4111 fuit,
279 4045 310 4099 in
332 4060 390 4115 que
404 4049 479 4098 stare
494 4044 628 4098 elationis
642 4047 754 4098 tumore
770 4061 829 4099 non
853 4060 902 4098 vo·
955 4056 1086 4113 perpere,
1106 4041 1214 4095 malum
1229 4058 1286 4095 oon
1302 4043 1398 4096 nescio
1414 4058 1484 4097 esse.
1501 4042 1582 4106 Dnod
1601 4043 1607 4077 ¹
1624 4058 1668 4096 me
1698 4048 1726 4095 et
1741 4046 1803 4112 post

70 4130 121 4201 luit,
140 4150 157 4189 a
178 4138 209 4189 te
234 4133 320 4188 etiam
342 4132 426 4187 bodie
445 4133 565 4204 regitur,
592 4132 658 4187 ticet
681 4132 734 4187 tibi
754 4133 902 4187 adversare
956 4130 1136 4201 parationem
1156 4131 1288 4186 desiderii
1319 4131 1515 4186 doloreatticit
1540 4132 1628 4202 gravi.
1654 4130 1709 4186 Sed
1736 4130 1804 4202 quia

71 4226 183 4278 conetur.
197 4222 271 4287 Quia
281 4221 437 4292 quodquod
451 4222 598 4277 voluntale
611 4221 702 4292 impia
716 4221 746 4275 in
762 4238 814 4275 nos
825 4237 903 4275 exer·
956 4218 1026 4274 dnm
1049 4219 1214 4291 paenitenda
1233 4220 1390 4284 committo,
1408 4226 1436 4274 et
1451 4219 1604 4275 commissa
1622 4235 1682 4274 non
1697 4219 1800 4287 defleo,

71 4323 119 4365 cere
133 4314 224 4382 putat,
248 4308 300 4364 tibi
315 4315 344 4363 et
365 4309 396 4363 in
416 4310 471 4364 hoc
492 4309 580 4364 etiam
606 4309 695 4364 invite
711 4309 818 4363 inscius
841 4325 900 4363 scr·
920 4302 1017 4379 Dipse
1033 4324 1078 4362 me
1096 4308 1207 4378 ingenti
1227 4307 1320 4363 allicio
1346 4309 1467 4377 damuo;
1487 4308 1552 4363 inde
1577 4324 1629 4364 nec
1653 4325 1687 4363 ea
1705 4308 1803 4363 videre

71 4397 158 4454 nendo
179 4397 344 4453 concordat.
366 4398 460 4469 lpsius
482 4398 558 4453 enim
574 4399 751 4452 voluntatem
771 4397 901 4452 malent
955 4411 1001 4450 me
1028 4401 1174 4466 computo,
1192 4413 1256 4468 quae
1270 4413 1329 4450 nou
1352 4398 1523 4468 spernenda,
1539 4397 1587 4452 sed
1607 4397 1804 4468 amplectenda

72 4490 109 4540 tua
120 4491 245 4560 potestas
265 4491 379 4542 coercet
390 4486 477 4559 justa.
494 4488 528 4541 Et
550 4486 619 4542 illud
636 4487 714 4552 quod
732 4503 790 4542 non
804 4487 900 4541 coecati
955 4501 1042 4556 opere
1059 4490 1086 4538 et
1101 4491 1195 4540 mente
1211 4486 1348 4540 hactenus
1361 4491 1454 4542 teneo.
1470 4487 1505 4541 Et
1518 4486 1549 4541 in
1564 4486 1669 4558 quibus
1684 4501 1730 4540 mo
1744 4502 1803 4540 non

72 4571 187 4646 iniquum
202 4579 350 4647 potamus,
372 4574 482 4644 justum
511 4574 684 4646 permissum
706 4591 724 4628 a
746 4576 824 4646 justo
851 4577 899 4630 lu·
956 4573 1065 4639 nolens,
1080 4572 1139 4627 imo
1158 4575 1265 4642 volens,
1287 4575 1409 4643 involvo,
1425 4579 1489 4644 post
1508 4575 1710 4647 voluptabrum
1725 4574 1803 4629 toecis

73 4659 120 4716 dice
145 4681 202 4719 non
228 4679 379 4735 negamus.
404 4663 487 4734 Apud
513 4668 542 4718 te
561 4663 638 4717 enim
660 4678 745 4717 snum
770 4662 901 4717 ordinem
955 4660 1036 4716 valde
1052 4661 1176 4720 detesto.
1196 4663 1259 4733 lpse
1275 4661 1348 4717 mihi
1366 4663 1445 4717 testis
1462 4663 1562 4732 existo,
1585 4663 1664 4736 quod
1686 4663 1804 4734 iniquus

72 4750 284 4814 omniahabent,
307 4750 437 4824 nihilque
455 4751 615 4806 inordinate
639 4750 671 4805 in
695 4750 835 4805 mundum
856 4749 900 4804 iu·
956 4765 1105 4820 nunquam
1134 4750 1337 4821 iniquitatibus
1364 4750 1520 4807 terminum
1543 4768 1638 4823 pono:
1664 4756 1750 4823 atque
1769 4767 1803 4805 eo

72 4841 154 4896 currit.
172 4840 298 4913 AEqnnm
314 4839 391 4895 enim
411 4845 464 4904 est,
481 4838 613 4908 Domine,
631 4844 663 4894 ot
683 4839 734 4911 qui
761 4855 791 4893 se
815 4855 902 4910 spon·
955 4838 1048 4909 magis
1070 4839 1131 4892 sino
1156 4838 1239 4894 venia
1253 4848 1273 4874 Ν
1292 4839 1396 4911 punire
1416 4857 1463 4896 me
1485 4841 1516 4895 in
1531 4841 1629 4896 tuturo
1652 4840 1802 4904 condoleo,

71 4929 140 4983 bnee
163 4929 312 4985 diabolos
335 4927 527 5000 subjugarunt
547 4928 686 4997 dominio,
709 4926 814 4982 subditi
835 4943 900 4998 per·
956 4927 1035 4998 quod
1063 4943 1121 4982 non
1143 4926 1261 4995 inscius,
1289 4929 1338 4983 aed
1367 4932 1399 4983 ut
1421 4929 1491 4984 scita
1520 4945 1566 4984 me
1594 4933 1686 4984 totum
1703 4927 1803 4998 abysso

71 5022 258 5090 maneantque
270 5016 551 5088 elegeruntarbitrio
565 5017 695 5088 proprio,
709 5016 838 5089 quisquis
852 5018 901 5073 ille
955 5015 1115 5086 praecipito.
1133 5015 1204 5080 Duid
1226 5016 1255 5070 in
1275 5017 1360 5072 tantis
1376 5019 1529 5074 sceleribus
1548 5016 1652 5089 agam?
1666 5014 1739 5081 Quid
1754 5014 1804 5069 tali

96 5143 182 5211 ⁸1s.,
198 5146 287 5197 utrua.
991 5142 1050 5200 ΒΡ.
1082 5143 1246 5200 addendum
1271 5146 1339 5200 due.
1367 5145 1486 5201 Videtur
1515 5149 1544 5199 et
1570 5141 1679 5215 aliquid
1704 5144 1804 5212 postea

97 5214 109 5255 t
125 5214 184 5278 lla,
197 5219 277 5282 proto
291 5213 412 5282 ptousto.
956 5217 1064 5272 deesse.

97 5292 106 5317 2
125 5286 183 5350 ns,
199 5283 347 5338 diuersum.
867 5287 870 5295 '
991 5287 999 5321 ¹
1016 5287 1077 5354 lta,
1092 5288 1164 5341 Num
1180 5287 1258 5356 quid.

97 5351 110 5390 ⁴
126 5355 235 5421 Obuius,
251 5369 272 5421 v,
288 5369 314 5408 e.
330 5352 500 5421 contrarius,
516 5353 664 5410 adversus.
990 5366 997 5408 t
1018 5357 1080 5423 lta,
1097 5360 1150 5412 toto
1165 5361 1272 5412 mentis.

97 5429 109 5456 ⁰
126 5425 286 5491 nudandae,
298 5424 344 5478 vel
356 5424 413 5478 alia
426 5423 544 5480 desunt.
993 5427 1007 5461 ¹¹
1022 5429 1070 5495 n,
1085 5427 1172 5483 domo.

98 5493 108 5530 ¹
124 5496 184 5560 la,
197 5496 325 5551 eductos
339 5495 424 5550 mola.
994 5498 1002 5533 ¹
1019 5498 1083 5568 Hs,
1098 5497 1159 5565 nur.

97 5579 112 5621 a
128 5566 277 5634 Diaboltcu,
289 5565 335 5621 vel
346 5564 459 5622 noma.
992 5576 1013 5605 ¹
1029 5569 1091 5637 la,
1106 5571 1223 5626 uenam.
