3930 6098
103 284 156 338 475

104 422 190 476 vellet
213 425 245 474 ut
267 432 357 472 unum
374 432 408 470 ex
424 413 617 471 sacerdotibus
632 414 768 470 Cordobse
784 430 799 468 a
816 430 861 469 me
877 413 947 469 diri·
969 416 991 468 Α

106 511 191 579 gatnr
205 505 352 576 scriptum,
375 519 432 573 quo
454 519 501 557 vos
520 501 690 556 informatos
703 519 719 556 a
733 502 837 558 Christi
851 518 953 572 corpus

103 596 205 651 reddat
227 595 365 658 solutum,
391 591 518 645 dicentes
542 591 618 662 quod
643 591 722 646 luere
747 591 878 646 nonnulli
902 591 953 662 qui

105 682 192 737 coacti
207 681 323 735 suntad
338 680 531 734 enarrandum
548 679 639 733 inviti.

138 774 164 824 2.
181 769 253 834 Quid
273 785 327 823 nos
345 768 406 822 haec
426 767 564 834 dicemus,
589 767 639 838 qui
663 772 777 839 tempus
798 768 884 823 hodie
908 774 951 823 ta·

103 859 186 914 cendi
205 859 375 929 portamus?
389 857 447 912 Nos
462 856 538 910 enim
557 856 703 910 neminem
718 857 950 927 prejudicamus,

103 948 274 1017 nullumque
295 946 476 1011 damnamus,
494 960 545 998 nec
557 944 748 1013 justificamus
764 945 841 1016 quod
855 945 952 999 nesci-

104 1051 179 1102 inus,
205 1052 257 1089 nec
284 1033 421 1105 punimus
444 1033 522 1104 quod
546 1032 722 1103 ignoramus.
748 1032 802 1087 Sed
827 1050 875 1086 vos
902 1033 952 1104 qui

103 1138 203 1177 eorum
229 1122 318 1175 nostis
342 1124 461 1185 mentes,
489 1126 516 1173 et
538 1119 664 1190 pensatis
686 1120 858 1188 voluntates,
884 1121 952 1187 quia

103 1211 197 1266 aditus
213 1211 248 1265 ad
266 1210 423 1264 videndum
452 1225 504 1262 nos
517 1209 597 1263 vobis
610 1214 743 1278 negatur,
758 1210 792 1263 ab
805 1210 861 1263 illis
872 1210 952 1263 ahso-

103 1299 243 1355 lutionem
259 1298 408 1369 percipite,
425 1313 441 1351 a
464 1297 568 1368 quihus
587 1304 615 1351 et
632 1297 833 1368 poenitentiam
855 1315 950 1354 susce-

104 1388 195 1460 pistis.
212 1387 257 1442 Sic
271 1387 348 1441 onim
364 1391 431 1440 tunc
445 1386 533 1456 digna
548 1386 602 1440 luit
622 1401 723 1439 eorum
740 1402 841 1439 manus
856 1386 949 1457 impo-

104 1477 180 1544 sitio,
197 1480 354 1546 acceptaret
374 1491 450 1529 nnrrc
464 1474 517 1529 erit
532 1475 594 1528 sine
610 1475 697 1529 dubio
713 1475 863 1530 absolutio.
880 1478 949 1530 Nam

104 1570 137 1620 ut
151 1563 231 1619 vobis
247 1562 453 1629 intimavimus,
469 1578 528 1616 non
553 1566 595 1617 est
617 1577 759 1617 mensurae
783 1579 855 1617 meae
874 1563 951 1634 judi·

104 1652 227 1708 candum
251 1652 285 1706 de
308 1651 423 1717 talibus,
449 1650 501 1704 nisi
521 1650 608 1704 larerit
623 1650 781 1720 inspirante
803 1653 861 1706 Deo
881 1668 950 1706 con·

105 1738 169 1793 cilio
183 1738 312 1808 legitimo
327 1752 427 1791 eorum
443 1743 471 1791 et
485 1743 583 1792 nostra
598 1737 719 1808 quaestio
734 1740 878 1793 ventilata.
894 1739 949 1795 Sed

41 1885 49 1902 .
103 1830 135 1882 ut
150 1826 294 1881 dulcedini
315 1829 372 1880 tuae
391 1825 471 1896 prius
486 1805 569 1879 nothi
585 1834 607 1893 ⁸,
631 1831 745 1881 notesco
768 1826 845 1897 quod
861 1827 950 1882 inter-

103 1914 212 1970 dictum
229 1915 266 1968 sit
289 1915 343 1968 hoc
363 1914 513 1984 negotium
538 1914 617 1968 omni
636 1915 711 1968 clero
733 1922 873 1987 presente
890 1917 950 1986 epi-

103 2019 200 2074 scopo.
224 2004 302 2056 Tunc
325 2002 395 2057 dicit
416 2003 556 2073 regularis
577 2003 708 2056 instituta
725 2005 778 2058 hoe
793 2005 839 2058 cui
854 2005 949 2075 injun-

103 2096 182 2147 ctum
208 2090 295 2145 tuerit
322 2091 417 2157 licere,
446 2106 511 2144 cum
534 2095 584 2145 aut
607 2091 804 2162 longinquitas
828 2092 949 2159 itineris,

104 2185 155 2234 aut
182 2178 362 2233 imbecillitas
389 2180 517 2251 corporis
546 2180 574 2233 id
606 2180 740 2250 episcopo
768 2181 952 2251 denegaverit

103 2283 196 2338 posse.
222 2270 300 2322 llunc
325 2283 389 2321 voro
412 2267 480 2338 quid
505 2267 540 2322 ad
564 2268 625 2322 haec
650 2284 796 2339 opponere
822 2270 950 2340 potestis,

105 2372 169 2412 cunr
186 2372 232 2410 mo
247 2355 359 2410 habetis
380 2357 570 2427 presentem?
592 2372 643 2411 cur
665 2358 849 2427 presentiam
872 2374 952 2413 recu-

105 2450 200 2500 santes
218 2445 327 2499 litteras
347 2445 454 2515 petitis,
477 2451 504 2500 et
525 2461 589 2516 quae
611 2446 674 2499 vivo
696 2463 827 2501 sermone
851 2447 951 2501 audire

104 2533 233 2609 potestis,
250 2549 302 2605 per
322 2534 416 2604 apices
439 2534 586 2605 queritis?
598 2535 652 2590 Sed
669 2535 753 2605 plane
769 2535 952 2607 nescioquas

106 2622 298 2693 salsuginosas
321 2621 459 2687 asseritis,
485 2626 514 2675 et
534 2638 625 2693 prope
650 2623 838 2693 bligentianos
861 2627 874 2667 b
898 2625 952 2679 Do-

105 2711 235 2776 natistas,
259 2715 287 2763 et
312 2709 505 2764 Lvrcilerianos
528 2711 642 2766 notatis.
668 2711 721 2766 Pro
749 2712 777 2765 id
806 2713 895 2766 miror
923 2718 950 2767 te

104 2799 277 2872 prudentem
298 2798 391 2852 virum
412 2805 439 2853 et
454 2799 640 2869 industrium,
655 2816 707 2854 cur
720 2800 783 2854 illos
797 2800 951 2871 damnatis,

105 2888 155 2960 qui
169 2888 307 2943 hactenus
321 2887 499 2942 concilialem
523 2892 637 2942 serrant
659 2904 820 2955 censuram,
835 2905 887 2943 nec
900 2906 950 2959 pe-

783 279 910 334 thth
927 278 1168 335 colroussmtffls

1799 277 1852 332 476

1007 420 1098 482 sperat
1119 415 1150 468 in
1174 415 1285 468 Domino
1308 413 1508 480 confortabitur
1531 413 1621 484 (Pron.
1646 429 1719 480 xxix,
1744 411 1800 481 25),
1825 415 1853 466 et

1007 506 1120 569 caetera,
1144 518 1208 572 quas
1230 501 1393 572 prudentiae
1416 506 1516 556 vestras
1539 517 1597 555 non
1620 501 1720 555 latent.
1742 503 1808 556 llaec
1822 505 1853 576 et

1006 590 1110 644 hurum
1123 590 1228 645 similia
1243 606 1326 660 rogo,
1341 595 1373 644 ut
1387 591 1466 660 prius
1482 597 1575 644 tecum
1591 607 1705 662 semper
1719 591 1850 657 tractare,

1007 683 1035 733 et
1060 679 1099 733 sic
1122 683 1151 733 to
1180 680 1394 733 Sacramentum
1421 680 1660 733 reconciliationis
1688 679 1850 734 admittere.

1005 769 1058 824 Sed
1076 769 1099 822 si
1113 768 1189 823 aliud
1207 770 1309 839 placet,
1326 769 1369 822 lac
1382 769 1458 839 quod
1474 769 1526 823 tibi
1540 769 1649 823 bonum
1663 768 1789 832 videtur,
1804 772 1853 822 ant

1006 856 1084 928 quod
1099 857 1254 927 prudentia
1273 861 1322 910 tna
1343 856 1460 910 docente
1477 856 1667 927 conspexerit.
1686 855 1734 909 llis
1757 855 1854 924 explo-

1006 945 1116 1014 sisjam
1132 936 1367 1015 qnantum'potui
1393 944 1449 999 dixi
1475 961 1481 998 :
1505 945 1540 998 do
1564 943 1696 1014 plurimis
1719 942 1852 1012 cognovi,

1006 1048 1096 1103 pauca
1111 1033 1241 1086 charitati
1254 1037 1355 1086 vestrae
1373 1032 1475 1086 direxi.
1490 1034 1561 1087 Sunt
1577 1032 1667 1086 sancti
1681 1032 1731 1087 Dei
1746 1046 1854 1085 memo

1004 1137 1052 1175 res
1066 1121 1150 1175 vestri
1167 1138 1173 1176 :
1189 1137 1253 1174 sum
1269 1125 1298 1175 et
1312 1138 1365 1192 ego
1389 1121 1418 1174 in
1442 1121 1584 1175 omuibus.
1610 1121 1772 1176 Satutnmus
1795 1134 1854 1171 om·

1006 1225 1056 1262 nes
1080 1209 1110 1263 in
1134 1209 1230 1263 osculo
1251 1213 1360 1273 saneto,
1383 1225 1454 1278 quos
1478 1208 1564 1262 cortis
1587 1217 1598 1241 ⁰
1623 1212 1723 1260 vestrae
1748 1206 1855 1259 retinet

1005 1297 1127 1351 claustra
1141 1295 1158 1350 ¹.
1175 1298 1283 1352 Merear
1297 1313 1346 1350 vos
1360 1296 1390 1350 in
1406 1295 1504 1351 laetitia
1519 1296 1622 1350 videre.
1640 1298 1744 1349 Amen.

1393 1421 1463 1475 lllll.

1058 1544 1120 1582 rrnu
1143 1543 1269 1582 arrsroas
1292 1543 1391 1582 aarum
1414 1543 1499 1581 sauao
1523 1542 1650 1580 ariscoro
1674 1541 1798 1580 ovaccra.

1043 1655 1065 1705 l.
1093 1651 1247 1721 Epistulam
1274 1666 1307 1705 ex
1337 1650 1455 1705 nomine
1480 1655 1574 1704 vestro
1602 1649 1685 1703 nobis
1713 1648 1853 1703 directam

1004 1739 1190 1809 suscepimus,
1209 1744 1237 1793 et
1251 1738 1448 1793 recitationem
1471 1755 1530 1793 non
1553 1742 1686 1805 vestram,
1706 1738 1757 1791 sed
1775 1735 1853 1790 ithus

1003 1828 1173 1882 homunculi
1195 1843 1252 1882 esse
1274 1828 1468 1899 cognovimus,
1494 1842 1581 1898 quem
1600 1826 1700 1898 patries
1720 1825 1854 1879 exturba·

1003 1920 1107 1985 torem,
1124 1922 1152 1969 et
1166 1918 1319 1970 multarum
1337 1918 1479 1970 haeresum
1497 1921 1621 1970 satorem
1645 1930 1722 1985 saepe
1746 1914 1853 1984 proha·

1004 2005 1107 2060 vimus.
1127 2007 1157 2059 Et
1172 2020 1237 2059 cum
1253 2022 1304 2059 nos
1321 2021 1392 2075 pure
1406 2010 1433 2059 et
1448 2004 1616 2075 simpliciter
1630 2019 1719 2057 mann
1734 2002 1854 2073 propria

1004 2094 1130 2148 remedia
1144 2094 1247 2148 animae
1263 2094 1450 2164 impetrantes
1462 2093 1629 2158 scribamus,
1645 2108 1694 2145 vos
1709 2108 1725 2146 e
1740 2095 1853 2145 contra-

1003 2182 1047 2237 rio
1063 2183 1233 2236 mordaciter
1256 2187 1285 2237 et
1304 2182 1423 2236 subdole
1443 2198 1501 2236 non
1518 2198 1551 2236 ex
1571 2185 1664 2235 restra
1679 2186 1786 2247 mente,
1805 2179 1854 2234 sed

1005 2288 1038 2326 ex
1053 2272 1199 2325 stomacho
1223 2271 1320 2324 multis
1343 2271 1510 2341 potionibus
1532 2269 1669 2335 sauciato,
1693 2267 1777 2322 nobis
1795 2283 1854 2322 non

1004 2360 1107 2431 pocula
1121 2360 1196 2426 vitae,
1213 2360 1261 2414 sed
1282 2376 1391 2413 venena
1410 2359 1566 2430 porrigitis,
1583 2364 1612 2412 et
1632 2358 1724 2412 tilium
1748 2373 1765 2412 a
1785 2358 1852 2412 cha·

1004 2450 1088 2504 ritate
1104 2454 1195 2503 vestra
1210 2449 1308 2520 procul
1324 2448 1450 2517 rejicitis.

1040 2541 1067 2592 ἓ.
1093 2539 1125 2591 Et
1148 2552 1206 2590 non
1229 2537 1321 2590 solum
1346 2551 1446 2602 tanum,
1470 2535 1519 2589 sed
1544 2533 1710 2588 universum
1733 2548 1853 2604 gregem

1005 2625 1101 2680 nescio
1126 2641 1182 2696 quo
1198 2625 1317 2678 consilio
1336 2624 1497 2678 morbidum
1515 2622 1671 2689 estimatis,
1688 2637 1775 2692 quem
1794 2638 1852 2676 non

1005 2713 1222 2768 medicinalibus
1242 2713 1386 2778 lomentis,
1411 2713 1460 2765 sed
1483 2711 1589 2765 ravidis
1611 2710 1771 2781 discerpitis
1786 2711 1854 2764 den·

1005 2803 1091 2871 tibus,
1110 2803 1295 2872 membraque
1312 2806 1404 2855 vestra
1419 2800 1520 2854 vestris
1538 2800 1682 2854 destruitis
1705 2799 1852 2853 manibus.

1005 2892 1154 2962 Oquanta
1179 2896 1260 2944 erant
1281 2890 1310 2943 in
1334 2889 1425 2960 ipsius
1448 2889 1563 2942 nefandi
1587 2888 1735 2941 interitum
1757 2887 1855 2958 jacula

104 2976 214 3032 reuntis
230 2975 421 3030 multitudinis
437 2977 573 3031 dicuntur
592 2977 734 3048 exemplo,
751 2978 800 3032 sed
823 2978 872 3031 illa
887 2994 952 3049 quae
970 2995 990 3052 g
1005 2980 1210 3051 intorquenda,
1230 2980 1253 3033 si
1268 2979 1448 3045 facietenus,
1463 2977 1549 3032 utvir
1563 2983 1705 3043 strenuus,
1722 2976 1851 3030 decerta-

105 3067 222 3121 Patrum
239 3064 332 3119 sanxit
346 3065 498 3119 auctoritas
520 3065 687 3120 inconvulso
709 3066 869 3121 retinerent
890 3067 950 3121 ani-

104 3167 163 3219 mo,
181 3152 273 3206 donec
288 3152 481 3223 plurimorum
502 3154 702 3225 episcoporum
725 3157 878 3225 sententia,
903 3160 953 3211 aut

9 3283 15 3294 .
104 3240 291 3295 confirmetur
306 3241 441 3310 edictum,
458 3247 506 3296 aut
525 3247 702 3313 temperetur
717 3244 830 3298 decreta
854 3253 864 3278 ⁰
886 3261 953 3298 con·

105 3330 223 3384 sultam.
247 3331 308 3384 Non
324 3345 403 3400 ergo,
430 3336 461 3385 ut
479 3331 613 3398 diximus,
638 3330 806 3386 rebelliones
830 3348 847 3386 a
867 3334 951 3387 nobis

105 3417 245 3472 debentur
258 3417 359 3472 haberi
372 3418 513 3484 Ecclesiae,
532 3419 583 3489 qui
602 3419 799 3474 ecclesiasticis
821 3420 953 3474 videntur

106 3506 218 3577 legibus
233 3506 382 3560 inservire.
406 3507 488 3561 Prius
507 3506 624 3578 quidem
640 3509 834 3562 amantissime
849 3508 952 3563 idcirco

106 3592 273 3663 scripsimus
288 3593 369 3648 vobis
381 3595 550 3665 semiplene,
565 3596 632 3667 quia
645 3597 823 3651 characteres
836 3597 952 3668 ignora·

105 3681 198 3736 vimus
214 3682 341 3754 epistolae
355 3688 464 3740 vestrae.
486 3687 523 3739 alt
538 3701 613 3740 nunc
627 3685 696 3756 quia
715 3685 775 3756 jam
791 3686 952 3757 reperimus

106 3770 230 3841 propriis
257 3771 371 3840 litteris,
402 3776 429 3826 et
462 3788 580 3827 manum
611 3773 785 3829 advertimus
817 3780 951 3843 vestram,

106 3858 212 3914 idcirco
236 3860 349 3916 amicali
373 3878 470 3917 amore
494 3863 661 3934 scripsimus
679 3864 759 3917 vobis
775 3880 827 3935 pro
848 3864 952 3918 animas

105 3951 206 4005 vestrae
221 3950 347 4005 remedio
361 3951 430 4006 lotis
445 3952 555 4006 nisibus
570 3969 620 4006 vos
635 3957 778 4022 optantes,
796 3957 826 4006 ot
840 3969 874 4007 ea
888 3968 953 4024 quae

105 4032 201 4093 sancta
216 4045 282 4092 suot
303 4039 465 4109 requiratis,
489 4045 517 4094 et
538 4056 692 4110 pravorum
710 4040 853 4095 consortia
868 4041 953 4095 evite-

105 4126 151 4199 tis.
174 4128 245 4180 Nam
261 4142 325 4180 curu
346 4126 456 4182 dictum
472 4129 508 4181 sit
531 4144 537 4181 :
562 4129 614 4194 Qut
634 4131 751 4195 tetigerit
769 4132 865 4197 picem,
883 4131 954 4182 coira-

101 4215 316 4298 Ιᾳιιὶιιαὸἱιιιιιιὸ
334 4231 366 4268 ee
387 4217 483 4284 (Eruli.
507 4233 566 4284 aur,
594 4217 636 4286 l);
660 4232 725 4286 quae
749 4217 830 4271 vobis
846 4217 954 4271 absolu·

106 4300 145 4356 tio
169 4301 204 4354 ad
232 4308 409 4354 sacramenta
432 4301 616 4372 percipienda
638 4303 743 4372 poterit
765 4300 779 4338 ¹¹
803 4303 904 4370 inesse,
928 4302 952 4357 si

104 4388 349 4459 pseudoepiscopo
384 4389 414 4443 in
452 4391 607 4444 crastinum
644 4389 797 4444 videamini
835 4406 951 4462 quoquo

105 4482 189 4547 pacto
209 4477 340 4538 adnecti?
361 4477 487 4545 Domini,
515 4494 570 4531 non
595 4483 692 4532 nostra
717 4478 858 4533 sententia
881 4485 924 4533 est
943 4495 949 4532 :

105 4566 194 4620 Nolite
221 4567 314 4620 timere
339 4581 381 4620 ees
407 4569 457 4636 qui
482 4566 608 4621 occidunt
634 4581 740 4636 cerpus,
768 4570 866 4622 aalma
890 4583 952 4623 vero

104 4654 176 4709 nihtt
190 4658 283 4710 nocent
304 4655 413 4724 (lletth.
438 4671 465 4721 x,
491 4655 544 4727 28).
571 4655 623 4710 Cui
643 4656 793 4710 consimile
816 4657 951 4711 Salomon

104 4743 200 4816 inquit
224 4759 231 4796 ι
258 4743 311 4810 Qut
334 4747 410 4799 timet
434 4745 563 4812 homiues,
591 4747 644 4800 cito
668 4750 783 4799 corruet.
808 4747 878 4800 Nam
904 4748 953 4814 qut

140 4878 153 4903 ⁸
167 4869 199 4923 ld
214 4872 257 4922 est
271 4874 371 4922 notum
388 4868 451 4923 leci.

141 4941 207 4994 bne
229 4940 407 5010 lligentianis
431 4940 576 4994 erroribus
596 4940 659 4994 vide
683 4945 754 4994 tem.
772 4940 793 4991 V
809 4939 952 5011 Hispania

105 5009 252 5135 Sacioe‚⁰a
277 5026 342 5081 pag.
370 5012 431 5065 540.
461 5011 528 5065 Vide
555 5010 640 5064 etiam
672 5015 748 5064 turno
776 5012 805 5078 X,
832 5027 895 5082 cap.
924 5013 950 5077 8,

106 5098 184 5136 num.
206 5085 215 5135 l
241 5121 247 5134 .

140 5164 150 5188 ⁶
168 5153 249 5207 Forte
263 5151 377 5206 decreto.

140 5221 152 5258 ¹¹
169 5225 230 5285 lis,
246 5226 401 5291 potueruut.

140 5294 258 5347 ‘Certis
274 5293 320 5346 hic
342 5293 418 5347 idem
443 5292 600 5347 sedemus.
624 5291 692 5346 Vide
716 5292 814 5348 Ambr.
840 5292 875 5346 de
896 5293 953 5347 llo·

105 5364 180 5416 rates
196 5363 244 5416 tib.
270 5379 300 5425 ιι,
325 5379 387 5432 cap.
413 5366 438 5424 8,
457 5364 487 5417 in
503 5379 591 5434 opera
604 5362 632 5418 S.
650 5362 761 5434 Eulogii
775 5363 951 5419 Glossarium

105 5432 212 5501 Cange,
228 5433 295 5486 edit.
311 5433 338 5488 S.
355 5434 453 5488 Mauri.
631 5437 633 5441 ’

141 5500 152 5538 s
168 5504 303 5569 Claustra,
320 5504 474 5574 singularis
490 5504 612 5572 numeri,
635 5507 663 5558 et
677 5504 789 5575 generis
806 5504 950 5573 feminini,

106 5578 239 5644 utsupra
254 5575 336 5645 epist.
355 5577 399 5642 ro,
412 5592 442 5630 n.
457 5577 483 5631 4.

1005 3075 1049 3124 rot
1066 3071 1095 3122 in
1118 3084 1226 3139 pugna,
1253 3073 1281 3122 et
1304 3084 1362 3122 nou
1385 3069 1468 3134 clam,
1493 3072 1527 3121 ut
1547 3067 1671 3130 testudo,
1696 3065 1853 3119 mulierum

1007 3174 1098 3225 more,
1116 3157 1145 3210 in
1162 3157 1271 3211 umbris
1286 3156 1414 3225 gladium
1431 3159 1555 3209 acueret.
1574 3154 1623 3224 qui
1639 3152 1757 3223 proprio
1779 3151 1856 3223 judi·

1006 3246 1050 3299 cio
1064 3245 1271 3299 condemnatus
1288 3259 1339 3297 nec
1358 3242 1501 3296 confessor
1523 3247 1565 3295 est
1588 3240 1714 3310 proprie,
1740 3256 1794 3293 nec
1815 3255 1856 3293 sa-

1005 3334 1103 3387 cerdos
1117 3351 1124 3389 :
1140 3349 1227 3404 quem
1242 3332 1356 3386 habitus
1371 3330 1564 3385 confessorem
1578 3343 1601 3393 s,
1616 3335 1645 3382 et
1658 3329 1760 3398 lingua
1775 3343 1854 3382 com-

1005 3421 1108 3493 probat
1133 3422 1305 3487 derisorem;
1333 3436 1419 3491 quem
1449 3418 1585 3473 staminia
1610 3422 1638 3471 et
1664 3417 1730 3471 lana
1756 3416 1854 3470 ovium

1006 3508 1173 3580 religiosum
1186 3508 1335 3579 approbat,
1349 3514 1377 3563 et
1390 3507 1540 3579 prolixitas
1555 3505 1651 3560 barbae
1663 3505 1769 3559 laicum
1780 3504 1855 3559 altir-

1006 3604 1080 3663 mat;
1105 3614 1191 3668 quem
1216 3598 1360 3651 simulatio
1387 3598 1481 3669 operis
1505 3602 1645 3661 sanctum,
1662 3601 1690 3648 et
1706 3594 1854 3648 aemulatio

1005 3686 1190 3742 detractionis
1210 3687 1335 3741 ostendit
1356 3687 1473 3740 elatum.
1495 3684 1569 3749 Quid
1592 3683 1670 3738 enim
1698 3683 1816 3748 mirum,
1832 3681 1856 3735 si

1007 3775 1169 3829 sacerdotes
1197 3776 1286 3829 nostri
1312 3775 1451 3845 temporis
1476 3773 1617 3838 detrahat,
1647 3771 1697 3841 qui
1725 3771 1856 3825 doctores

1005 3864 1161 3935 infringere
1183 3865 1292 3918 tentat?
1312 3864 1339 3919 Si
1365 3863 1483 3917 clericos
1504 3862 1640 3916 damnare
1660 3861 1784 3927 studeat,
1807 3859 1855 3929 qui

1006 3968 1112 4023 agones
1136 3957 1293 4023 martyrum
1324 3952 1456 4005 mutilare
1483 3965 1543 4004 non
1566 3948 1694 4004 dubitat?
1719 3949 1815 4013 Pater,
1839 3964 1856 4000 o

1007 4045 1114 4112 quanta
1129 4047 1211 4095 erant
1227 4041 1256 4093 in
1273 4040 1495 4094 destructionem
1513 4038 1603 4108 ipsius
1620 4053 1678 4090 non
1701 4037 1856 4107 sapientis·

1006 4128 1083 4194 simi,
1109 4128 1156 4182 sed
1180 4128 1341 4181 stultissimi
1366 4128 1544 4191 homunculi,
1571 4124 1735 4180 testimonie
1763 4124 1859 4177 inten-

1006 4216 1107 4281 tanda;
1133 4221 1297 4285 quantaque
1319 4215 1349 4268 in
1373 4214 1463 4285 ipsius
1486 4214 1614 4285 epistolas
1637 4211 1792 4265 inconditae
1815 4213 1859 4264 in·

973 4293 1169 4374 ltlringenda,
1199 4302 1222 4356 si
1252 4303 1369 4357 honoris
1400 4303 1485 4357 vestri
1517 4317 1570 4355 nos
1602 4299 1764 4354 reverentia
1796 4315 1857 4353 non

1007 4389 1153 4461 religaret!

1042 4483 1068 4535 3.
1090 4480 1160 4534 Nam
1181 4479 1245 4532 linis
1268 4477 1442 4549 principium
1467 4477 1596 4543 destruit,
1613 4481 1642 4529 et
1657 4473 1784 4544 qualiter
1798 4474 1856 4529 ini-

1006 4567 1121 4622 tiaverit
1135 4584 1192 4621 nun
1208 4568 1369 4633 attondens,
1395 4567 1425 4620 iu
1449 4567 1555 4620 calcem
1571 4565 1625 4618 sibi
1643 4564 1762 4618 adversa
1786 4580 1855 4618 con·

1006 4655 1126 4727 scripsit.
1144 4655 1253 4710 Stultus
1275 4655 1352 4708 enim
1378 4655 1470 4708 editor
1485 4653 1663 4707 sanctitatem
1686 4655 1714 4706 et
1736 4651 1858 4721 sapien-

1005 4745 1076 4801 tiam
1091 4744 1223 4799 ambiens
1234 4743 1446 4815 stultiloquium
1464 4759 1521 4796 nen
1539 4741 1652 4806 vitavit;
1671 4744 1698 4793 et
1713 4740 1857 4794 condem-

1042 4883 1057 4924 ε
1077 4867 1234 4922 Antithesis
1254 4867 1382 4922 derisoris
1403 4869 1433 4920 et
1451 4867 1609 4931 confessoris
1629 4863 1725 4918 innuit
1746 4866 1856 4930 conses-

1005 4954 1090 4995 sorem
1119 4938 1165 4992 hic
1191 4938 1281 5006 accipi
1307 4955 1358 5009 pro
1384 4943 1502 4999 cantore,
1526 4937 1553 4990 id
1578 4940 1621 4989 est
1645 4951 1696 5005 pro
1720 4935 1856 4989 inferiori

1006 5011 1175 5064 clericorum
1192 5009 1282 5080 gradu
1299 5010 1400 5063 divinis
1410 5007 1545 5062 canendis
1558 5007 1688 5060 laudibus
1699 5004 1834 5060 instituto
1847 5022 1853 5060 :

1026 5080 1075 5134 uia
1101 5080 1178 5134 enim
1207 5082 1328 5148 coufiteri
1356 5080 1461 5150 passim
1482 5078 1512 5132 in
1538 5093 1617 5132 sacra
1640 5076 1789 5145 Scriptura
1813 5082 1858 5130 est

1006 5097 1057 5206 hei
1079 5151 1178 5205 laudes
1199 5151 1362 5214 decantare,
1384 5153 1547 5216 consessores
1566 5147 1734 5203 dicebantur
1755 5153 1856 5200 canto·

1006 5238 1060 5276 res.
1078 5221 1156 5277 Unde
1172 5222 1324 5275 concilium
1344 5222 1433 5274 Tolet.
1455 5238 1474 5285 ι,
1499 5236 1561 5273 cau.
1586 5222 1612 5285 9,
1635 5218 1751 5289 inquit:
1769 5219 1856 5274 Natta

1004 5296 1139 5362 professa.
1154 5293 1196 5346 oct
1216 5291 1301 5346 viduo
1315 5292 1423 5346 absente
1437 5294 1559 5360 episcopo
1574 5291 1616 5344 oet
1635 5290 1807 5359 presbytero.
1827 5293 1856 5342 in

1006 5364 1082 5418 demo
1110 5378 1162 5417 sua
1189 5364 1352 5431 antiphonas
1376 5377 1435 5416 cum
1458 5364 1617 5428 consessore,
1640 5361 1681 5414 vel
1705 5374 1783 5415 sono
1807 5376 1857 5414 suo

1004 5437 1102 5502 factat.
1120 5433 1189 5488 Vide
1205 5434 1325 5488 Glossar.
1341 5432 1451 5503 cangii.
