3930 6098
149 229 200 282 :tle
835 223 959 278 attint
981 221 1219 278 consulturus
1852 225 1901 275 :tin

149 363 284 431 ptnosam
316 366 328 392 ⁸
352 355 506 420 lasciviam,
537 358 566 406 et
594 352 806 407 lenocitationis
822 353 961 425 passivam
986 355 1108 418 laesi,
1129 352 1173 405 rel
1197 354 1369 420 conlectum,
1390 351 1467 424 qnod
1494 352 1531 407 ab
1558 352 1627 424 ipsis
1643 354 1805 424 persecutio
1830 361 1901 418 orta,

148 448 301 506 luxuriam.
319 458 523 513 sermoneque
547 441 640 512 potuit
662 441 853 512 exprobravit,
880 447 908 496 et
930 457 996 496 ora·

42 580 46 590 .
149 536 227 590 tione
242 532 392 604 splendida
403 529 608 601 comprobavit.
624 535 660 585 at
672 531 713 585 illi
723 539 785 602 post
798 531 895 602 aliqua
910 547 996 602 super

150 623 209 695 ejas
238 620 477 676 meretricationis
488 619 687 686 subsannium,
705 620 747 673 rel
773 619 995 690 conjugatorum

148 710 281 766 adulterii
306 709 438 764 factionis
467 707 634 776 colludium,
661 708 756 763 habita
784 708 994 762 conflictatione

145 799 308 864 verborum,
325 798 490 852 frendentes
504 797 648 862 dentibus,
668 803 696 851 et
710 796 819 851 caninis
846 799 995 852 saevientes

146 887 274 956 rictibus,
293 902 343 941 ore
357 886 473 958 vipereo
491 886 649 953 sibilantes,
670 890 698 940 et
718 886 833 941 leonum
848 883 995 941 ferocitate

146 975 311 1041 frementes,
333 974 410 1029 abire
435 991 497 1029 eam
515 977 632 1044 propter
657 974 756 1029 datum
781 974 892 1029 noviter
916 975 995 1044 jnra-

147 1070 279 1120 mentum
303 1064 473 1119 dimiserunt
506 1063 671 1119 ⁰illaesum.
701 1063 754 1118 Sed
788 1069 853 1133 post
878 1063 994 1135 aliquod

146 1152 284 1223 temporis
304 1167 418 1205 cursum
435 1151 565 1206 dolorum
582 1168 695 1223 semper
708 1153 904 1221 peccatoribus
924 1152 995 1207 reti-

1052 441 1180 509 inventa,
1227 441 1372 508 inchoata,
1417 440 1534 496 defensa
1575 446 1617 495 est
1653 442 1696 496 rel
1739 444 1902 513 completa?

1087 534 1112 584 5.
1140 531 1296 601 Pergamus
1330 529 1448 585 secundi
1476 530 1582 585 iterum
1616 546 1760 601 exponere
1793 547 1901 585 casum.

1051 619 1118 673 Post
1145 617 1213 672 anni
1243 617 1463 684 revolutionem,
1483 623 1532 673 aut
1560 618 1670 690 aliquid
1693 619 1829 690 amplius,
1855 620 1903 674 ille

1049 706 1148 760 livoris
1159 706 1311 777 gentilium
1327 708 1427 761 oculus
1442 722 1500 762 non
1516 707 1635 778 quievit,
1662 708 1709 762 sed
1727 713 1757 762 nt
1785 708 1902 763 solitum

1050 800 1093 850 est
1108 795 1166 850 illis
1181 795 1455 850 christianissimum
1471 796 1602 863 irridere,
1626 801 1654 850 et
1672 797 1755 851 nobis
1769 797 1903 852 omnibus

1050 883 1225 938 Christicolis
1245 884 1395 951 insultare,
1415 884 1492 938 hunc
1516 885 1666 951 loannem,
1696 901 1783 956 quem
1812 886 1903 941 multo

1050 974 1180 1043 tempore
1198 971 1319 1027 carceris
1342 972 1462 1027 retinnit
1477 972 1599 1027 claustra
1622 971 1640 1040 ἲ,
1672 973 1902 1044 negotiationum

1050 1060 1239 1116 mercimonia
1254 1061 1443 1117 mundinandi
1456 1077 1639 1132 exaggerare,
1661 1063 1755 1117 conati
1769 1068 1848 1130 sunt,
1874 1067 1903 1117 et

1050 1150 1164 1213 vexari;
1180 1155 1209 1204 et
1222 1150 1258 1204 ob
1282 1151 1406 1220 gratiam
1429 1151 1610 1205 mercimonii
1633 1151 1722 1205 livore
1738 1152 1794 1206 usti
1811 1154 1899 1206 multa

146 1251 246 1296 nentes
260 1255 414 1306 venenum,
438 1244 466 1294 et
485 1241 567 1311 qnasi
589 1246 727 1295 vetustate
749 1240 887 1312 temporis
911 1256 994 1311 repu·
1049 1238 1232 1308 exprobando
1248 1239 1379 1309 ingerere
1403 1251 1427 1302 s,
1445 1238 1590 1293 dieentes:
1615 1240 1828 1312 Parvipeodens
1853 1257 1902 1295 nu-

146 1334 239 1386 tantes
260 1329 400 1384 abolitum
427 1329 555 1399 priorem
583 1329 624 1383 illi
648 1329 775 1384 illectum
799 1329 919 1383 infidum
942 1344 993 1400 pa·
1049 1331 1140 1381 strum
1151 1327 1331 1399 prophetam,
1348 1342 1462 1398 semper
1476 1328 1539 1400 ejus
1553 1344 1661 1383 nomen
1688 1329 1719 1383 in
1755 1329 1899 1384 derisione

146 1423 234 1485 ctnrn,
252 1418 318 1473 dolo
343 1434 409 1473 eum
424 1417 680 1471 circumvenientes
699 1417 910 1488 apprehensum
927 1432 994 1471 eum
1048 1413 1223 1486 frequentas,
1239 1420 1267 1470 et
1282 1416 1461 1471 mendacium
1472 1422 1553 1471 tuum
1566 1397 1789 1487 perjuramc'nta
1800 1423 1832 1473 ut
1846 1419 1899 1473 ribi

143 1508 233 1578 judici
242 1507 395 1562 saevissime
409 1506 558 1560 mendacio
573 1506 716 1560 inhiantes
726 1504 739 1541 ¹¹
753 1507 835 1577 quasi
848 1506 994 1560 destruen-
1047 1503 1161 1557 ridetur
1174 1510 1279 1559 nostrae
1297 1505 1446 1575 religionis
1461 1505 1530 1559 falsa
1551 1506 1667 1560 auribus
1691 1512 1716 1560 te
1736 1507 1899 1577 ignoranti·

146 1598 204 1650 tem
232 1596 298 1650 fidei
326 1595 440 1648 illorum
464 1594 551 1647 ritum
577 1593 666 1663 impie
691 1594 883 1665 protulerunt,
909 1609 994 1647 eum·
1013 1636 1033 1690 B
1049 1594 1125 1647 bnsh
1138 1593 1334 1650 Christianum
1349 1610 1409 1648 esse
1426 1610 1500 1664 saepe
1520 1595 1683 1649 confirmas.
1699 1596 1742 1651 lld
1759 1611 1832 1666 quos
1852 1596 1898 1650 ille

147 1701 203 1757 qne
217 1684 436 1739 maledicentem
452 1698 551 1737 eornm
575 1688 666 1735 ratem
689 1698 739 1735 suu
766 1681 931 1737 testimonio
950 1683 994 1734 vi-
1049 1697 1113 1736 cum
1129 1682 1379 1736 tidenteretnihil
1397 1698 1465 1753 erga
1485 1699 1514 1737 se
1532 1683 1590 1737 doli
1607 1683 1763 1754 suspicans,
1790 1699 1820 1738 se
1849 1683 1901 1739 im·

145 1774 247 1829 lissimi
265 1772 434 1829 homunculi
453 1771 650 1825 firmaverunt.
675 1771 726 1824 llle
749 1771 898 1841 inopinato
927 1786 995 1824 casn
1049 1771 1190 1825 mundum
1214 1771 1249 1826 ab
1269 1771 1337 1840 ipsis
1361 1787 1425 1842 quaa
1452 1777 1553 1826 contra
1580 1787 1647 1827 eum
1680 1773 1901 1844 opponebantur

41 1888 60 1917 .·
146 1861 325 1933 perterritus,
349 1866 378 1915 et
393 1860 530 1914 inusitata
556 1859 797 1914 circumvectione
827 1858 993 1931 perplexus,
1049 1859 1135 1913 vellet
1149 1860 1309 1927 ostendere,
1327 1859 1408 1914 furor
1421 1861 1564 1930 crepitans
1589 1866 1618 1915 et
1633 1877 1759 1932 praeceps
1796 1861 1840 1917 ira
1856 1877 1889 1917 ea

144 1950 260 2005 illorum
274 1948 994 2020 fraudulentaignoransconsilia,qnaecontraeum
1049 1946 1115 2000 dem
1131 1951 1273 2018 repetens,
1290 1946 1447 2013 inculcans,
1471 1951 1499 2000 et
1518 1947 1659 2017 replicans
1681 1947 1818 2014 crebrius,
1836 1963 1899 2018 quae

145 2038 319 2093 instruxerat
330 2037 534 2092 commentatio
550 2036 743 2102 frandulenta,
759 2052 789 2092 se
811 2037 865 2091 hoc
881 2039 995 2106 penitus
1048 2051 1123 2106 sape
1144 2037 1265 2104 dixerat,
1295 2037 1456 2091 intentavit.
1479 2038 1550 2091 Tum
1576 2037 1625 2091 ille
1654 2052 1711 2090 non
1737 2036 1832 2092 ferens
1865 2053 1897 2091 ex

145 2142 203 2180 non
218 2126 334 2188 dixisse,
347 2124 462 2180 infirma
486 2125 554 2179 salis
576 2124 777 2195 prosecutione
805 2126 938 2179 retexuit.
960 2127 996 2179 llt
1047 2124 1100 2179 bac
1115 2125 1335 2197 generationum
1359 2125 1460 2180 talium
1477 2126 1554 2180 nabe
1565 2125 1838 2193 stomachabundus,
1873 2133 1900 2180 et

145 2214 195 2269 ubi
219 2214 248 2269 in
266 2230 408 2269 carcerem
434 2214 535 2268 missus
556 2212 585 2267 in
602 2230 631 2268 se
648 2218 738 2268 exstat
762 2229 927 2280 conversus,
943 2229 992 2268 au·
1047 2213 1216 2268 facetasatis
1237 2213 1399 2268 urbanitate
1419 2213 1572 2282 accinctus,
1588 2215 1712 2284 eleganti
1736 2219 1833 2269 mente
1855 2228 1897 2268 re·

144 2303 207 2358 daci
231 2303 378 2374 proposito
401 2308 430 2356 et
456 2302 532 2357 virili
558 2318 727 2374 congressus
750 2302 836 2373 coeqrit
864 2302 993 2374 ipsorum
1048 2300 1167 2370 spondit
1181 2303 1272 2356 elatus
1288 2317 1295 2355 z
1312 2301 1478 2357 Maledictus
1493 2301 1530 2357 sit
1548 2318 1565 2356 a
1581 2303 1638 2356 Deo
1653 2303 1703 2374 qui
1727 2303 1897 2374 prophetam

145 2395 235 2447 totam
259 2392 537 2463 legeminfringere,
555 2397 655 2446 elnon
680 2391 772 2446 solum
797 2391 872 2462 quod
902 2391 994 2462 pridie
1048 2396 1172 2445 vestrum
1198 2390 1347 2444 nominare
1373 2390 1524 2446 desiderat.
1552 2391 1630 2446 lllico
1660 2393 1769 2446 clamor
1796 2391 1897 2463 ingens

146 2480 264 2548 dixerat,
294 2496 359 2552 quae
385 2496 471 2551 super
508 2496 574 2535 eram
615 2480 768 2551 imperitiae
803 2480 889 2535 factio
917 2497 992 2534 asse·
1047 2477 1149 2547 factrrs,
1161 2484 1190 2534 el
1212 2479 1391 2550 perditorum
1411 2495 1520 2534 cuneus
1535 2481 1722 2551 constipatus,
1737 2480 1898 2553 iniquitatis

144 2567 239 2636 rebat;
253 2585 352 2623 rernm
367 2568 453 2623 etiam
468 2568 525 2622 alia
539 2568 652 2640 potiora
667 2568 809 2639 ingerere,
835 2568 994 2640 mortisque
1047 2582 1141 2622 exosa
1153 2573 1320 2634 conventus,
1337 2569 1414 2623 velut
1428 2583 1496 2639 apes
1511 2569 1541 2623 in
1553 2584 1640 2622 unum
1654 2566 1783 2639 perfidiae
1811 2583 1896 2639 agge·

146 2655 238 2728 magis
262 2656 382 2728 gloriam
420 2673 506 2729 quam
539 2656 689 2711 interitum
715 2661 889 2727 exspectare.
916 2657 995 2712 Tunc
1046 2656 1396 2727 remcongregati,unius
1416 2673 1517 2712 massae
1539 2658 1654 2712 cumulo
1685 2658 1804 2712 malitiae
1830 2673 1897 2711 con-

145 2746 326 2802 eductumin
346 2745 571 2817 ipsumdieisni
595 2745 772 2800 horrendum
794 2746 911 2816 pascha,
935 2762 994 2818 quo
1047 2743 1348 2816 sparsionetrespersi
1376 2746 1545 2801 semivivam
1573 2747 1607 2801 ad
1625 2746 1752 2817 judicem
1791 2746 1899 2818 perdu-

145 2835 222 2889 soliti
243 2839 311 2889 sunt
328 2850 433 2905 pascua
458 2835 553 2889 fruere
568 2835 705 2901 carnalia,
722 2838 751 2889 et
779 2835 871 2889 ventri
896 2834 993 2890 libidi·
1047 2839 1162 2901 xerunt,
1180 2840 1210 2889 et
1218 2832 1339 2888 testibus
1353 2833 1448 2889 minus
1463 2834 1577 2889 idoneis
1592 2834 1629 2889 ab
1640 2834 1701 2906 ipsa
1719 2835 1898 2905 perfidorum

145 2922 233 2994 nique
244 2923 380 2978 alimenta
391 2923 553 2977 ministrare
567 2929 673 2989 satura,
690 2923 785 2994 gladio
804 2923 913 2978 vindice
928 2941 992 2995 per·
1012 2941 1032 2996 (j
1050 2939 1142 2977 massa
1171 2923 1353 2994 surgentibus
1381 2923 1570 2994 presentatis,
1593 2923 1705 2994 potiora
1730 2930 1758 2976 ct
1791 2923 1900 2992 majora

144 3015 287 3079 emerunt,
303 3017 331 3066 et
345 3011 426 3081 qnasi
439 3011 589 3066 victoriam
607 3011 733 3065 hostium
747 3011 843 3081 potiti,
871 3013 905 3066 ad
929 3028 993 3066 ora·
1047 3016 1146 3066 contra
1171 3011 1266 3081 ipsum
1292 3010 1443 3065 testatione
1472 3011 1590 3080 propria
1616 3011 1806 3065 intentarunt.
1828 3010 1896 3075 Once

144 3099 231 3155 tionis
254 3101 496 3169 conventiculum,
517 3098 689 3170 obsequium
711 3099 768 3153 [leo
790 3115 820 3153 se
843 3103 993 3169 praestasse
1047 3098 1312 3171 illetotanegavit,
1336 3105 1365 3154 et
1386 3098 1601 3154 emulationem
1628 3097 1742 3153 invidiae
1770 3099 1899 3168 ipsoram

145 3189 305 3256 credentes,
326 3189 413 3244 delati
433 3194 463 3243 et
476 3188 638 3243 innocentis
653 3203 754 3243 cruore
765 3187 883 3259 perfusi,
904 3187 992 3242 ritum
1047 3194 1146 3259 aperto
1161 3189 1189 3242 in
1201 3204 1230 3242 se
1245 3203 1375 3242 sermone
1393 3188 1527 3242 retexuit.
1557 3187 1610 3241 Sed
1623 3186 1712 3257 Jndex
1734 3185 1896 3257 iniquitatis

144 3294 230 3333 auum
244 3277 451 3348 perficiendum
467 3282 497 3331 ut
511 3275 591 3332 soliti
601 3281 668 3330 sunt
681 3293 776 3331 annue
788 3280 992 3347 pervenerunt.
1048 3276 1269 3347 quadringentis
1283 3292 1348 3331 cunr
1369 3276 1472 3330 ictibus
1488 3276 1621 3330 verberat
1648 3264 1843 3345 flagellorum,
1872 3277 1900 3328 et

179 3366 205 3421 4.
223 3367 289 3421 Esto
316 3382 392 3420 nunc
416 3364 539 3419 arbitres
562 3364 643 3435 justi,
673 3370 703 3419 et
729 3380 788 3419 non
808 3365 993 3419 favorabilem
1049 3380 1101 3435 per
1123 3365 1256 3419 omnium
1282 3365 1358 3419 ades
1387 3364 1558 3419 Sanctorum
1578 3363 1631 3417 sub
1660 3377 1728 3416 voce
1755 3363 1901 3433 praeconia

143 3459 291 3509 ventosam
310 3459 339 3508 et
362 3453 498 3518 flavilem,
521 3454 571 3508 sed
596 3468 694 3507 veram
721 3454 847 3524 proferte
874 3454 994 3507 rationis
1046 3453 1114 3508 fecit
1142 3453 1303 3508 discurrere
1320 3470 1326 3507 :
1343 3453 1422 3507 Talia
1443 3454 1502 3524 pati
1528 3452 1642 3518 debere,
1672 3451 1722 3522 qui
1750 3452 1899 3522 prophetas

144 3541 328 3607 sententiam,
353 3541 469 3611 justitiae
495 3541 616 3595 vinculis
640 3541 817 3597 innodatam.
842 3545 865 3597 Δ
887 3543 993 3613 quibus
1047 3541 1167 3611 derogat
1195 3542 1256 3596 Ilei.
1283 3545 1323 3596 Ac
1345 3540 1450 3596 deinde
1473 3540 1609 3596 carcerali
1633 3533 1789 3610 mancipat,
1822 3543 1899 3594 arcta

143 3643 222 3683 nnnc
257 3633 361 3696 ortam,
399 3644 480 3698 roga,
517 3630 746 3699 persecutionem
779 3647 842 3686 esse
870 3630 994 3686 ridetis?
1048 3631 1188 3699 custodia,
1209 3630 1369 3685 minitando
1381 3631 1423 3685 illi
1437 3630 1543 3685 inferre
1559 3631 1678 3701 majora.

145 3715 245 3771 Nonne
259 3717 445 3788 perspicuum
460 3721 511 3784 est,
534 3716 612 3788 ipsos
632 3733 693 3772 esse
716 3717 876 3774 incentores
902 3721 994 3774 malo·
1083 3721 1109 3773 6.
1122 3719 1206 3773 Estne
1222 3719 1315 3774 adhuc
1340 3718 1445 3790 aliquis
1467 3720 1544 3773 nube
1559 3719 1665 3772 erroris
1687 3717 1762 3771 forte
1787 3733 1898 3788 posses·

143 3819 221 3870 rum,
251 3810 563 3876 assertoreserrornm,
588 3805 763 3876 irrogatores
778 3807 921 3875 dolorum,
943 3809 993 3879 qni
1047 3822 1104 3876 sus,
1122 3808 1191 3862 faece
1207 3807 1368 3879 iniquitatis
1392 3823 1573 3878 conspersus,
1588 3806 1639 3879 qui
1664 3810 1752 3876 neget
1766 3821 1900 3876 persecu·

143 3894 570 3966 pactumprimitusinnocenti
592 3895 737 3964 offertum,
761 3896 862 3952 fraude
889 3897 992 3951 veneni
1047 3896 1133 3951 tionis
1151 3897 1205 3951 hoc
1227 3899 1347 3951 existere
1362 3896 1496 3966 tenipus?
1515 3896 1548 3950 Et
1574 3912 1639 3967 qnae
1667 3896 1760 3964 major
1794 3894 1900 3966 poterit

144 3984 317 4049 confectum,
334 3984 431 4038 furore
456 3985 664 4055 praesentalis
691 3985 813 4052 accensi,
842 3985 993 4056 iniquitate
1048 4001 1108 4040 esse
1135 3986 1305 4056 persecutio,
1335 3987 1474 4056 cujusque
1510 3985 1588 4039 modi
1616 3985 1654 4037 sit
1686 3985 1746 4055 jam
1776 3984 1901 4038 severior

143 4072 253 4143 repleti,
269 4088 328 4126 non
344 4073 504 4127 timuerunt
522 4072 558 4127 ob
574 4073 667 4127 zelum
682 4071 749 4127 fidei
764 4089 823 4128 snae
846 4073 993 4128 audaciter
1048 4074 1237 4144 exspectanda
1252 4073 1383 4143 dejectio,
1395 4074 1512 4144 qnando
1533 4073 1610 4144 quod
1634 4074 1719 4127 corde
1747 4071 1901 4127 rationabi-

142 4160 291 4232 dissipare,
309 4163 466 4232 procaciter
480 4162 623 4226 mutilare,
653 4161 802 4232 gentiliter
826 4161 941 4218 dextere
956 4162 993 4218 ⁸?
1048 4160 1113 4215 liter
1123 4162 1258 4229 creditur,
1283 4178 1332 4216 ore
1351 4162 1381 4216 in
1404 4163 1519 4233 publico
1543 4178 1600 4217 non
1621 4162 1806 4232 proferetur?
1832 4162 1898 4216 Ecce

145 4251 214 4306 Ecce
243 4250 402 4320 audaciam,
431 4251 489 4306 imo
518 4250 718 4318 constantiam,
747 4266 834 4322 quam
865 4251 896 4305 in
924 4267 992 4306 con·
1012 4235 1179 4306 Danimlex
1193 4252 1307 4322 publica
1323 4251 1698 4323 pendet,etlegalisjussa1
1719 4266 1898 4322 peromnem

143 4339 357 4395 demnationem
376 4340 500 4405 trahitis,
529 4354 617 4410 quam
642 4339 677 4394 ad
705 4339 814 4395 crimen
841 4340 992 4409 adducitis,
1048 4355 1169 4410 regnam
1199 4356 1299 4395 eornm
1329 4341 1473 4406 discurrit,
1504 4345 1536 4395 ut
1563 4341 1612 4411 qui
1641 4339 1897 4409 blasphemaverit,

143 4429 190 4484 hic
205 4429 336 4484 sacerdos
352 4444 411 4484 non
424 4428 535 4483 habuit.
552 4427 681 4483 Timidus
701 4428 802 4484 timide
824 4429 859 4484 ad
885 4430 993 4485 bellum
1047 4428 1254 4501 flagelletur,et
1268 4429 1510 4500 quipercusserit,
1526 4429 1681 4483 occidatur.
1698 4427 1769 4482 Ecce
1785 4432 1815 4482 et
1832 4444 1898 4498 quo·

142 4517 368 4589 processit,zelo
391 4516 499 4572 diaboli
515 4517 551 4571 ad
579 4516 751 4572 occisionem
773 4518 861 4586 venit,
890 4535 943 4573 nec
977 4535 994 4572 a
1048 4518 1118 4574 tidie
1131 4517 1208 4571 horis
1228 4516 1339 4572 diurnis
1365 4523 1394 4572 et
1411 4516 1557 4571 nocturnis
1583 4516 1756 4571 inturribns
1785 4517 1845 4570 suis
1871 4520 1897 4570 et

143 4605 301 4661 cultoribus
322 4605 381 4673 llei,
399 4605 448 4660 sed
478 4605 514 4662 ab
544 4604 712 4660 Anticliristi
740 4605 887 4677 discipulis
928 4624 992 4678 pas·
1048 4605 1538 4676 montibuscaligosis*Dominum
1565 4605 1835 4672 maledicunt,dum
1855 4622 1899 4659 va-

144 4693 254 4751 sionem
286 4694 420 4765 suscepit.
450 4693 584 4765 Nunquid
609 4694 736 4749 velatum
766 4700 820 4763 cst,
848 4696 994 4751 occultam
1048 4700 1104 4749 teni
1133 4693 1323 4765 impudicum,
1352 4694 1512 4767 perjurum,
1537 4694 1670 4749 rabidum
1697 4699 1727 4749 et
1752 4694 1895 4766 iniquum.

180 4844 193 4870 ⁸
212 4836 273 4902 tls,
288 4835 486 4889 uolantnoaam.
1084 4832 1096 4870 *¹
1115 4834 1235 4890 lloralcs
1250 4835 1280 4890 in
1296 4835 1393 4892 divum
1419 4838 1531 4909 Eulog„
1548 4838 1597 4893 fol.
1619 4839 1652 4894 29
1676 4836 1705 4904 b,
1726 4840 1752 4891 tc
1767 4838 1898 4903 iaanen-

178 4905 326 4960 bllorales
351 4903 381 4957 in
403 4903 523 4959 Schuliis
542 4903 591 4959 lib.
622 4921 641 4959 u
668 4905 794 4977 Operum
818 4906 845 4961 S.
871 4906 992 4977 Eulogii,
1049 4908 1126 4962 tiam.

143 4991 206 5047 cap.
224 4978 249 5042 l,
266 4974 449 5046 pretermisit
461 4978 612 5046 passivam,
628 4976 702 5030 sicut
715 4983 744 5032 et
754 4979 993 5044 factionisrocem
1082 4977 1089 5012 ¹
1109 4976 1185 5031 ldem
1203 4976 1241 5032 ibi
1260 4994 1266 5032 :
1292 4980 1501 5048 conspiratione,
1527 4982 1663 5033 cartarum
1700 4979 1897 5047 conspartione,

142 5048 230 5120 paulo
259 5046 343 5101 infra.
382 5048 524 5101 Passiuam
553 5052 650 5102 autem
672 5047 812 5103 libidinem
834 5049 995 5120 ingeminat
1047 5049 1091 5102 vel
1115 5052 1305 5118 consparsione
1332 5050 1525 5103 retinendum.
1552 5050 1667 5103 Veteres
1683 5063 1811 5119 namque
1839 5062 1898 5103 can·

144 5124 245 5174 auctor
255 5133 336 5172 num.
352 5119 397 5183 28,
412 5118 441 5172 in
454 5118 522 5172 line.
1047 5133 1174 5189 sparsum
1189 5118 1320 5173 dicebant
1334 5135 1386 5190 pro
1409 5122 1571 5188 aspersione.
1599 5120 1668 5173 Vide
1689 5119 1781 5173 Gloss.
1810 5119 1896 5188 Cang.

178 5199 189 5224 ⁰
207 5190 325 5245 blorales
339 5187 380 5242 ibi
395 5189 529 5244 subtitnit
542 5191 733 5258 permiserunt.
1092 5215 1100 5258 1
1120 5190 1228 5258 legalis
1238 5190 1330 5260 jassa,
1339 5189 1472 5244 feminini
1489 5190 1611 5262 generis,
1629 5196 1657 5244 ct
1667 5190 1784 5244 numeri
1798 5191 1897 5260 singu·

179 5261 430 5327 dlls.,iniantem.
1048 5258 1125 5326 laris,
1157 5262 1372 5315 sicntclanstra.
1402 5260 1450 5314 Vel
1480 5262 1576 5329 tepolis
1602 5262 1691 5330 jussio
1723 5261 1895 5331 legendum

177 5335 191 5362 ⁰
210 5331 293 5385 Forte
306 5330 451 5384 dealem.
1048 5331 1105 5385 nisi
1126 5331 1245 5386 verbnm
1265 5332 1351 5385 etiam
1379 5329 1524 5401 discurrit,
1548 5336 1620 5386 sicat
1645 5329 1774 5400 lloralcs,
1803 5345 1897 5386 emcn-

179 5399 334 5457 ¹Clanstra
349 5399 481 5455 feminini
507 5400 620 5470 generis
644 5403 672 5454 et
699 5400 811 5455 numeri
841 5400 993 5474 singularis
1048 5401 1108 5455 des.

143 5471 220 5542 apud
235 5471 343 5526 inllmae
361 5472 520 5526 Latinitatis
536 5470 698 5542 scriptores.
1084 5473 1096 5505 ¹¹
1117 5473 1257 5540 caligosae
1274 5471 1352 5527 idem
1370 5488 1401 5527 ac
1416 5473 1589 5541 calipincsns.
1606 5473 1694 5543 Cang.

180 5553 196 5597 n
215 5542 296 5597 forte
311 5545 454 5610 incessere.
