3930 6098
603 206 706 263 LIBER
727 206 773 262 DE
792 206 920 264 vulnus
939 207 1117 265 urlsrotts
1436 251 1439 255 -
1675 217 1743 272 luat

88 344 120 409 ti,
136 343 292 415 quomodo,
317 342 390 396 sicut
411 341 458 396 hic
478 340 592 408 dicitur,
609 344 669 396 tam
693 341 777 396 multi
811 358 843 397 ex
862 343 929 400 bin
958 348 1038 414 parte
1059 345 1215 401 electorum
1240 362 1354 417 semper
1379 347 1588 418 accipiendam
1608 351 1637 405 iu
1661 358 1742 423 parta

98 433 220 489 Ecclesia
239 448 291 504 per
316 431 439 502 gratiam
462 429 598 502 baptismi
618 435 686 485 aunt
708 431 800 486 renati
815 435 845 486 et
898 448 964 487 vero
978 433 1134 503 reprobum
1150 435 1258 489 nullam
1272 435 1390 490 omniuo
1406 451 1477 493 essa.
1495 439 1538 493 lte
1552 438 1674 512 incipit:

85 521 166 578 eati?
188 520 212 576 si
238 521 326 588 enim,
350 524 383 575 nt
407 519 584 588 dictumest,
605 534 753 592 nunqnam
777 525 845 575 sunt
1236 539 1397 580 eternus.

85 626 128 665 ssa
149 608 342 665 damnationis
367 615 394 663 et
416 607 587 680 perditionis
611 607 735 675 discreti,
768 623 843 680 quo·
935 610 1046 665 «Prius
1061 626 1130 681 ergo
1153 611 1247 681 ipsum
1267 628 1373 668 nomen
1396 614 1657 684 predestinationis
1673 616 1744 688 quid

110 698 141 753 in
168 697 292 753 Ecclesia
317 712 384 751 rere
414 701 482 751 silut
506 697 598 750 renati
621 699 649 750 et
667 696 843 767 justificati?
898 698 1600 773 indicetexponamus:deindaessaapudDeum,
1617 704 1744 776 quisine

85 785 160 843 anim
180 789 247 841 sunt
261 786 363 850 renati,
388 785 444 840 nisi
468 785 686 856 regeneratione
708 785 843 858 baptismi
897 787 1060 859 acceptione
1074 802 1263 857 personarum
1281 794 1333 851 est,
1358 790 1649 861 predestinationem,
1672 790 1745 849 di'vi-

84 873 148 931 ati‘l
164 875 197 930 lit
212 874 279 946 quid
295 878 362 928 suot
379 873 538 945 justificati,
562 873 617 927 nisi
639 888 692 944 per
714 888 781 929 eum
794 873 844 945 qui
899 892 1000 931 narum
1019 875 1229 948 scripturarum
1246 877 1424 944 auctoritate,
1440 880 1604 949 probemus.
1629 882 1742 937 Praeda·

85 968 130 1019 cat
142 963 276 1034 impium,
293 979 309 1018 a
325 978 377 1017 sna
392 960 539 1032 impietate
559 961 699 1016 mundati.
897 964 1013 1019 atinatio
1037 964 1144 1036 qnippe
1169 964 1383 1036 apraevidendo
1410 971 1438 1021 et
1456 968 1670 1040 praeveniendo,
1697 969 1743 1025 vel

85 1052 179 1108 »modo
204 1066 272 1122 ergo
307 1050 338 1105 in
362 1050 403 1105 eis
426 1049 583 1121 perficitor,
603 1049 672 1104 dum
698 1049 729 1104 in
752 1054 844 1104 morte
897 1053 1118 1125 praeordinando
1131 1052 1261 1109 futurum
1277 1053 1388 1124 aliquid
1402 1054 1513 1111 dicitur.
1533 1058 1567 1113 Et
1580 1056 1645 1113 ideo
1656 1059 1743 1125 Deus,

85 1141 100 1196 ti
118 1140 310 1212 baptizantur,
327 1145 356 1195 et
378 1140 410 1194 in
433 1139 494 1211 ejus
517 1138 658 1211 sangnine
684 1156 700 1193 a
722 1139 845 1211 peccetis
897 1141 944 1197 cui
958 1141 1138 1213 prescientia
1153 1158 1210 1196 nou
1225 1142 1357 1197 accidens
1381 1148 1432 1211 est,
1458 1145 1504 1199 aad
1531 1147 1663 1215 essentia,
1689 1146 1745 1202 luit

84 1234 153 1286 ntur
166 1245 234 1284 rara
248 1229 395 1284 innovatio
411 1235 440 1283 et
454 1244 521 1283 vera
535 1228 695 1294 mundatio,
712 1229 736 1282 si
751 1228 844 1283 adhuc
897 1245 1012 1301 semper
1029 1234 1058 1284 et
1080 1232 1130 1297 est,
1147 1246 1233 1284 omne
1261 1231 1337 1300 quod
1367 1236 1518 1303 antequam
1548 1234 1594 1300 sit,
1618 1234 1742 1304 praescit,

85 1318 233 1373 nuationis
246 1322 276 1372 et
290 1317 462 1388 perditionis
475 1332 570 1371 massa
588 1316 725 1383 concreti,
741 1321 770 1371 et
782 1331 843 1371 non
897 1317 1083 1389 praedestinat
1108 1324 1136 1371 ot
1159 1324 1312 1389 propterea
1341 1319 1536 1391 praedestinat,
1564 1321 1632 1393 quia
1660 1323 1744 1394 quale

86 1406 109 1461 ti
123 1405 314 1462 detinentur?
328 1406 484 1478 Apostolus
501 1426 515 1455 e
536 1420 650 1460 ramum
667 1404 812 1476 sylvestris
827 1424 841 1457 a
896 1406 1026 1461 futurum
1042 1405 1079 1462 sit
1093 1406 1215 1477 praescit.
1237 1407 1269 1462 Et
1283 1406 1348 1462 ideo
1378 1410 1541 1479 Apostolus.
1560 1411 1657 1465 «Nam
1672 1427 1745 1482 quos

85 1495 137 1551 ulti
156 1517 167 1545 ι
185 1494 302 1550 oleastri
316 1493 402 1565 (Rom.
420 1510 459 1560 xr,
476 1493 519 1565 tt)
534 1514 548 1543 »
564 1493 644 1565 prius
668 1493 703 1547 da
717 1492 843 1547 naturali
898 1495 1049 1567 prescivit,
1081 1515 1096 1547 a
1131 1494 1236 1566 inquit,
1277 1518 1287 1544 ι
1320 1497 1534 1567 pradestinavit
1567 1500 1652 1568 (Rom.
1685 1515 1744 1569 vur,

85 1599 118 1638 ro
133 1583 203 1638 dicit
222 1581 360 1650 excisum,
381 1586 409 1636 at
430 1585 532 1652 postea
554 1582 585 1635 in
607 1580 713 1635 bonam
737 1580 842 1635 olivam
896 1584 952 1653 29),
982 1583 1030 1638 sed
1061 1598 1120 1638 nou
1158 1599 1244 1638 omne
1281 1584 1358 1655 qood
1390 1585 1505 1655 praescit
1546 1586 1743 1657 predestinat,

85 1687 146 1738 um,
169 1675 256 1743 atque
281 1671 319 1725 ita
347 1669 455 1725 socium
480 1670 583 1725 radicis
607 1676 636 1724 at
656 1668 842 1740 pinguedinis
862 1639 973 1726 Bmale
988 1670 1065 1726 enim
1082 1675 1193 1726 tantum
1215 1673 1327 1743 prescii
1341 1677 1370 1727 ct
1384 1689 1441 1728 uon
1455 1673 1651 1745 predestinat,
1668 1674 1745 1730 bona

85 1760 221 1829 illectum,
238 1776 324 1832 quem
344 1764 439 1815 tomen
460 1764 561 1831 postea
584 1760 772 1814 vehementer
795 1759 843 1814 ad·
896 1776 964 1815 vero
979 1764 1009 1815 et
1031 1760 1146 1831 praescit
1171 1764 1200 1816 et
1225 1761 1421 1831 praedestinat.
1437 1762 1517 1825 Quod
1540 1779 1608 1834 ergo
1632 1762 1743 1818 bonum

85 1848 843 1921 tatterret,dicens:rVideergobonitatcmetsa-
896 1848 1079 1921 prescientia
1115 1848 1310 1919 predestinat‚
1340 1849 1369 1904 id
1405 1855 1447 1904 est
1474 1849 1556 1920 prins
1585 1866 1672 1921 quem
1708 1850 1745 1904 sit

85 1943 143 1994 tarn
161 1939 264 2006 liei,in
287 1938 469 2009 eosquidem
487 1938 537 2010 qui
553 1937 718 1993 ceciderunt
736 1937 842 1992 severi·
896 1938 927 1992 in
947 1955 976 1993 se
1003 1937 1179 2010 praeordinat
1196 1954 1202 1992 :
1219 1939 1273 1993 boc
1298 1954 1364 1992 cum
1389 1955 1423 1993 er
1448 1938 1511 2009 ipso
1538 1944 1653 1993 erectore
1682 1955 1743 1993 asse

86 2027 297 2095 ,inteautam
321 2027 478 2082 bonitatem
495 2028 517 2080 si
534 2025 727 2098 permanseris
742 2025 773 2079 in
787 2026 841 2080 bo·
896 2025 1022 2097 coeperit,
1051 2031 1144 2092 vocat,
1179 2026 1295 2080 ordinat
1321 2032 1350 2080 et
1378 2026 1513 2096 disponit.
1546 2027 1624 2081 Unde
1643 2029 1672 2081 et
1699 2042 1742 2082 se-

94 2129 102 2180 ;
119 2113 249 2184 alioquin
263 2118 292 2168 et
315 2118 347 2169 tu
372 2113 511 2169 excideris
525 2113 612 2184 (ltid.
638 2112 695 2183 tt).
727 2133 741 2163 a
761 2112 843 2177 Quod
897 2115 995 2186 quitur
1011 2130 1018 2170 :
1037 2135 1051 2164 «
1066 2114 1141 2179 Quos
1152 2113 1375 2185 predestinavit,
1394 2114 1615 2181 hosctvocavit;
1628 2119 1656 2169 at
1670 2130 1743 2186 quos

85 2201 213 2257 sataliud
229 2201 283 2256 uisi
299 2206 331 2257 ut
351 2201 582 2257 excisusabona
597 2201 733 2257 olivecui
754 2201 843 2256 inser·
896 2201 1014 2270 vocavit,
1040 2202 1105 2257 illos
1133 2206 1161 2257 et
1183 2201 1370 2273 justificavit:
1395 2218 1467 2274 quoa
1485 2207 1580 2258 autem
1603 2203 1742 2274 justitien-

88 2306 161 2354 aras,
174 2306 239 2346 cum
255 2290 376 2346 silvestri
391 2295 418 2345 et
433 2291 494 2346 fero
509 2296 594 2362 atque
604 2306 702 2345 amaro
718 2291 841 2345 oleastro
896 2292 947 2358 vit,
975 2291 1040 2345 illos
1069 2296 1096 2344 et
1121 2291 1291 2362 glorificavit
1316 2291 1414 2358 (laid,
1444 2293 1499 2360 30).
1518 2312 1531 2340 a
1566 2293 1629 2347 lam
1654 2291 1743 2362 igitur

85 2394 111 2432 ra
125 2378 281 2450 deputeris.
298 2379 383 2433 Juxta
398 2395 484 2449 quam
507 2378 725 2434 similitudinem
741 2377 842 2432 melius
896 2379 1024 2451 apertius
1044 2379 1217 2435 disseramus
1236 2380 1312 2450 quod
1334 2379 1490 2450 loquimur,
1516 2380 1661 2451 quomodo
1685 2379 1743 2434 hn-

85 2466 123 2521 sis
137 2466 261 2522 creditur
276 2472 305 2522 et
320 2467 425 2522 dieitur
439 2467 517 2537 quod
534 2467 584 2538 qui
598 2483 663 2521 vera
680 2467 715 2521 ad
739 2465 843 2521 Christi
898 2484 984 2524 mano
997 2484 1102 2539 genera
1110 2468 1289 2539 prescientia
1302 2484 1353 2523 sua
1365 2468 1742 2539 etpredestinationenaus,

96 2557 247 2623 accedunt,
263 2560 292 2610 et
310 2571 375 2611 vero
400 2556 430 2610 in
446 2555 589 2626 baptismo
613 2556 675 2626 ejus
691 2555 783 2626 gratia
797 2571 841 2609 re·
896 2558 926 2612 in
939 2573 995 2629 qno
1010 2573 1069 2612 non
1084 2560 1128 2611 ast
1140 2556 1288 2627 iniquitas,
1312 2560 1420 2611 utatur.
1460 2557 1549 2612 idassa
1571 2557 1667 2628 itaquo
1690 2555 1743 2610 hu·

85 2648 183 2715 antur,
199 2648 228 2700 et
241 2661 306 2700 vere
328 2644 474 2716 accipiunt
494 2645 701 2715 indulgentiam
716 2650 774 2700 tam
788 2643 844 2699 ori·
897 2645 976 2701 meni
989 2645 1113 2715 generis,
1132 2660 1196 2715 quae
1218 2644 1247 2698 in
1274 2644 1364 2699 Adam
1379 2647 1408 2698 et
1422 2644 1485 2699 Evae
1510 2643 1744 2715 prevaricatione

87 2748 137 2788 um
150 2748 238 2804 quam
253 2733 409 2788 actualium
425 2737 607 2804 peccatorum
622 2748 687 2787 vere
711 2749 763 2804 per
782 2734 843 2787 brec
897 2733 1067 2790 damnabilis
1082 2734 1268 2804 mortalisque
1283 2734 1357 2789 facta
1367 2739 1419 2799 est,
1431 2750 1488 2788 non
1504 2734 1745 2790 condemnatione

85 2821 197 2876 raturali
219 2823 341 2875 oleastro
362 2821 499 2876 credendi
517 2825 584 2875 sunt
607 2821 701 2889 excisi,
724 2821 754 2876 id
770 2825 843 2876 esta
898 2821 994 2877 divina
1012 2823 1195 2893 generaliter,
1212 2821 1261 2876 sed
1277 2838 1308 2877 ex
1320 2821 1520 2893 debitopoana,
1544 2823 1745 2895 cruciatusque

85 2908 168 2964 lionis
183 2914 212 2962 et
223 2909 415 2964 damnationis
430 2924 524 2962 massa
548 2908 672 2976 discreti,
695 2913 723 2963 et
736 2908 767 2962 in
787 2908 843 2963 bo·
862 2908 1036 2991 Cgeheunoe
1050 2909 1179 2964 debetur.
1197 2909 1284 2965 Venia
1300 2926 1378 2977 vcro,
1394 2925 1454 2963 non
1478 2910 1592 2977 merito,
1618 2910 1668 2965 sad
1693 2910 1745 2966 Dei

85 2996 182 3052 »livam
199 2998 310 3065 inserti,
328 2998 358 3052 id
383 3003 426 3053 cst
449 2996 580 3052 Ecclesiae
605 2996 780 3068 incorporati
794 3014 801 3063 ;
816 3001 845 3051 et
894 2997 966 3067 iusti
979 2997 1084 3067 judicis
1099 2997 1302 3053 misericordie
1327 2998 1458 3069 largitate
1485 2997 1642 3053 confertur.
1671 2998 1745 3063 Quia

85 3100 93 3139 ι
119 3085 142 3139 si
166 3085 252 3157 digna
276 3086 418 3141 excisione
443 3084 648 3149 commiserint,
671 3085 756 3140 etiam
780 3089 845 3156 post
897 3102 965 3140 vero
977 3085 1072 3156 justus
1088 3090 1116 3141 et
1129 3085 1291 3140 misericors
1307 3087 1381 3142 [larva
1395 3086 1588 3156 praesciusque
1603 3090 1646 3141 est
1665 3086 1744 3140 tutn-

85 3173 164 3229 mnia
179 3174 214 3229 ab
229 3174 278 3228 illa
298 3175 373 3229 olivo
384 3175 563 3243 excidantur,
580 3179 685 3229 etcum
700 3174 748 3228 illa
763 3174 843 3228 dam·
897 3190 997 3229 rorum
1014 3178 1043 3228 et
1057 3190 1090 3229 ex
1104 3175 1157 3229 hae
1172 3174 1331 3229 damnabili
1346 3190 1448 3238 messa,
1465 3177 1532 3229 ‘non
1556 3190 1744 3244 personarum

85 3259 121 3315 ris
144 3265 173 3315 et
194 3262 364 3333 perditionis
389 3279 491 3329 massa,
518 3279 534 3316 a
563 3278 621 3335 qua
648 3262 762 3317 lucrant
786 3262 845 3317 ori·
898 3261 1073 3333 acceptione,
1093 3264 1141 3318 sed
1160 3262 1270 3333 Judieio
1294 3264 1439 3334 aequitatis
1454 3279 1514 3318 suae
1536 3262 1744 3333 irreprehensi·

86 3355 140 3405 set
154 3351 274 3405 actualis
289 3352 397 3422 peccati
421 3351 601 3422 indulgentia
616 3351 741 3419 discreti,
766 3351 846 3406 velut
898 3351 961 3412 bili,
977 3366 1048 3422 qnos
1062 3350 1175 3423 praescit
1192 3351 1386 3407 misericordia
1400 3352 1524 3423 gratuita
1539 3356 1692 3423 praeparat,
1715 3350 1746 3407 id

85 3439 208 3493 naturali
236 3440 359 3495 oleastro
385 3445 500 3495 aeterure
525 3440 631 3495 ustioni
659 3439 841 3510 deputentnr.
901 3439 1190 3510 estproedestinatad
1211 3440 1298 3494 vitam
1321 3443 1468 3495 eternam.
1494 3441 1617 3495 Crateros
1647 3442 1746 3495 autem

94 3542 220 3599 namque
234 3527 285 3582 illa
295 3527 488 3583 damnationis
503 3534 531 3582 et
550 3528 721 3599 perditionis
740 3544 843 3598 massa,
899 3531 932 3583 ut
941 3526 1074 3598 predixit
1086 3527 1181 3583 debite
1196 3528 1280 3599 punit
1295 3548 1303 3582 ε
1320 3543 1393 3599 quos
1405 3528 1469 3582 ideo
1483 3527 1576 3598 punit,
1593 3527 1662 3600 quia
1676 3528 1745 3600 quid

85 3615 337 3687 riginalispeccati
362 3622 442 3672 reatu
467 3623 496 3672 et
518 3618 719 3688 conspersione
746 3616 846 3672 affecta
899 3617 1097 3672 essentiatum
1114 3617 1273 3688 prescivit3
1301 3621 1469 3672 nontamen
1495 3617 1657 3688 puniendos
1684 3617 1747 3689 ipae

85 3703 151 3760 tium
166 3721 234 3776 ergo
250 3705 279 3759 iu
300 3705 429 3777 quolibet
443 3705 566 3760 fideliter
588 3706 732 3775 credente,
754 3710 780 3760 et
795 3720 846 3760 ve·
898 3706 973 3769 fecit,
984 3706 1029 3761 vel
1041 3704 1265 3777 predestinavit,
1276 3706 1327 3762 sed
1341 3711 1454 3761 tautum
1471 3706 1515 3775 (ut
1535 3705 1604 3773 dixi)
1621 3705 1652 3759 in
1666 3706 1746 3762 dam-

86 3807 101 3845 r
123 3797 224 3847 renato
245 3796 330 3864 atque
356 3792 480 3865 expiato,
500 3809 566 3848 vera
583 3792 621 3847 sit
635 3793 762 3863 ejusdem
778 3809 845 3864 pec·
899 3793 989 3849 nubili
1003 3809 1096 3848 massa
1120 3794 1269 3866 prescivit.
1286 3794 1365 3858 Quod
1391 3793 1445 3846 sia
1474 3809 1519 3846 me
1535 3793 1640 3863 queris
1663 3793 1745 3861 scire,

85 3880 367 3952 riginalisremissio‚
388 3881 610 3953 quomodoipse
633 3881 665 3936 in
679 3897 773 3936 massa
792 3881 846 3935 ori·
899 3882 1020 3937 curduo
1037 3882 1091 3937 ista
1106 3882 1271 3938 differenter
1286 3883 1359 3937 Dens
1383 3882 1475 3945 faciat,
1503 3881 1528 3935 si
1556 3896 1746 3952 personarum

85 3973 103 4023 is
126 3970 234 4040 peccati
257 3975 400 4038 remanet,
421 3970 471 4041 qui
495 3970 565 4025 inde
584 3970 713 4040 eJusdem
737 3970 846 4041 peccati
899 3980 1033 4041 acceptor
1044 3986 1103 4025 non
1116 3975 1175 4025 est:
1197 3971 1265 4042 qnia
1280 3970 1453 4041 generaliter
1474 3969 1640 4041 aotpunire
1663 3969 1747 4024 debat

85 4059 165 4113 sione
181 4058 394 4129 probaturesse
411 4059 671 4123 discretusissuod
697 4064 792 4113 antem
816 4059 846 4114 in
897 4058 1010 4130 justitia
1040 4064 1091 4113 aut
1120 4058 1315 4114 misericordia
1352 4058 1484 4127 liberare,
1513 4057 1653 4112 contende
1681 4074 1746 4113 carn

85 4152 273 4201 assuetorum
295 4148 411 4201 Petrum
436 4148 605 4219 frequenter
628 4146 742 4218 tegitur,
768 4147 844 4219 qnod
902 4147 1006 4213 Paulo;
1022 4146 1092 4213 imo,
1108 4145 1131 4200 si
1145 4146 1243 4212 audes,
1256 4161 1345 4218 argue
1359 4149 1478 4201 Paulum
1498 4146 1549 4218 qni
1565 4145 1645 4210 dixit,
1663 4146 1747 4202 Chri-

94 4232 180 4288 idest
201 4235 324 4305 gratiam
345 4235 448 4291 Christi
465 4236 494 4290 in
517 4253 546 4290 se
566 4235 679 4290 irritam
697 4236 843 4299 iacientes,
866 4234 888 4288 Ι)
903 4241 946 4290 sto
958 4235 988 4290 in
1003 4251 1032 4290 ae
1049 4236 1185 4307 loquente
1202 4251 1209 4289 ι
1228 4233 1383 4301 «Ohomo,
1396 4239 1426 4289 tu
1440 4234 1505 4306 quis
1521 4250 1550 4288 es
1565 4233 1616 4306 qni
1631 4248 1748 4304 respon·

94 4328 250 4392 pereuntes
264 4339 412 4395 nonquam
424 4324 459 4377 ab
475 4323 523 4377 iilo
540 4340 632 4378 massa
647 4323 762 4378 discreti
777 4324 843 4392 sint,
901 4324 969 4379 deas
986 4326 1062 4379 [leo‘l
1077 4324 1212 4395 Nunqoid
1228 4324 1297 4379 dicit
1308 4322 1480 4394 figmentum
1491 4323 1518 4376 ei
1532 4322 1583 4395 qui
1597 4339 1627 4377 se
1643 4321 1746 4378 tinxit:

85 4409 100 4463 ii
114 4410 323 4481 praescientiam
339 4411 479 4483 partinet:
508 4412 557 4483 qui
576 4412 643 4466 licat
659 4412 693 4467 ad
717 4427 846 4482 praesens
901 4412 1008 4483 thuid
1036 4427 1081 4465 mo
1109 4413 1148 4466 sic
1174 4412 1284 4466 lecisti‘l
1314 4415 1356 4466 An
1381 4427 1439 4466 non
1464 4410 1550 4465 habet
1578 4414 1748 4482 potestatem

85 4497 168 4552 alesia
183 4515 365 4554 communem
377 4500 494 4554 eiacum
510 4500 845 4571 electisregenerationis
899 4501 1007 4572 figulus
1030 4500 1083 4555 loti
1103 4516 1135 4554 ex
1156 4500 1256 4554 eadem
1283 4515 1377 4554 massa
1402 4499 1495 4554 faeere
1521 4497 1600 4553 aliud
1630 4499 1748 4570 quidam

85 4586 252 4655 imbiberat,
272 4589 418 4644 ibitnmen
434 4606 483 4644 cos
501 4588 763 4659 predestinationis
785 4605 845 4644 suae
900 4604 948 4644 vas
969 4588 1000 4642 in
1022 4589 1174 4653 bonorem,
1197 4587 1275 4642 aliud
1294 4603 1360 4640 vero
1377 4587 1407 4641 iu
1431 4587 1634 4641 coutumeliam
1659 4586 1746 4656 (Rom.

88 4690 106 4728 o
119 4676 179 4745 jem
196 4676 326 4747 deputat,
342 4677 392 4732 ubi
410 4677 652 4749 praevaricationis
668 4694 726 4732 suae
742 4679 845 4733 merito
901 4679 999 4745 raeti,
1018 4675 1073 4746 tl).
1090 4697 1104 4724 »
1130 4677 1188 4746 Ego
1208 4680 1305 4730 autem
1333 4675 1463 4730 hoedico
1480 4675 1557 4746 quod
1582 4674 1651 4742 dixi,
1680 4673 1748 4746 qnia

87 4765 177 4819 andos
192 4764 279 4820 videt.
340 4782 345 4790 ·
901 4765 1042 4837 quidquid
1058 4767 1131 4819 Dens
1147 4764 1215 4835 agit,
1232 4763 1464 4832 misericorditer,
1486 4765 1572 4834 josto,
1593 4767 1748 4834 sancteque

318 4889 432 4944 CAPUT
450 4891 514 4945 XLV
900 4853 988 4908 facit:
1012 4852 1080 4925 qnia
1100 4853 1176 4906 solus
1201 4852 1262 4922 ipse
1285 4851 1462 4923 praesciendo
1487 4852 1538 4905 scit
1566 4850 1644 4922 quod
1661 4850 1747 4904 homo
1837 4906 1840 4913 ,

518 4930 524 4943 ’
900 4941 1054 4997 nesciendo
1069 4940 1168 4994 nescit.
1196 4959 1209 4991 a
1225 4940 1293 5005 Quis
1307 4941 1386 4995 enim
1409 4940 1544 5010 cognovit
1560 4953 1674 4992 sensum
1692 4939 1746 4992 llo·

901 5028 993 5084 mini?
1008 5035 1058 5084 ant
1072 5029 1137 5101 quis
1152 5029 1332 5084 consiliarius
1348 5029 1410 5100 ejus
1425 5027 1496 5083 luit?
1517 5030 1573 5082 Aut
1588 5026 1653 5100 quis
1668 5027 1749 5100 prior

86 5116 312 5188 thaeescriptor
330 5116 471 5189 epistola,
494 5118 671 5190 interpositis
697 5116 847 5190 perpaucis
900 5118 979 5174 dedit
1005 5118 1058 5188 illi,
1089 5120 1117 5172 at
1145 5117 1319 5172 retribuetur
1346 5117 1421 5172 ei‘lv
1454 5114 1544 5184 (Rom.
1567 5133 1604 5184 ar,
1622 5118 1665 5186 at,
1689 5117 1746 5188 ³5.)

85 5206 177 5274 sanis,
193 5207 278 5262 tacito
293 5207 410 5262 nomine
426 5207 516 5263 libelli
530 5208 768 5279 llypomnasticou
784 5206 848 5261 sub·
899 5208 957 5260 Ant
969 5205 1033 5277 quis
1048 5203 1118 5259 dicit
1132 5203 1159 5258 ei
1175 5220 1182 5258 ε
1210 5204 1283 5269 Quid
1298 5202 1407 5257 iecisti?
1432 5203 1494 5257 Non
1515 5207 1609 5274 potest
1632 5208 1747 5258 tantum

85 5298 91 5348 t
111 5298 141 5349 et
161 5295 295 5367 adjungit
313 5296 375 5367 ejus
394 5297 548 5357 verberet
570 5312 671 5352 sensus
691 5297 770 5351 velut
790 5310 847 5350 uno
898 5295 993 5365 justus
1005 5293 1062 5348 dici
1078 5294 1163 5359 Deus,
1178 5298 1228 5348 ant
1245 5294 1337 5347 solum
1354 5291 1525 5359 misericors,
1543 5293 1593 5348 sed
1606 5293 1701 5362 justus
1721 5295 1750 5346 et

85 5387 150 5437 aet
172 5382 274 5437 ordine
302 5384 444 5439 sermonis
466 5383 524 5451 soi;
541 5399 576 5438 ex
599 5384 704 5456 quibus
725 5384 846 5455 probare
901 5381 1071 5439 misericors.
1103 5382 1148 5437 Sic
1174 5381 1304 5447 dicimus,
1335 5379 1376 5434 sic
1412 5380 1565 5436 credimus.
1593 5381 1748 5452 Propterea

85 5487 117 5525 nr
144 5471 271 5527 divinam
296 5471 577 5543 praedestinationem
598 5472 799 5529 tantummodo
820 5474 848 5526 et
902 5470 1017 5543 qnando
1031 5470 1074 5527 illi
1092 5486 1158 5526 cum
1179 5469 1267 5525 David
1285 5489 1299 5518 α
1315 5467 1581 5525 misericordiamet
1605 5468 1747 5540 judicium
1815 5488 1821 5493 ·

202 4993 336 5063 Sequitur
349 4995 382 5049 de
393 4995 643 5064 predestinatione.
