<?xml version="1.0" encoding="UTF-8"?>
<!DOCTYPE html PUBLIC "-//W3C//DTD XHTML 1.0 Transitional//EN"
    "http://www.w3.org/TR/xhtml1/DTD/xhtml1-transitional.dtd">
<html xmlns="http://www.w3.org/1999/xhtml" xml:lang="en" lang="en">
 <head>
  <title>
</title>
<meta http-equiv="Content-Type" content="text/html;charset=utf-8" />
  <meta name='ocr-system' content='tesseract 3.04.00' />
  <meta name='ocr-capabilities' content='ocr_page ocr_carea ocr_par ocr_line ocrx_word'/>
</head>
<body>
  <div class='ocr_page' id='page_1' title='image "./patrologiaecurs04unkngoog_0300.png"; bbox 0 0 3930 6098; ppageno 0'>
   <div class='ocr_carea' id='block_1_1' title="bbox 57 227 111 282">
    <p class='ocr_par' dir='ltr' id='par_1_1' title="bbox 57 227 111 282">
     <span class='ocr_line' id='line_1_1' title="bbox 57 227 111 282; baseline 0.019 -1"><span class='ocrx_word' id='word_1_1' title='bbox 57 227 111 282; x_wconf 70' lang='lat'><strong>55³</strong></span> 
     </span>
    </p>
   </div>
   <div class='ocr_carea' id='block_1_2' title="bbox 737 228 1145 290">
    <p class='ocr_par' dir='ltr' id='par_1_2' title="bbox 737 228 1145 290">
     <span class='ocr_line' id='line_1_2' title="bbox 737 228 1145 290; baseline 0.01 -7"><span class='ocrx_word' id='word_1_2' title='bbox 737 228 922 286; x_wconf 79' lang='lat' dir='ltr'><strong>lelCUlUS</strong></span> <span class='ocrx_word' id='word_1_3' title='bbox 943 229 1145 290; x_wconf 71' lang='lat' dir='ltr'><strong>luctuosus</strong></span> 
     </span>
    </p>
   </div>
   <div class='ocr_carea' id='block_1_3' title="bbox 1758 245 1810 301">
    <p class='ocr_par' dir='ltr' id='par_1_3' title="bbox 1758 245 1810 301">
     <span class='ocr_line' id='line_1_3' title="bbox 1758 245 1810 301; baseline 0.019 -1"><span class='ocrx_word' id='word_1_4' title='bbox 1758 245 1810 301; x_wconf 77' lang='lat' dir='ltr'><strong>stt</strong></span> 
     </span>
    </p>
   </div>
   <div class='ocr_carea' id='block_1_4' title="bbox 56 359 1810 445">
    <p class='ocr_par' dir='ltr' id='par_1_4' title="bbox 56 359 1810 445">
     <span class='ocr_line' id='line_1_4' title="bbox 56 359 1810 445; baseline 0.01 -30"><span class='ocrx_word' id='word_1_5' title='bbox 56 361 169 421; x_wconf 84' lang='lat' dir='ltr'><strong>tatione</strong></span> <span class='ocrx_word' id='word_1_6' title='bbox 190 359 321 416; x_wconf 90' lang='lat' dir='ltr'><strong>lectionis</strong></span> <span class='ocrx_word' id='word_1_7' title='bbox 334 359 365 416; x_wconf 92' lang='lat' dir='ltr'><strong>in</strong></span> <span class='ocrx_word' id='word_1_8' title='bbox 387 359 513 432; x_wconf 87' lang='lat' dir='ltr'><strong>amplios</strong></span> <span class='ocrx_word' id='word_1_9' title='bbox 527 365 666 431; x_wconf 77' lang='lat' dir='ltr'><strong>crescant,</strong></span> <span class='ocrx_word' id='word_1_10' title='bbox 681 367 710 417; x_wconf 90' lang='lat' dir='ltr'><strong>et</strong></span> <span class='ocrx_word' id='word_1_11' title='bbox 723 379 789 434; x_wconf 83' lang='lat' dir='ltr'><strong>que</strong></span> <span class='ocrx_word' id='word_1_12' title='bbox 808 367 907 434; x_wconf 89' lang='lat' dir='ltr'><strong>aperte</strong></span> <span class='ocrx_word' id='word_1_13' title='bbox 926 374 947 425; x_wconf 83' lang='lat' dir='ltr'><strong>A</strong></span> <span class='ocrx_word' id='word_1_14' title='bbox 964 363 1032 420; x_wconf 85' lang='lat' dir='ltr'><strong>fidoi</strong></span> <span class='ocrx_word' id='word_1_15' title='bbox 1058 367 1244 423; x_wconf 88' lang='lat' dir='ltr'><strong>exercendam</strong></span> <span class='ocrx_word' id='word_1_16' title='bbox 1258 368 1403 438; x_wconf 87' lang='lat' dir='ltr'><strong>institust;</strong></span> <span class='ocrx_word' id='word_1_17' title='bbox 1428 371 1475 427; x_wconf 89' lang='lat' dir='ltr'><strong>hic</strong></span> <span class='ocrx_word' id='word_1_18' title='bbox 1501 388 1533 428; x_wconf 94' lang='lat' dir='ltr'><strong>ex</strong></span> <span class='ocrx_word' id='word_1_19' title='bbox 1557 379 1639 445; x_wconf 87' lang='lat' dir='ltr'><strong>parte</strong></span> <span class='ocrx_word' id='word_1_20' title='bbox 1666 377 1744 434; x_wconf 88' lang='lat' dir='ltr'><strong>visus</strong></span> <span class='ocrx_word' id='word_1_21' title='bbox 1766 387 1810 436; x_wconf 90' lang='lat' dir='ltr'><strong>est</strong></span> 
     </span>
    </p>
   </div>
   <div class='ocr_carea' id='block_1_5' title="bbox 54 448 475 521">
    <p class='ocr_par' dir='ltr' id='par_1_5' title="bbox 54 448 475 521">
     <span class='ocr_line' id='line_1_5' title="bbox 54 448 475 521; baseline -0.002 -17"><span class='ocrx_word' id='word_1_22' title='bbox 54 450 150 521; x_wconf 87' lang='lat' dir='ltr'><strong>posita</strong></span> <span class='ocrx_word' id='word_1_23' title='bbox 164 454 240 517; x_wconf 90' lang='lat' dir='ltr'><strong>sunt,</strong></span> <span class='ocrx_word' id='word_1_24' title='bbox 256 465 315 505; x_wconf 91' lang='lat' dir='ltr'><strong>non</strong></span> <span class='ocrx_word' id='word_1_25' title='bbox 329 448 475 520; x_wconf 87' lang='lat' dir='ltr'><strong>sugillent.</strong></span> 
     </span>
    </p>
   </div>
   <div class='ocr_carea' id='block_1_6' title="bbox 52 580 909 1618">
    <p class='ocr_par' dir='ltr' id='par_1_6' title="bbox 52 580 909 1618">
     <span class='ocr_line' id='line_1_6' title="bbox 93 580 905 656; baseline 0 -18"><span class='ocrx_word' id='word_1_26' title='bbox 93 585 138 638; x_wconf 71' lang='grc'><strong>34.</strong></span> <span class='ocrx_word' id='word_1_27' title='bbox 155 580 331 653; x_wconf 86' lang='lat' dir='ltr'><strong>Expeditius,</strong></span> <span class='ocrx_word' id='word_1_28' title='bbox 347 585 377 635; x_wconf 88' lang='lat' dir='ltr'><strong>ut</strong></span> <span class='ocrx_word' id='word_1_29' title='bbox 402 597 479 647; x_wconf 89' lang='lat' dir='ltr'><strong>reor,</strong></span> <span class='ocrx_word' id='word_1_30' title='bbox 509 582 665 652; x_wconf 74' lang='lat' dir='ltr'><strong>exponitur</strong></span> <span class='ocrx_word' id='word_1_31' title='bbox 686 585 761 656; x_wconf 90' lang='lat' dir='ltr'><strong>quod</strong></span> <span class='ocrx_word' id='word_1_32' title='bbox 786 584 905 649; x_wconf 84' lang='lat' dir='ltr'><strong>videtur,</strong></span> 
     </span>
     <span class='ocr_line' id='line_1_7' title="bbox 55 668 905 743; baseline 0.005 -19"><span class='ocrx_word' id='word_1_33' title='bbox 55 687 145 743; x_wconf 89' lang='lat' dir='ltr'><strong>qnam</strong></span> <span class='ocrx_word' id='word_1_34' title='bbox 173 669 251 741; x_wconf 91' lang='lat' dir='ltr'><strong>quod</strong></span> <span class='ocrx_word' id='word_1_35' title='bbox 276 668 449 740; x_wconf 87' lang='lat' dir='ltr'><strong>quibusdam</strong></span> <span class='ocrx_word' id='word_1_36' title='bbox 482 671 672 726; x_wconf 72' lang='lat' dir='ltr'><strong>velaminibus</strong></span> <span class='ocrx_word' id='word_1_37' title='bbox 695 672 905 743; x_wconf 75' lang='lat' dir='ltr'><strong>problematum</strong></span> 
     </span>
     <span class='ocr_line' id='line_1_8' title="bbox 54 757 905 831; baseline 0.005 -19"><span class='ocrx_word' id='word_1_38' title='bbox 54 759 234 825; x_wconf 72' lang='lat' dir='ltr'><strong>obscuratur,</strong></span> <span class='ocrx_word' id='word_1_39' title='bbox 250 762 279 812; x_wconf 91' lang='lat' dir='ltr'><strong>et</strong></span> <span class='ocrx_word' id='word_1_40' title='bbox 295 772 347 810; x_wconf 91' lang='lat' dir='ltr'><strong>nos</strong></span> <span class='ocrx_word' id='word_1_41' title='bbox 373 757 464 828; x_wconf 88' lang='lat' dir='ltr'><strong>magis</strong></span> <span class='ocrx_word' id='word_1_42' title='bbox 479 758 628 830; x_wconf 85' lang='lat' dir='ltr'><strong>sequimur</strong></span> <span class='ocrx_word' id='word_1_43' title='bbox 642 761 828 831; x_wconf 86' lang='lat' dir='ltr'><strong>presentium</strong></span> <span class='ocrx_word' id='word_1_44' title='bbox 845 777 905 816; x_wconf 89' lang='lat' dir='ltr'><strong>ma·</strong></span> 
     </span>
     <span class='ocr_line' id='line_1_9' title="bbox 53 847 905 918; baseline 0.004 -17"><span class='ocrx_word' id='word_1_45' title='bbox 53 848 152 902; x_wconf 90' lang='lat' dir='ltr'><strong>lorum</strong></span> <span class='ocrx_word' id='word_1_46' title='bbox 165 847 295 911; x_wconf 74' lang='lat' dir='ltr'><strong>storiam,</strong></span> <span class='ocrx_word' id='word_1_47' title='bbox 312 861 399 917; x_wconf 89' lang='lat' dir='ltr'><strong>quam</strong></span> <span class='ocrx_word' id='word_1_48' title='bbox 413 850 642 918; x_wconf 78' lang='lat' dir='ltr'><strong>exspectatarum</strong></span> <span class='ocrx_word' id='word_1_49' title='bbox 654 864 752 903; x_wconf 91' lang='lat' dir='ltr'><strong>rerum</strong></span> <span class='ocrx_word' id='word_1_50' title='bbox 767 848 905 904; x_wconf 87' lang='lat' dir='ltr'><strong>futuram.</strong></span> 
     </span>
     <span class='ocr_line' id='line_1_10' title="bbox 53 934 908 1009; baseline 0.001 -18"><span class='ocrx_word' id='word_1_51' title='bbox 53 935 127 991; x_wconf 92' lang='lat' dir='ltr'><strong>dum</strong></span> <span class='ocrx_word' id='word_1_52' title='bbox 147 934 225 1005; x_wconf 91' lang='lat' dir='ltr'><strong>quod</strong></span> <span class='ocrx_word' id='word_1_53' title='bbox 248 936 317 990; x_wconf 92' lang='lat' dir='ltr'><strong>olim</strong></span> <span class='ocrx_word' id='word_1_54' title='bbox 343 935 506 990; x_wconf 88' lang='lat' dir='ltr'><strong>nuntiatum</strong></span> <span class='ocrx_word' id='word_1_55' title='bbox 532 937 694 1007; x_wconf 89' lang='lat' dir='ltr'><strong>prophetie</strong></span> <span class='ocrx_word' id='word_1_56' title='bbox 718 937 829 1008; x_wconf 89' lang='lat' dir='ltr'><strong>legibus</strong></span> <span class='ocrx_word' id='word_1_57' title='bbox 855 954 908 1009; x_wconf 91' lang='lat' dir='ltr'><strong>per</strong></span> 
     </span>
     <span class='ocr_line' id='line_1_11' title="bbox 53 1023 909 1095; baseline 0.005 -17"><span class='ocrx_word' id='word_1_58' title='bbox 53 1023 205 1079; x_wconf 89' lang='lat' dir='ltr'><strong>servitutis</strong></span> <span class='ocrx_word' id='word_1_59' title='bbox 227 1023 332 1095; x_wconf 86' lang='lat' dir='ltr'><strong>jugum</strong></span> <span class='ocrx_word' id='word_1_60' title='bbox 358 1039 417 1095; x_wconf 90' lang='lat' dir='ltr'><strong>quo</strong></span> <span class='ocrx_word' id='word_1_61' title='bbox 440 1024 602 1095; x_wconf 87' lang='lat' dir='ltr'><strong>premimur</strong></span> <span class='ocrx_word' id='word_1_62' title='bbox 628 1025 808 1081; x_wconf 82' lang='lat' dir='ltr'><strong>diffloramus</strong></span> <span class='ocrx_word' id='word_1_63' title='bbox 827 1034 849 1080; x_wconf 84' lang='lat'><strong>⁸.</strong></span> <span class='ocrx_word' id='word_1_64' title='bbox 874 1027 909 1082; x_wconf 88' lang='lat' dir='ltr'><strong>Et</strong></span> 
     </span>
     <span class='ocr_line' id='line_1_12' title="bbox 52 1111 907 1184; baseline 0.002 -18"><span class='ocrx_word' id='word_1_65' title='bbox 52 1117 128 1183; x_wconf 88' lang='lat' dir='ltr'><strong>puto</strong></span> <span class='ocrx_word' id='word_1_66' title='bbox 152 1111 230 1183; x_wconf 92' lang='lat' dir='ltr'><strong>quod</strong></span> <span class='ocrx_word' id='word_1_67' title='bbox 254 1128 305 1184; x_wconf 88' lang='lat' dir='ltr'><strong>per</strong></span> <span class='ocrx_word' id='word_1_68' title='bbox 328 1112 513 1177; x_wconf 72' lang='lat' dir='ltr'><strong>Antiochum,</strong></span> <span class='ocrx_word' id='word_1_69' title='bbox 540 1118 569 1167; x_wconf 86' lang='lat' dir='ltr'><strong>et</strong></span> <span class='ocrx_word' id='word_1_70' title='bbox 597 1113 750 1177; x_wconf 85' lang='lat' dir='ltr'><strong>Neronem,</strong></span> <span class='ocrx_word' id='word_1_71' title='bbox 781 1118 811 1169; x_wconf 92' lang='lat' dir='ltr'><strong>et</strong></span> <span class='ocrx_word' id='word_1_72' title='bbox 834 1114 907 1170; x_wconf 89' lang='lat' dir='ltr'><strong>alios</strong></span> 
     </span>
     <span class='ocr_line' id='line_1_13' title="bbox 53 1199 907 1274; baseline 0.001 -19"><span class='ocrx_word' id='word_1_73' title='bbox 53 1217 131 1272; x_wconf 85' lang='lat' dir='ltr'><strong>qnos</strong></span> <span class='ocrx_word' id='word_1_74' title='bbox 159 1199 234 1255; x_wconf 86' lang='lat' dir='ltr'><strong>beati</strong></span> <span class='ocrx_word' id='word_1_75' title='bbox 258 1200 390 1256; x_wconf 89' lang='lat' dir='ltr'><strong>doctores</strong></span> <span class='ocrx_word' id='word_1_76' title='bbox 412 1200 563 1272; x_wconf 89' lang='lat' dir='ltr'><strong>replicant,</strong></span> <span class='ocrx_word' id='word_1_77' title='bbox 590 1201 760 1257; x_wconf 87' lang='lat' dir='ltr'><strong>Antichristi</strong></span> <span class='ocrx_word' id='word_1_78' title='bbox 785 1203 907 1274; x_wconf 85' lang='lat' dir='ltr'><strong>previos</strong></span> 
     </span>
     <span class='ocr_line' id='line_1_14' title="bbox 53 1288 907 1361; baseline 0.002 -18"><span class='ocrx_word' id='word_1_79' title='bbox 53 1289 219 1343; x_wconf 85' lang='lat' dir='ltr'><strong>firmavere.</strong></span> <span class='ocrx_word' id='word_1_80' title='bbox 248 1289 329 1344; x_wconf 84' lang='lat' dir='ltr'><strong>Hunc</strong></span> <span class='ocrx_word' id='word_1_81' title='bbox 354 1288 531 1344; x_wconf 77' lang='lat' dir='ltr'><strong>Antichristo</strong></span> <span class='ocrx_word' id='word_1_82' title='bbox 558 1304 699 1361; x_wconf 88' lang='lat' dir='ltr'><strong>organum</strong></span> <span class='ocrx_word' id='word_1_83' title='bbox 724 1290 859 1359; x_wconf 78' lang='lat' dir='ltr'><strong>dicerem,</strong></span> <span class='ocrx_word' id='word_1_84' title='bbox 882 1291 907 1345; x_wconf 90' lang='lat' dir='ltr'><strong>si</strong></span> 
     </span>
     <span class='ocr_line' id='line_1_15' title="bbox 53 1375 905 1447; baseline 0.001 -17"><span class='ocrx_word' id='word_1_85' title='bbox 53 1376 87 1430; x_wconf 90' lang='lat' dir='ltr'><strong>in</strong></span> <span class='ocrx_word' id='word_1_86' title='bbox 101 1375 271 1430; x_wconf 83' lang='lat' dir='ltr'><strong>hecnostra</strong></span> <span class='ocrx_word' id='word_1_87' title='bbox 285 1381 417 1447; x_wconf 88' lang='lat' dir='ltr'><strong>tempora</strong></span> <span class='ocrx_word' id='word_1_88' title='bbox 436 1375 614 1430; x_wconf 76' lang='lat' dir='ltr'><strong>devenirent.</strong></span> <span class='ocrx_word' id='word_1_89' title='bbox 637 1377 706 1430; x_wconf 81' lang='lat' dir='ltr'><strong>liam</strong></span> <span class='ocrx_word' id='word_1_90' title='bbox 729 1380 758 1430; x_wconf 92' lang='lat' dir='ltr'><strong>et</strong></span> <span class='ocrx_word' id='word_1_91' title='bbox 777 1376 905 1431; x_wconf 90' lang='lat' dir='ltr'><strong>admira-</strong></span> 
     </span>
     <span class='ocr_line' id='line_1_16' title="bbox 54 1463 906 1535; baseline 0.001 -17"><span class='ocrx_word' id='word_1_92' title='bbox 54 1463 124 1518; x_wconf 91' lang='lat' dir='ltr'><strong>bilis</strong></span> <span class='ocrx_word' id='word_1_93' title='bbox 138 1464 240 1519; x_wconf 91' lang='lat' dir='ltr'><strong>doctor</strong></span> <span class='ocrx_word' id='word_1_94' title='bbox 255 1469 353 1518; x_wconf 90' lang='lat' dir='ltr'><strong>noster</strong></span> <span class='ocrx_word' id='word_1_95' title='bbox 374 1463 577 1535; x_wconf 84' lang='lat' dir='ltr'><strong>Hieronymus,</strong></span> <span class='ocrx_word' id='word_1_96' title='bbox 601 1464 667 1518; x_wconf 89' lang='lat' dir='ltr'><strong>licet</strong></span> <span class='ocrx_word' id='word_1_97' title='bbox 694 1464 852 1535; x_wconf 86' lang='lat' dir='ltr'><strong>Porphyrio</strong></span> <span class='ocrx_word' id='word_1_98' title='bbox 876 1466 906 1520; x_wconf 92' lang='lat' dir='ltr'><strong>in</strong></span> 
     </span>
     <span class='ocr_line' id='line_1_17' title="bbox 52 1552 905 1618; baseline 0.001 -11"><span class='ocrx_word' id='word_1_99' title='bbox 52 1552 197 1607; x_wconf 77' lang='lat' dir='ltr'><strong>Antiocho</strong></span> <span class='ocrx_word' id='word_1_100' title='bbox 224 1553 367 1618; x_wconf 78' lang='lat' dir='ltr'><strong>adverset,</strong></span> <span class='ocrx_word' id='word_1_101' title='bbox 396 1556 424 1606; x_wconf 90' lang='lat' dir='ltr'><strong>et</strong></span> <span class='ocrx_word' id='word_1_102' title='bbox 450 1552 482 1606; x_wconf 93' lang='lat' dir='ltr'><strong>in</strong></span> <span class='ocrx_word' id='word_1_103' title='bbox 510 1552 705 1607; x_wconf 86' lang='lat' dir='ltr'><strong>Domitianum</strong></span> <span class='ocrx_word' id='word_1_104' title='bbox 729 1554 744 1597; x_wconf 77' lang='lat' dir='ltr'><strong>i</strong></span> <span class='ocrx_word' id='word_1_105' title='bbox 766 1554 905 1608; x_wconf 86' lang='lat' dir='ltr'><strong>Neronem</strong></span> 
     </span>
    </p>
   </div>
   <div class='ocr_carea' id='block_1_7' title="bbox 53 1639 946 1730">
    <p class='ocr_par' dir='ltr' id='par_1_7' title="bbox 53 1639 946 1730">
     <span class='ocr_line' id='line_1_18' title="bbox 53 1639 946 1730; baseline 0.003 -36"><span class='ocrx_word' id='word_1_106' title='bbox 53 1640 121 1694; x_wconf 87' lang='lat' dir='ltr'><strong>aliis</strong></span> <span class='ocrx_word' id='word_1_107' title='bbox 151 1639 323 1695; x_wconf 86' lang='lat' dir='ltr'><strong>doctissimis</strong></span> <span class='ocrx_word' id='word_1_108' title='bbox 350 1640 546 1706; x_wconf 89' lang='lat' dir='ltr'><strong>contradicat;</strong></span> <span class='ocrx_word' id='word_1_109' title='bbox 562 1646 658 1695; x_wconf 73' lang='lat' dir='ltr'><strong>mmen</strong></span> <span class='ocrx_word' id='word_1_110' title='bbox 685 1657 745 1696; x_wconf 92' lang='lat' dir='ltr'><strong>non</strong></span> <span class='ocrx_word' id='word_1_111' title='bbox 767 1657 800 1696; x_wconf 92' lang='lat' dir='ltr'><strong>ex</strong></span> <span class='ocrx_word' id='word_1_112' title='bbox 823 1647 946 1730; x_wconf 72' lang='lat' dir='ltr'><strong>parteB</strong></span> 
     </span>
    </p>
   </div>
   <div class='ocr_carea' id='block_1_8' title="bbox 52 1728 907 2149">
    <p class='ocr_par' dir='ltr' id='par_1_8' title="bbox 52 1728 907 2149">
     <span class='ocr_line' id='line_1_19' title="bbox 54 1728 905 1802; baseline 0.004 -19"><span class='ocrx_word' id='word_1_113' title='bbox 54 1746 105 1783; x_wconf 79' lang='lat' dir='ltr'><strong>eos</strong></span> <span class='ocrx_word' id='word_1_114' title='bbox 135 1728 301 1785; x_wconf 88' lang='lat' dir='ltr'><strong>Antichristi</strong></span> <span class='ocrx_word' id='word_1_115' title='bbox 329 1735 516 1801; x_wconf 67' lang='lat' dir='ltr'><strong>praesentasse</strong></span> <span class='ocrx_word' id='word_1_116' title='bbox 545 1730 669 1801; x_wconf 89' lang='lat' dir='ltr'><strong>liguram</strong></span> <span class='ocrx_word' id='word_1_117' title='bbox 697 1731 823 1802; x_wconf 88' lang='lat' dir='ltr'><strong>negavit,</strong></span> <span class='ocrx_word' id='word_1_118' title='bbox 855 1732 905 1786; x_wconf 88' lang='lat' dir='ltr'><strong>sed</strong></span> 
     </span>
     <span class='ocr_line' id='line_1_20' title="bbox 54 1817 907 1891; baseline 0.004 -19"><span class='ocrx_word' id='word_1_119' title='bbox 54 1834 106 1872; x_wconf 90' lang='lat' dir='ltr'><strong>eos</strong></span> <span class='ocrx_word' id='word_1_120' title='bbox 141 1817 304 1889; x_wconf 83' lang='lat' dir='ltr'><strong>specialiter</strong></span> <span class='ocrx_word' id='word_1_121' title='bbox 333 1818 523 1875; x_wconf 89' lang='lat' dir='ltr'><strong>Antichristos</strong></span> <span class='ocrx_word' id='word_1_122' title='bbox 557 1834 618 1873; x_wconf 90' lang='lat' dir='ltr'><strong>esse</strong></span> <span class='ocrx_word' id='word_1_123' title='bbox 645 1823 787 1890; x_wconf 89' lang='lat' dir='ltr'><strong>quantum</strong></span> <span class='ocrx_word' id='word_1_124' title='bbox 812 1820 907 1891; x_wconf 90' lang='lat' dir='ltr'><strong>potnit</strong></span> 
     </span>
     <span class='ocr_line' id='line_1_21' title="bbox 52 1904 907 1978; baseline 0.002 -19"><span class='ocrx_word' id='word_1_125' title='bbox 52 1904 255 1959; x_wconf 87' lang='lat' dir='ltr'><strong>confutatione</strong></span> <span class='ocrx_word' id='word_1_126' title='bbox 275 1905 417 1977; x_wconf 88' lang='lat' dir='ltr'><strong>probabili</strong></span> <span class='ocrx_word' id='word_1_127' title='bbox 436 1906 601 1973; x_wconf 87' lang='lat' dir='ltr'><strong>confutavit,</strong></span> <span class='ocrx_word' id='word_1_128' title='bbox 626 1911 655 1962; x_wconf 91' lang='lat' dir='ltr'><strong>et</strong></span> <span class='ocrx_word' id='word_1_129' title='bbox 678 1907 849 1962; x_wconf 76' lang='lat' dir='ltr'><strong>Antiochum</strong></span> <span class='ocrx_word' id='word_1_130' title='bbox 866 1908 907 1978; x_wconf 85' lang='lat' dir='ltr'><strong>ip·</strong></span> 
     </span>
     <span class='ocr_line' id='line_1_22' title="bbox 53 1995 904 2067; baseline 0.004 -19"><span class='ocrx_word' id='word_1_131' title='bbox 53 2011 121 2049; x_wconf 90' lang='lat' dir='ltr'><strong>sum</strong></span> <span class='ocrx_word' id='word_1_132' title='bbox 137 2000 266 2066; x_wconf 90' lang='lat' dir='ltr'><strong>exparte</strong></span> <span class='ocrx_word' id='word_1_133' title='bbox 287 1995 440 2066; x_wconf 88' lang='lat' dir='ltr'><strong>imaginari</strong></span> <span class='ocrx_word' id='word_1_134' title='bbox 458 1995 592 2062; x_wconf 86' lang='lat' dir='ltr'><strong>firmavit,</strong></span> <span class='ocrx_word' id='word_1_135' title='bbox 613 1996 730 2051; x_wconf 90' lang='lat' dir='ltr'><strong>dicens:</strong></span> <span class='ocrx_word' id='word_1_136' title='bbox 756 1995 836 2053; x_wconf 84' lang='lat' dir='ltr'><strong>Sicut</strong></span> <span class='ocrx_word' id='word_1_137' title='bbox 850 1997 904 2067; x_wconf 92' lang='lat' dir='ltr'><strong>igi-</strong></span> 
     </span>
     <span class='ocr_line' id='line_1_23' title="bbox 52 2083 905 2149; baseline 0.004 -12"><span class='ocrx_word' id='word_1_138' title='bbox 52 2087 104 2137; x_wconf 92' lang='lat' dir='ltr'><strong>tur</strong></span> <span class='ocrx_word' id='word_1_139' title='bbox 115 2083 244 2138; x_wconf 86' lang='lat' dir='ltr'><strong>Salvator</strong></span> <span class='ocrx_word' id='word_1_140' title='bbox 263 2084 350 2138; x_wconf 91' lang='lat' dir='ltr'><strong>habet</strong></span> <span class='ocrx_word' id='word_1_141' title='bbox 365 2084 559 2149; x_wconf 84' lang='lat' dir='ltr'><strong>Salomonem,</strong></span> <span class='ocrx_word' id='word_1_142' title='bbox 585 2088 615 2139; x_wconf 93' lang='lat' dir='ltr'><strong>et</strong></span> <span class='ocrx_word' id='word_1_143' title='bbox 641 2085 714 2139; x_wconf 87' lang='lat' dir='ltr'><strong>alios</strong></span> <span class='ocrx_word' id='word_1_144' title='bbox 743 2090 854 2140; x_wconf 90' lang='lat' dir='ltr'><strong>sanctos</strong></span> <span class='ocrx_word' id='word_1_145' title='bbox 875 2086 905 2140; x_wconf 91' lang='lat' dir='ltr'><strong>in</strong></span> 
     </span>
    </p>
   </div>
   <div class='ocr_carea' id='block_1_9' title="bbox 53 2172 998 2244">
    <p class='ocr_par' dir='ltr' id='par_1_9' title="bbox 53 2172 998 2244">
     <span class='ocr_line' id='line_1_24' title="bbox 53 2172 998 2244; baseline 0.007 -18"><span class='ocrx_word' id='word_1_146' title='bbox 53 2177 159 2242; x_wconf 81' lang='lat' dir='ltr'><strong>typum</strong></span> <span class='ocrx_word' id='word_1_147' title='bbox 188 2188 272 2227; x_wconf 88' lang='lat' dir='ltr'><strong>sunm</strong></span> <span class='ocrx_word' id='word_1_148' title='bbox 298 2172 432 2227; x_wconf 89' lang='lat' dir='ltr'><strong>habuisse</strong></span> <span class='ocrx_word' id='word_1_149' title='bbox 458 2173 616 2228; x_wconf 88' lang='lat' dir='ltr'><strong>credendus</strong></span> <span class='ocrx_word' id='word_1_150' title='bbox 633 2177 685 2241; x_wconf 91' lang='lat' dir='ltr'><strong>est,</strong></span> <span class='ocrx_word' id='word_1_151' title='bbox 704 2189 768 2244; x_wconf 83' lang='lat' dir='ltr'><strong>que</strong></span> <span class='ocrx_word' id='word_1_152' title='bbox 795 2173 826 2228; x_wconf 94' lang='lat' dir='ltr'><strong>in</strong></span> <span class='ocrx_word' id='word_1_153' title='bbox 854 2174 904 2228; x_wconf 94' lang='lat' dir='ltr'><strong>illo</strong></span> <span class='ocrx_word' id='word_1_154' title='bbox 993 2222 998 2233; x_wconf 93' lang='lat'><strong><em>.</em></strong></span> 
     </span>
    </p>
   </div>
   <div class='ocr_carea' id='block_1_10' title="bbox 52 2259 906 2951">
    <p class='ocr_par' dir='ltr' id='par_1_10' title="bbox 52 2259 906 2951">
     <span class='ocr_line' id='line_1_25' title="bbox 54 2259 906 2332; baseline 0.004 -18"><span class='ocrx_word' id='word_1_155' title='bbox 54 2276 88 2314; x_wconf 92' lang='lat' dir='ltr'><strong>ex</strong></span> <span class='ocrx_word' id='word_1_156' title='bbox 115 2265 198 2332; x_wconf 89' lang='lat' dir='ltr'><strong>parte</strong></span> <span class='ocrx_word' id='word_1_157' title='bbox 221 2260 375 2332; x_wconf 71' lang='lat' dir='ltr'><strong>precessit,</strong></span> <span class='ocrx_word' id='word_1_158' title='bbox 401 2259 431 2314; x_wconf 90' lang='lat' dir='ltr'><strong>in</strong></span> <span class='ocrx_word' id='word_1_159' title='bbox 460 2261 633 2317; x_wconf 76' lang='lat' dir='ltr'><strong>Antichristo</strong></span> <span class='ocrx_word' id='word_1_160' title='bbox 655 2261 804 2331; x_wconf 89' lang='lat' dir='ltr'><strong>explenda.</strong></span> <span class='ocrx_word' id='word_1_161' title='bbox 833 2262 906 2317; x_wconf 82' lang='lat' dir='ltr'><strong>llicit</strong></span> 
     </span>
     <span class='ocr_line' id='line_1_26' title="bbox 52 2348 905 2405; baseline 0.004 -3"><span class='ocrx_word' id='word_1_162' title='bbox 52 2348 134 2403; x_wconf 90' lang='lat' dir='ltr'><strong>idem</strong></span> <span class='ocrx_word' id='word_1_163' title='bbox 149 2348 327 2404; x_wconf 87' lang='lat' dir='ltr'><strong>admirabilis</strong></span> <span class='ocrx_word' id='word_1_164' title='bbox 342 2348 441 2403; x_wconf 90' lang='lat' dir='ltr'><strong>doctor</strong></span> <span class='ocrx_word' id='word_1_165' title='bbox 455 2348 484 2402; x_wconf 92' lang='lat' dir='ltr'><strong>in</strong></span> <span class='ocrx_word' id='word_1_166' title='bbox 499 2348 572 2403; x_wconf 89' lang='lat' dir='ltr'><strong>libro</strong></span> <span class='ocrx_word' id='word_1_167' title='bbox 585 2353 672 2403; x_wconf 76' lang='lat' dir='ltr'><strong>cistae</strong></span> <span class='ocrx_word' id='word_1_168' title='bbox 690 2349 854 2404; x_wconf 80' lang='lat' dir='ltr'><strong>Matthaeum</strong></span> <span class='ocrx_word' id='word_1_169' title='bbox 870 2350 905 2405; x_wconf 91' lang='lat' dir='ltr'><strong>de</strong></span> 
     </span>
     <span class='ocr_line' id='line_1_27' title="bbox 53 2437 906 2509; baseline 0.004 -18"><span class='ocrx_word' id='word_1_170' title='bbox 53 2438 192 2492; x_wconf 90' lang='lat' dir='ltr'><strong>omnibns</strong></span> <span class='ocrx_word' id='word_1_171' title='bbox 229 2437 372 2493; x_wconf 73' lang='lat' dir='ltr'><strong>hereticis</strong></span> <span class='ocrx_word' id='word_1_172' title='bbox 407 2442 532 2509; x_wconf 91' lang='lat' dir='ltr'><strong>quarto:</strong></span> <span class='ocrx_word' id='word_1_173' title='bbox 565 2459 576 2486; x_wconf 81' lang='grc' dir='ltr'>ι</span> <span class='ocrx_word' id='word_1_174' title='bbox 609 2439 677 2508; x_wconf 87' lang='lat' dir='ltr'><strong>Ego,</strong></span> <span class='ocrx_word' id='word_1_175' title='bbox 703 2437 807 2509; x_wconf 91' lang='lat' dir='ltr'><strong>inquit,</strong></span> <span class='ocrx_word' id='word_1_176' title='bbox 839 2455 906 2494; x_wconf 90' lang='lat' dir='ltr'><strong>reor</strong></span> 
     </span>
     <span class='ocr_line' id='line_1_28' title="bbox 53 2525 903 2594; baseline 0.002 -13"><span class='ocrx_word' id='word_1_177' title='bbox 53 2543 158 2581; x_wconf 88' lang='lat' dir='ltr'><strong>omnes</strong></span> <span class='ocrx_word' id='word_1_178' title='bbox 180 2525 386 2582; x_wconf 84' lang='lat' dir='ltr'><strong>heresiarchas</strong></span> <span class='ocrx_word' id='word_1_179' title='bbox 414 2526 603 2580; x_wconf 87' lang='lat' dir='ltr'><strong>Antichristos</strong></span> <span class='ocrx_word' id='word_1_180' title='bbox 630 2542 701 2594; x_wconf 87' lang='lat' dir='ltr'><strong>esse,</strong></span> <span class='ocrx_word' id='word_1_181' title='bbox 719 2531 747 2581; x_wconf 90' lang='lat' dir='ltr'><strong>et</strong></span> <span class='ocrx_word' id='word_1_182' title='bbox 772 2527 824 2582; x_wconf 90' lang='lat' dir='ltr'><strong>sub</strong></span> <span class='ocrx_word' id='word_1_183' title='bbox 852 2544 903 2583; x_wconf 91' lang='lat' dir='ltr'><strong>no-</strong></span> 
     </span>
     <span class='ocr_line' id='line_1_29' title="bbox 54 2614 904 2685; baseline 0.001 -16"><span class='ocrx_word' id='word_1_184' title='bbox 54 2615 135 2670; x_wconf 90' lang='lat' dir='ltr'><strong>mine</strong></span> <span class='ocrx_word' id='word_1_185' title='bbox 152 2615 257 2671; x_wconf 85' lang='lat' dir='ltr'><strong>Christi</strong></span> <span class='ocrx_word' id='word_1_186' title='bbox 284 2631 319 2668; x_wconf 91' lang='lat' dir='ltr'><strong>ea</strong></span> <span class='ocrx_word' id='word_1_187' title='bbox 333 2614 434 2669; x_wconf 89' lang='lat' dir='ltr'><strong>docere</strong></span> <span class='ocrx_word' id='word_1_188' title='bbox 449 2630 514 2685; x_wconf 90' lang='lat' dir='ltr'><strong>que</strong></span> <span class='ocrx_word' id='word_1_189' title='bbox 534 2615 677 2669; x_wconf 90' lang='lat' dir='ltr'><strong>contraria</strong></span> <span class='ocrx_word' id='word_1_190' title='bbox 692 2615 804 2670; x_wconf 85' lang='lat' dir='ltr'><strong>Christo</strong></span> <span class='ocrx_word' id='word_1_191' title='bbox 827 2621 904 2670; x_wconf 87' lang='lat' dir='ltr'><strong>sunt.</strong></span> 
     </span>
     <span class='ocr_line' id='line_1_30' title="bbox 55 2699 903 2774; baseline 0 -16"><span class='ocrx_word' id='word_1_192' title='bbox 55 2705 115 2758; x_wconf 83' lang='lat' dir='ltr'><strong>h&#39;ec</strong></span> <span class='ocrx_word' id='word_1_193' title='bbox 131 2704 238 2758; x_wconf 91' lang='lat' dir='ltr'><strong>mirum</strong></span> <span class='ocrx_word' id='word_1_194' title='bbox 255 2702 279 2757; x_wconf 91' lang='lat' dir='ltr'><strong>si</strong></span> <span class='ocrx_word' id='word_1_195' title='bbox 294 2701 403 2774; x_wconf 86' lang='lat' dir='ltr'><strong>aliquid</strong></span> <span class='ocrx_word' id='word_1_196' title='bbox 416 2719 489 2774; x_wconf 91' lang='lat' dir='ltr'><strong>quos</strong></span> <span class='ocrx_word' id='word_1_197' title='bbox 504 2699 517 2738; x_wconf 83' lang='lat'><strong>‘¹</strong></span> <span class='ocrx_word' id='word_1_198' title='bbox 533 2702 568 2756; x_wconf 87' lang='lat' dir='ltr'><strong>ab</strong></span> <span class='ocrx_word' id='word_1_199' title='bbox 578 2702 623 2757; x_wconf 91' lang='lat' dir='ltr'><strong>his</strong></span> <span class='ocrx_word' id='word_1_200' title='bbox 637 2703 784 2757; x_wconf 87' lang='lat' dir='ltr'><strong>videamus</strong></span> <span class='ocrx_word' id='word_1_201' title='bbox 797 2704 903 2772; x_wconf 89' lang='lat' dir='ltr'><strong>seduci,</strong></span> 
     </span>
     <span class='ocr_line' id='line_1_31' title="bbox 54 2791 904 2862; baseline 0 -16"><span class='ocrx_word' id='word_1_202' title='bbox 54 2808 122 2846; x_wconf 88' lang='lat' dir='ltr'><strong>cum</strong></span> <span class='ocrx_word' id='word_1_203' title='bbox 147 2791 286 2848; x_wconf 86' lang='lat' dir='ltr'><strong>Dominus</strong></span> <span class='ocrx_word' id='word_1_204' title='bbox 311 2791 438 2847; x_wconf 80' lang='lat' dir='ltr'><strong>dixerit:</strong></span> <span class='ocrx_word' id='word_1_205' title='bbox 468 2793 504 2846; x_wconf 80' lang='lat' dir='ltr'><strong>Iit</strong></span> <span class='ocrx_word' id='word_1_206' title='bbox 531 2792 628 2846; x_wconf 90' lang='lat' dir='ltr'><strong>multos</strong></span> <span class='ocrx_word' id='word_1_207' title='bbox 646 2791 772 2846; x_wconf 82' lang='lat' dir='ltr'><strong>seducent</strong></span> <span class='ocrx_word' id='word_1_208' title='bbox 794 2793 904 2862; x_wconf 75' lang='lat' dir='ltr'><strong>(Mettis.</strong></span> 
     </span>
     <span class='ocr_line' id='line_1_32' title="bbox 54 2879 905 2951; baseline 0 -16"><span class='ocrx_word' id='word_1_209' title='bbox 54 2883 186 2947; x_wconf 81' lang='lat' dir='ltr'><strong>xxrv,5.)</strong></span> <span class='ocrx_word' id='word_1_210' title='bbox 214 2879 297 2945; x_wconf 84' lang='lat' dir='ltr'><strong>Quod</strong></span> <span class='ocrx_word' id='word_1_211' title='bbox 317 2885 345 2935; x_wconf 87' lang='lat' dir='ltr'><strong>et</strong></span> <span class='ocrx_word' id='word_1_212' title='bbox 371 2879 471 2934; x_wconf 88' lang='lat' dir='ltr'><strong>beatus</strong></span> <span class='ocrx_word' id='word_1_213' title='bbox 493 2881 617 2935; x_wconf 86' lang='lat' dir='ltr'><strong>loannes</strong></span> <span class='ocrx_word' id='word_1_214' title='bbox 646 2880 676 2933; x_wconf 93' lang='lat' dir='ltr'><strong>in</strong></span> <span class='ocrx_word' id='word_1_215' title='bbox 696 2897 746 2935; x_wconf 88' lang='lat' dir='ltr'><strong>sna</strong></span> <span class='ocrx_word' id='word_1_216' title='bbox 780 2881 905 2951; x_wconf 88' lang='lat' dir='ltr'><strong>Epistola</strong></span> 
     </span>
    </p>
   </div>
   <div class='ocr_carea' id='block_1_11' title="bbox 55 2967 946 3038">
    <p class='ocr_par' dir='ltr' id='par_1_11' title="bbox 55 2967 946 3038">
     <span class='ocr_line' id='line_1_33' title="bbox 55 2967 946 3038; baseline 0.003 -16"><span class='ocrx_word' id='word_1_217' title='bbox 55 2968 242 3024; x_wconf 88' lang='lat' dir='ltr'><strong>luminositer</strong></span> <span class='ocrx_word' id='word_1_218' title='bbox 256 2967 348 3023; x_wconf 91' lang='lat' dir='ltr'><strong>dicit:</strong></span> <span class='ocrx_word' id='word_1_219' title='bbox 368 2967 494 3023; x_wconf 81' lang='lat' dir='ltr'><strong>Audistis</strong></span> <span class='ocrx_word' id='word_1_220' title='bbox 520 2970 586 3038; x_wconf 88' lang='lat' dir='ltr'><strong>quio</strong></span> <span class='ocrx_word' id='word_1_221' title='bbox 608 2968 796 3023; x_wconf 81' lang='lat' dir='ltr'><strong>Antichristus</strong></span> <span class='ocrx_word' id='word_1_222' title='bbox 810 2976 905 3024; x_wconf 82' lang='lat' dir='ltr'><strong>oeutu·</strong></span> <span class='ocrx_word' id='word_1_223' title='bbox 925 2968 946 3025; x_wconf 87' lang='lat' dir='ltr'>C</span> 
     </span>
    </p>
   </div>
   <div class='ocr_carea' id='block_1_12' title="bbox 55 3055 905 3303">
    <p class='ocr_par' dir='ltr' id='par_1_12' title="bbox 55 3055 905 3303">
     <span class='ocr_line' id='line_1_34' title="bbox 55 3055 903 3126; baseline -0.004 -14"><span class='ocrx_word' id='word_1_224' title='bbox 55 3073 104 3112; x_wconf 88' lang='lat' dir='ltr'><strong>rus</strong></span> <span class='ocrx_word' id='word_1_225' title='bbox 117 3062 157 3112; x_wconf 84' lang='lat' dir='ltr'><strong>ret</strong></span> <span class='ocrx_word' id='word_1_226' title='bbox 172 3073 179 3112; x_wconf 78' lang='grc' dir='ltr'>ι</span> <span class='ocrx_word' id='word_1_227' title='bbox 194 3071 266 3113; x_wconf 83' lang='lat' dir='ltr'><strong>uuor</strong></span> <span class='ocrx_word' id='word_1_228' title='bbox 290 3062 380 3111; x_wconf 83' lang='lat' dir='ltr'><strong>autem</strong></span> <span class='ocrx_word' id='word_1_229' title='bbox 402 3057 570 3111; x_wconf 79' lang='lat' dir='ltr'><strong>Antichristi</strong></span> <span class='ocrx_word' id='word_1_230' title='bbox 591 3057 752 3110; x_wconf 85' lang='lat' dir='ltr'><strong>multisunt</strong></span> <span class='ocrx_word' id='word_1_231' title='bbox 774 3055 802 3126; x_wconf 90' lang='lat' dir='ltr'><strong>(l</strong></span> <span class='ocrx_word' id='word_1_232' title='bbox 824 3058 903 3111; x_wconf 86' lang='lat' dir='ltr'><strong>Joou.</strong></span> 
     </span>
     <span class='ocr_line' id='line_1_35' title="bbox 56 3143 905 3217; baseline -0.002 -17"><span class='ocrx_word' id='word_1_233' title='bbox 56 3163 88 3214; x_wconf 89' lang='grc' dir='ltr'><strong>ιι,</strong></span> <span class='ocrx_word' id='word_1_234' title='bbox 106 3147 160 3217; x_wconf 83' lang='lat' dir='ltr'><strong>te).</strong></span> <span class='ocrx_word' id='word_1_235' title='bbox 176 3147 265 3200; x_wconf 81' lang='lat' dir='ltr'><strong>Erant</strong></span> <span class='ocrx_word' id='word_1_236' title='bbox 282 3144 368 3199; x_wconf 87' lang='lat' dir='ltr'><strong>eliam</strong></span> <span class='ocrx_word' id='word_1_237' title='bbox 382 3144 440 3200; x_wconf 89' lang='lat' dir='ltr'><strong>alia</strong></span> <span class='ocrx_word' id='word_1_238' title='bbox 463 3160 528 3216; x_wconf 88' lang='lat' dir='ltr'><strong>que</strong></span> <span class='ocrx_word' id='word_1_239' title='bbox 548 3144 616 3200; x_wconf 91' lang='lat' dir='ltr'><strong>huic</strong></span> <span class='ocrx_word' id='word_1_240' title='bbox 634 3148 740 3199; x_wconf 86' lang='lat' dir='ltr'><strong>nostre</strong></span> <span class='ocrx_word' id='word_1_241' title='bbox 756 3143 905 3199; x_wconf 78' lang='lat' dir='ltr'><strong>assertioni</strong></span> 
     </span>
     <span class='ocr_line' id='line_1_36' title="bbox 57 3231 905 3303; baseline -0.005 -13"><span class='ocrx_word' id='word_1_242' title='bbox 57 3235 257 3290; x_wconf 83' lang='lat' dir='ltr'><strong>fulcimentum</strong></span> <span class='ocrx_word' id='word_1_243' title='bbox 280 3233 444 3289; x_wconf 88' lang='lat' dir='ltr'><strong>edoctorum</strong></span> <span class='ocrx_word' id='word_1_244' title='bbox 465 3232 658 3288; x_wconf 72' lang='lat' dir='ltr'><strong>‘exhiberent</strong></span> <span class='ocrx_word' id='word_1_245' title='bbox 672 3248 779 3303; x_wconf 89' lang='lat' dir='ltr'><strong>opera:</strong></span> <span class='ocrx_word' id='word_1_246' title='bbox 794 3232 843 3287; x_wconf 88' lang='lat' dir='ltr'><strong>sed</strong></span> <span class='ocrx_word' id='word_1_247' title='bbox 875 3231 905 3287; x_wconf 94' lang='lat' dir='ltr'><strong>in</strong></span> 
     </span>
    </p>
   </div>
   <div class='ocr_carea' id='block_1_13' title="bbox 58 3320 984 3395">
    <p class='ocr_par' dir='ltr' id='par_1_13' title="bbox 58 3320 984 3395">
     <span class='ocr_line' id='line_1_37' title="bbox 58 3320 984 3395; baseline -0.003 -17"><span class='ocrx_word' id='word_1_248' title='bbox 58 3340 87 3378; x_wconf 89' lang='lat' dir='ltr'><strong>re</strong></span> <span class='ocrx_word' id='word_1_249' title='bbox 101 3325 165 3378; x_wconf 87' lang='lat' dir='ltr'><strong>luce</strong></span> <span class='ocrx_word' id='word_1_250' title='bbox 179 3322 278 3395; x_wconf 89' lang='lat' dir='ltr'><strong>potius</strong></span> <span class='ocrx_word' id='word_1_251' title='bbox 292 3321 420 3377; x_wconf 89' lang='lat' dir='ltr'><strong>claritate</strong></span> <span class='ocrx_word' id='word_1_252' title='bbox 434 3320 575 3393; x_wconf 81' lang='lat' dir='ltr'><strong>fulgente,</strong></span> <span class='ocrx_word' id='word_1_253' title='bbox 597 3337 708 3376; x_wconf 86' lang='lat' dir='ltr'><strong>morem</strong></span> <span class='ocrx_word' id='word_1_254' title='bbox 730 3321 906 3393; x_wconf 83' lang='lat' dir='ltr'><strong>superfluam</strong></span> <span class='ocrx_word' id='word_1_255' title='bbox 979 3364 984 3375; x_wconf 90' lang='lat'>.</span> 
     </span>
    </p>
   </div>
   <div class='ocr_carea' id='block_1_14' title="bbox 61 3406 908 3658">
    <p class='ocr_par' dir='ltr' id='par_1_14' title="bbox 61 3406 908 3658">
     <span class='ocr_line' id='line_1_38' title="bbox 61 3406 906 3465; baseline 0.005 -5"><span class='ocrx_word' id='word_1_256' title='bbox 61 3406 192 3463; x_wconf 85' lang='lat' dir='ltr'><strong>devitavi.</strong></span> <span class='ocrx_word' id='word_1_257' title='bbox 208 3407 263 3464; x_wconf 88' lang='lat' dir='ltr'><strong>Sed</strong></span> <span class='ocrx_word' id='word_1_258' title='bbox 279 3425 315 3464; x_wconf 90' lang='lat' dir='ltr'><strong>ne</strong></span> <span class='ocrx_word' id='word_1_259' title='bbox 336 3410 429 3465; x_wconf 90' lang='lat' dir='ltr'><strong>solum</strong></span> <span class='ocrx_word' id='word_1_260' title='bbox 452 3413 565 3465; x_wconf 89' lang='lat' dir='ltr'><strong>tantum</strong></span> <span class='ocrx_word' id='word_1_261' title='bbox 590 3415 689 3465; x_wconf 89' lang='lat' dir='ltr'><strong>nostro</strong></span> <span class='ocrx_word' id='word_1_262' title='bbox 714 3410 815 3464; x_wconf 91' lang='lat' dir='ltr'><strong>doctor</strong></span> <span class='ocrx_word' id='word_1_263' title='bbox 838 3410 906 3464; x_wconf 86' lang='lat' dir='ltr'><strong>ilie-</strong></span> 
     </span>
     <span class='ocr_line' id='line_1_39' title="bbox 61 3497 908 3569; baseline 0.002 -19"><span class='ocrx_word' id='word_1_264' title='bbox 61 3512 180 3569; x_wconf 82' lang='lat' dir='ltr'><strong>ronymo</strong></span> <span class='ocrx_word' id='word_1_265' title='bbox 194 3497 340 3553; x_wconf 87' lang='lat' dir='ltr'><strong>confidere</strong></span> <span class='ocrx_word' id='word_1_266' title='bbox 357 3497 498 3565; x_wconf 86' lang='lat' dir='ltr'><strong>dicamur,</strong></span> <span class='ocrx_word' id='word_1_267' title='bbox 519 3503 548 3552; x_wconf 89' lang='lat' dir='ltr'><strong>et</strong></span> <span class='ocrx_word' id='word_1_268' title='bbox 569 3498 687 3553; x_wconf 91' lang='lat' dir='ltr'><strong>alterius</strong></span> <span class='ocrx_word' id='word_1_269' title='bbox 707 3497 803 3553; x_wconf 89' lang='lat' dir='ltr'><strong>fulciri</strong></span> <span class='ocrx_word' id='word_1_270' title='bbox 830 3498 908 3553; x_wconf 87' lang='lat' dir='ltr'><strong>testi·</strong></span> 
     </span>
     <span class='ocr_line' id='line_1_40' title="bbox 61 3585 907 3658; baseline 0.002 -18"><span class='ocrx_word' id='word_1_271' title='bbox 61 3587 155 3642; x_wconf 92' lang='lat' dir='ltr'><strong>monio</strong></span> <span class='ocrx_word' id='word_1_272' title='bbox 170 3603 229 3642; x_wconf 90' lang='lat' dir='ltr'><strong>non</strong></span> <span class='ocrx_word' id='word_1_273' title='bbox 245 3592 424 3658; x_wconf 90' lang='lat' dir='ltr'><strong>reputemur.</strong></span> <span class='ocrx_word' id='word_1_274' title='bbox 450 3588 512 3642; x_wconf 90' lang='lat' dir='ltr'><strong>Non</strong></span> <span class='ocrx_word' id='word_1_275' title='bbox 526 3603 598 3641; x_wconf 88' lang='lat' dir='ltr'><strong>num</strong></span> <span class='ocrx_word' id='word_1_276' title='bbox 613 3585 623 3623; x_wconf 72' lang='lat' dir='ltr'>s</span> <span class='ocrx_word' id='word_1_277' title='bbox 638 3587 779 3642; x_wconf 84' lang='lat' dir='ltr'><strong>Hilarium</strong></span> <span class='ocrx_word' id='word_1_278' title='bbox 799 3588 907 3642; x_wconf 77' lang='lat' dir='ltr'><strong>confes</strong></span> 
     </span>
    </p>
   </div>
   <div class='ocr_carea' id='block_1_15' title="bbox 63 3674 966 3748">
    <p class='ocr_par' dir='ltr' id='par_1_15' title="bbox 63 3674 966 3748">
     <span class='ocr_line' id='line_1_41' title="bbox 63 3674 966 3748; baseline 0 -19"><span class='ocrx_word' id='word_1_279' title='bbox 63 3690 150 3730; x_wconf 85' lang='lat' dir='ltr'><strong>sorem</strong></span> <span class='ocrx_word' id='word_1_280' title='bbox 165 3675 317 3748; x_wconf 88' lang='lat' dir='ltr'><strong>egregium</strong></span> <span class='ocrx_word' id='word_1_281' title='bbox 337 3674 366 3730; x_wconf 90' lang='lat' dir='ltr'><strong>in</strong></span> <span class='ocrx_word' id='word_1_282' title='bbox 384 3675 475 3731; x_wconf 88' lang='lat' dir='ltr'><strong>aciem</strong></span> <span class='ocrx_word' id='word_1_283' title='bbox 487 3675 591 3730; x_wconf 89' lang='lat' dir='ltr'><strong>iterum</strong></span> <span class='ocrx_word' id='word_1_284' title='bbox 615 3676 819 3746; x_wconf 87' lang='lat' dir='ltr'><strong>producamus,</strong></span> <span class='ocrx_word' id='word_1_285' title='bbox 842 3691 907 3730; x_wconf 90' lang='lat' dir='ltr'><strong>nos·</strong></span> <span class='ocrx_word' id='word_1_286' title='bbox 961 3718 966 3729; x_wconf 93' lang='lat'>.</span> 
     </span>
    </p>
   </div>
   <div class='ocr_carea' id='block_1_16' title="bbox 63 3761 833 3834">
    <p class='ocr_par' dir='ltr' id='par_1_16' title="bbox 63 3761 833 3834">
     <span class='ocr_line' id='line_1_42' title="bbox 63 3761 833 3834; baseline 0.006 -21"><span class='ocrx_word' id='word_1_287' title='bbox 63 3776 112 3831; x_wconf 92' lang='lat' dir='ltr'><strong>qne</strong></span> <span class='ocrx_word' id='word_1_288' title='bbox 125 3762 252 3818; x_wconf 89' lang='lat' dir='ltr'><strong>duorum</strong></span> <span class='ocrx_word' id='word_1_289' title='bbox 268 3762 447 3834; x_wconf 84' lang='lat' dir='ltr'><strong>professione</strong></span> <span class='ocrx_word' id='word_1_290' title='bbox 463 3761 606 3817; x_wconf 83' lang='lat' dir='ltr'><strong>veracium</strong></span> <span class='ocrx_word' id='word_1_291' title='bbox 619 3763 833 3818; x_wconf 87' lang='lat' dir='ltr'><strong>confirmemus.</strong></span> 
     </span>
    </p>
   </div>
   <div class='ocr_carea' id='block_1_17' title="bbox 94 3894 907 3968">
    <p class='ocr_par' dir='ltr' id='par_1_17' title="bbox 94 3894 907 3968">
     <span class='ocr_line' id='line_1_43' title="bbox 94 3894 907 3968; baseline 0 -18"><span class='ocrx_word' id='word_1_292' title='bbox 94 3897 135 3950; x_wconf 77' lang='lat'><strong>35.</strong></span> <span class='ocrx_word' id='word_1_293' title='bbox 160 3895 352 3951; x_wconf 87' lang='lat' dir='ltr'><strong>Antichristos</strong></span> <span class='ocrx_word' id='word_1_294' title='bbox 371 3897 468 3968; x_wconf 89' lang='lat' dir='ltr'><strong>plures</strong></span> <span class='ocrx_word' id='word_1_295' title='bbox 489 3911 560 3963; x_wconf 87' lang='lat' dir='ltr'><strong>esse,</strong></span> <span class='ocrx_word' id='word_1_296' title='bbox 590 3894 695 3967; x_wconf 88' lang='lat' dir='ltr'><strong>inquit,</strong></span> <span class='ocrx_word' id='word_1_297' title='bbox 723 3895 810 3951; x_wconf 91' lang='lat' dir='ltr'><strong>ctiam</strong></span> <span class='ocrx_word' id='word_1_298' title='bbox 837 3911 907 3967; x_wconf 88' lang='lat' dir='ltr'><strong>apo-</strong></span> 
     </span>
    </p>
   </div>
   <div class='ocr_carea' id='block_1_18' title="bbox 959 455 1810 3970">
    <p class='ocr_par' dir='ltr' id='par_1_18' title="bbox 959 455 1810 3970">
     <span class='ocr_line' id='line_1_44' title="bbox 961 455 1809 532; baseline 0.02 -26"><span class='ocrx_word' id='word_1_299' title='bbox 961 468 1111 508; x_wconf 86' lang='lat' dir='ltr'><strong>renovasse</strong></span> <span class='ocrx_word' id='word_1_300' title='bbox 1122 455 1344 512; x_wconf 89' lang='lat' dir='ltr'><strong>circumcisionis</strong></span> <span class='ocrx_word' id='word_1_301' title='bbox 1359 460 1482 515; x_wconf 89' lang='lat' dir='ltr'><strong>cultrum</strong></span> <span class='ocrx_word' id='word_1_302' title='bbox 1498 462 1690 532; x_wconf 86' lang='lat' dir='ltr'><strong>plausibiliter</strong></span> <span class='ocrx_word' id='word_1_303' title='bbox 1704 482 1809 523; x_wconf 89' lang='lat' dir='ltr'><strong>acuens</strong></span> 
     </span>
     <span class='ocr_line' id='line_1_45' title="bbox 961 544 1809 626; baseline 0.018 -30"><span class='ocrx_word' id='word_1_304' title='bbox 961 547 1113 598; x_wconf 88' lang='lat' dir='ltr'><strong>etacarne</strong></span> <span class='ocrx_word' id='word_1_305' title='bbox 1133 544 1247 599; x_wconf 83' lang='lat' dir='ltr'><strong>suillas</strong></span> <span class='ocrx_word' id='word_1_306' title='bbox 1268 546 1425 615; x_wconf 90' lang='lat' dir='ltr'><strong>prohibens</strong></span> <span class='ocrx_word' id='word_1_307' title='bbox 1447 550 1572 605; x_wconf 90' lang='lat' dir='ltr'><strong>cultores</strong></span> <span class='ocrx_word' id='word_1_308' title='bbox 1587 559 1671 608; x_wconf 82' lang='lat' dir='ltr'><strong>secte</strong></span> <span class='ocrx_word' id='word_1_309' title='bbox 1699 555 1809 626; x_wconf 85' lang='lat' dir='ltr'><strong>impie,</strong></span> 
     </span>
     <span class='ocr_line' id='line_1_46' title="bbox 960 631 1810 712; baseline 0.019 -29"><span class='ocrx_word' id='word_1_310' title='bbox 960 631 1003 685; x_wconf 92' lang='lat' dir='ltr'><strong>vel</strong></span> <span class='ocrx_word' id='word_1_311' title='bbox 1019 647 1162 687; x_wconf 90' lang='lat' dir='ltr'><strong>coercens.</strong></span> <span class='ocrx_word' id='word_1_312' title='bbox 1178 632 1259 697; x_wconf 81' lang='lat' dir='ltr'><strong>Quod</strong></span> <span class='ocrx_word' id='word_1_313' title='bbox 1274 637 1370 688; x_wconf 87' lang='lat' dir='ltr'><strong>antem</strong></span> <span class='ocrx_word' id='word_1_314' title='bbox 1391 635 1426 690; x_wconf 93' lang='lat' dir='ltr'><strong>de</strong></span> <span class='ocrx_word' id='word_1_315' title='bbox 1439 638 1607 712; x_wconf 79' lang='lat' dir='ltr'><strong>Apocalypsi</strong></span> <span class='ocrx_word' id='word_1_316' title='bbox 1622 641 1810 712; x_wconf 88' lang='lat' dir='ltr'><strong>promisimus</strong></span> 
     </span>
     <span class='ocr_line' id='line_1_47' title="bbox 960 721 1808 802; baseline 0.017 -28"><span class='ocrx_word' id='word_1_317' title='bbox 960 721 1129 792; x_wconf 89' lang='lat' dir='ltr'><strong>exponenda</strong></span> <span class='ocrx_word' id='word_1_318' title='bbox 1142 726 1238 776; x_wconf 90' lang='lat' dir='ltr'><strong>nostro</strong></span> <span class='ocrx_word' id='word_1_319' title='bbox 1253 721 1320 777; x_wconf 90' lang='lat' dir='ltr'><strong>huic</strong></span> <span class='ocrx_word' id='word_1_320' title='bbox 1330 726 1464 794; x_wconf 90' lang='lat' dir='ltr'><strong>pertenui</strong></span> <span class='ocrx_word' id='word_1_321' title='bbox 1482 727 1564 797; x_wconf 89' lang='lat' dir='ltr'><strong>operi</strong></span> <span class='ocrx_word' id='word_1_322' title='bbox 1577 745 1715 801; x_wconf 89' lang='lat' dir='ltr'><strong>congrvra,</strong></span> <span class='ocrx_word' id='word_1_323' title='bbox 1727 732 1808 802; x_wconf 81' lang='lat' dir='ltr'><strong>licet,</strong></span> 
     </span>
     <span class='ocr_line' id='line_1_48' title="bbox 961 809 1809 887; baseline 0.018 -26"><span class='ocrx_word' id='word_1_324' title='bbox 961 813 992 862; x_wconf 90' lang='lat' dir='ltr'><strong>ut</strong></span> <span class='ocrx_word' id='word_1_325' title='bbox 1006 810 1105 865; x_wconf 89' lang='lat' dir='ltr'><strong>crebro</strong></span> <span class='ocrx_word' id='word_1_326' title='bbox 1120 809 1191 876; x_wconf 87' lang='lat' dir='ltr'><strong>dixi,</strong></span> <span class='ocrx_word' id='word_1_327' title='bbox 1206 810 1399 866; x_wconf 86' lang='lat' dir='ltr'><strong>Antichristus</strong></span> <span class='ocrx_word' id='word_1_328' title='bbox 1423 812 1454 867; x_wconf 92' lang='lat' dir='ltr'><strong>in</strong></span> <span class='ocrx_word' id='word_1_329' title='bbox 1468 830 1498 868; x_wconf 90' lang='lat' dir='ltr'><strong>se</strong></span> <span class='ocrx_word' id='word_1_330' title='bbox 1520 819 1743 887; x_wconf 89' lang='lat' dir='ltr'><strong>presentialiter</strong></span> <span class='ocrx_word' id='word_1_331' title='bbox 1763 838 1809 875; x_wconf 93' lang='lat' dir='ltr'><strong>ex·</strong></span> 
     </span>
     <span class='ocr_line' id='line_1_49' title="bbox 959 896 1808 970; baseline 0.015 -19"><span class='ocrx_word' id='word_1_332' title='bbox 959 896 1056 953; x_wconf 92' lang='lat' dir='ltr'><strong>hibeat</strong></span> <span class='ocrx_word' id='word_1_333' title='bbox 1067 901 1139 964; x_wconf 88' lang='lat' dir='ltr'><strong>tota;</strong></span> <span class='ocrx_word' id='word_1_334' title='bbox 1157 903 1253 953; x_wconf 70' lang='lat' dir='ltr'><strong>umen</strong></span> <span class='ocrx_word' id='word_1_335' title='bbox 1264 898 1288 953; x_wconf 91' lang='lat' dir='ltr'><strong>si</strong></span> <span class='ocrx_word' id='word_1_336' title='bbox 1313 900 1416 970; x_wconf 89' lang='lat' dir='ltr'><strong>spiritu</strong></span> <span class='ocrx_word' id='word_1_337' title='bbox 1434 901 1567 970; x_wconf 87' lang='lat' dir='ltr'><strong>ducante,</strong></span> <span class='ocrx_word' id='word_1_338' title='bbox 1585 908 1616 960; x_wconf 92' lang='lat' dir='ltr'><strong>nt</strong></span> <span class='ocrx_word' id='word_1_339' title='bbox 1630 909 1808 964; x_wconf 89' lang='lat' dir='ltr'><strong>cousuetudo</strong></span> 
     </span>
     <span class='ocr_line' id='line_1_50' title="bbox 960 975 1809 1064; baseline 0.015 -24"><span class='ocrx_word' id='word_1_340' title='bbox 960 975 1149 1041; x_wconf 80' lang='lat' dir='ltr'><strong>ecclesiastica</strong></span> <span class='ocrx_word' id='word_1_341' title='bbox 1175 987 1362 1043; x_wconf 88' lang='lat' dir='ltr'><strong>celeberrime</strong></span> <span class='ocrx_word' id='word_1_342' title='bbox 1388 989 1504 1057; x_wconf 89' lang='lat' dir='ltr'><strong>retinet,</strong></span> <span class='ocrx_word' id='word_1_343' title='bbox 1534 991 1596 1046; x_wconf 86' lang='lat' dir='ltr'><strong>hec</strong></span> <span class='ocrx_word' id='word_1_344' title='bbox 1617 993 1680 1064; x_wconf 91' lang='lat' dir='ltr'><strong>ipsa</strong></span> <span class='ocrx_word' id='word_1_345' title='bbox 1702 999 1809 1053; x_wconf 89' lang='lat' dir='ltr'><strong>tracte-</strong></span> 
     </span>
     <span class='ocr_line' id='line_1_51' title="bbox 960 1074 1809 1149; baseline 0.014 -22"><span class='ocrx_word' id='word_1_346' title='bbox 960 1090 1034 1143; x_wconf 91' lang='lat' dir='ltr'><strong>mus,</strong></span> <span class='ocrx_word' id='word_1_347' title='bbox 1059 1090 1092 1128; x_wconf 91' lang='lat' dir='ltr'><strong>ex</strong></span> <span class='ocrx_word' id='word_1_348' title='bbox 1117 1079 1198 1146; x_wconf 87' lang='lat' dir='ltr'><strong>parte</strong></span> <span class='ocrx_word' id='word_1_349' title='bbox 1221 1074 1340 1146; x_wconf 87' lang='lat' dir='ltr'><strong>impleta</strong></span> <span class='ocrx_word' id='word_1_350' title='bbox 1367 1092 1454 1148; x_wconf 84' lang='lat' dir='ltr'><strong>super</strong></span> <span class='ocrx_word' id='word_1_351' title='bbox 1477 1077 1538 1149; x_wconf 88' lang='lat' dir='ltr'><strong>jam</strong></span> <span class='ocrx_word' id='word_1_352' title='bbox 1565 1079 1673 1136; x_wconf 89' lang='lat' dir='ltr'><strong>dictum</strong></span> <span class='ocrx_word' id='word_1_353' title='bbox 1697 1083 1809 1139; x_wconf 91' lang='lat' dir='ltr'><strong>bostem</strong></span> 
     </span>
     <span class='ocr_line' id='line_1_52' title="bbox 960 1163 1809 1243; baseline 0.011 -25"><span class='ocrx_word' id='word_1_354' title='bbox 960 1163 1173 1218; x_wconf 89' lang='lat' dir='ltr'><strong>evidentissime</strong></span> <span class='ocrx_word' id='word_1_355' title='bbox 1184 1163 1366 1231; x_wconf 86' lang='lat' dir='ltr'><strong>disseremus,</strong></span> <span class='ocrx_word' id='word_1_356' title='bbox 1389 1169 1417 1220; x_wconf 84' lang='lat' dir='ltr'><strong>et</strong></span> <span class='ocrx_word' id='word_1_357' title='bbox 1430 1181 1484 1237; x_wconf 90' lang='lat' dir='ltr'><strong>pro</strong></span> <span class='ocrx_word' id='word_1_358' title='bbox 1509 1166 1565 1222; x_wconf 94' lang='lat' dir='ltr'><strong>hoc</strong></span> <span class='ocrx_word' id='word_1_359' title='bbox 1580 1168 1690 1225; x_wconf 90' lang='lat' dir='ltr'><strong>nullum</strong></span> <span class='ocrx_word' id='word_1_360' title='bbox 1711 1171 1809 1243; x_wconf 91' lang='lat' dir='ltr'><strong>loqua-</strong></span> 
     </span>
     <span class='ocr_line' id='line_1_53' title="bbox 959 1249 1810 1315; baseline 0.012 -10"><span class='ocrx_word' id='word_1_361' title='bbox 959 1266 1022 1305; x_wconf 92' lang='lat' dir='ltr'><strong>cem</strong></span> <span class='ocrx_word' id='word_1_362' title='bbox 1037 1249 1203 1306; x_wconf 88' lang='lat' dir='ltr'><strong>malivolum</strong></span> <span class='ocrx_word' id='word_1_363' title='bbox 1214 1251 1388 1307; x_wconf 87' lang='lat' dir='ltr'><strong>dubitamus.</strong></span> <span class='ocrx_word' id='word_1_364' title='bbox 1403 1254 1503 1309; x_wconf 89' lang='lat' dir='ltr'><strong>Nullus</strong></span> <span class='ocrx_word' id='word_1_365' title='bbox 1519 1256 1597 1311; x_wconf 91' lang='lat' dir='ltr'><strong>enim</strong></span> <span class='ocrx_word' id='word_1_366' title='bbox 1612 1263 1743 1314; x_wconf 89' lang='lat' dir='ltr'><strong>nostrum</strong></span> <span class='ocrx_word' id='word_1_367' title='bbox 1756 1261 1810 1315; x_wconf 92' lang='lat' dir='ltr'><strong>hoc</strong></span> 
     </span>
     <span class='ocr_line' id='line_1_54' title="bbox 959 1338 1810 1416; baseline 0.014 -25"><span class='ocrx_word' id='word_1_368' title='bbox 959 1342 1089 1408; x_wconf 90' lang='lat' dir='ltr'><strong>tempore</strong></span> <span class='ocrx_word' id='word_1_369' title='bbox 1105 1338 1158 1393; x_wconf 88' lang='lat' dir='ltr'><strong>sub</strong></span> <span class='ocrx_word' id='word_1_370' title='bbox 1174 1355 1275 1394; x_wconf 90' lang='lat' dir='ltr'><strong>eorum</strong></span> <span class='ocrx_word' id='word_1_371' title='bbox 1286 1341 1430 1412; x_wconf 88' lang='lat' dir='ltr'><strong>reperitur</strong></span> <span class='ocrx_word' id='word_1_372' title='bbox 1449 1358 1550 1415; x_wconf 88' lang='lat' dir='ltr'><strong>regno,</strong></span> <span class='ocrx_word' id='word_1_373' title='bbox 1566 1344 1617 1416; x_wconf 91' lang='lat' dir='ltr'><strong>qui</strong></span> <span class='ocrx_word' id='word_1_374' title='bbox 1643 1350 1730 1414; x_wconf 90' lang='lat' dir='ltr'><strong>emat,</strong></span> <span class='ocrx_word' id='word_1_375' title='bbox 1760 1353 1810 1403; x_wconf 92' lang='lat' dir='ltr'><strong>aut</strong></span> 
     </span>
     <span class='ocr_line' id='line_1_55' title="bbox 959 1426 1807 1506; baseline 0.015 -27"><span class='ocrx_word' id='word_1_376' title='bbox 959 1427 1064 1482; x_wconf 87' lang='lat' dir='ltr'><strong>vendat</strong></span> <span class='ocrx_word' id='word_1_377' title='bbox 1078 1426 1215 1482; x_wconf 92' lang='lat' dir='ltr'><strong>immunis</strong></span> <span class='ocrx_word' id='word_1_378' title='bbox 1229 1428 1326 1484; x_wconf 91' lang='lat' dir='ltr'><strong>omine</strong></span> <span class='ocrx_word' id='word_1_379' title='bbox 1342 1428 1553 1487; x_wconf 79' lang='lat' dir='ltr'><strong>llferocissime</strong></span> <span class='ocrx_word' id='word_1_380' title='bbox 1582 1432 1681 1489; x_wconf 84' lang='lat' dir='ltr'><strong>bestie</strong></span> <span class='ocrx_word' id='word_1_381' title='bbox 1711 1435 1807 1506; x_wconf 82' lang='lat' dir='ltr'><strong>(Apoc.</strong></span> 
     </span>
     <span class='ocr_line' id='line_1_56' title="bbox 960 1515 1809 1589; baseline 0.013 -21"><span class='ocrx_word' id='word_1_382' title='bbox 960 1530 1018 1582; x_wconf 86' lang='lat' dir='ltr'><strong>xvvv,</strong></span> <span class='ocrx_word' id='word_1_383' title='bbox 1037 1515 1089 1586; x_wconf 82' lang='lat' dir='ltr'><strong>tv).</strong></span> <span class='ocrx_word' id='word_1_384' title='bbox 1106 1515 1205 1571; x_wconf 87' lang='lat' dir='ltr'><strong>Omnis</strong></span> <span class='ocrx_word' id='word_1_385' title='bbox 1229 1517 1306 1570; x_wconf 89' lang='lat' dir='ltr'><strong>enim</strong></span> <span class='ocrx_word' id='word_1_386' title='bbox 1327 1519 1537 1589; x_wconf 88' lang='lat' dir='ltr'><strong>receptaculum</strong></span> <span class='ocrx_word' id='word_1_387' title='bbox 1560 1520 1587 1575; x_wconf 91' lang='lat' dir='ltr'><strong>ei</strong></span> <span class='ocrx_word' id='word_1_388' title='bbox 1611 1521 1641 1577; x_wconf 90' lang='lat' dir='ltr'><strong>in</strong></span> <span class='ocrx_word' id='word_1_389' title='bbox 1661 1522 1754 1579; x_wconf 85' lang='lat' dir='ltr'><strong>trente</strong></span> <span class='ocrx_word' id='word_1_390' title='bbox 1779 1525 1809 1579; x_wconf 92' lang='lat' dir='ltr'><strong>in</strong></span> 
     </span>
     <span class='ocr_line' id='line_1_57' title="bbox 960 1603 1808 1682; baseline 0.013 -26"><span class='ocrx_word' id='word_1_391' title='bbox 960 1603 1112 1675; x_wconf 91' lang='lat' dir='ltr'><strong>principali</strong></span> <span class='ocrx_word' id='word_1_392' title='bbox 1130 1619 1217 1675; x_wconf 86' lang='lat' dir='ltr'><strong>opere</strong></span> <span class='ocrx_word' id='word_1_393' title='bbox 1232 1603 1250 1666; x_wconf 87' lang='lat'><strong>¹,</strong></span> <span class='ocrx_word' id='word_1_394' title='bbox 1271 1605 1315 1658; x_wconf 89' lang='lat' dir='ltr'><strong>vel</strong></span> <span class='ocrx_word' id='word_1_395' title='bbox 1330 1604 1361 1659; x_wconf 92' lang='lat' dir='ltr'><strong>in</strong></span> <span class='ocrx_word' id='word_1_396' title='bbox 1382 1622 1482 1670; x_wconf 88' lang='lat' dir='ltr'><strong>manu,</strong></span> <span class='ocrx_word' id='word_1_397' title='bbox 1498 1607 1528 1661; x_wconf 91' lang='lat' dir='ltr'><strong>id</strong></span> <span class='ocrx_word' id='word_1_398' title='bbox 1549 1613 1602 1676; x_wconf 92' lang='lat' dir='ltr'><strong>est,</strong></span> <span class='ocrx_word' id='word_1_399' title='bbox 1624 1609 1654 1664; x_wconf 90' lang='lat' dir='ltr'><strong>in</strong></span> <span class='ocrx_word' id='word_1_400' title='bbox 1672 1612 1808 1682; x_wconf 90' lang='lat' dir='ltr'><strong>operibus</strong></span> 
     </span>
     <span class='ocr_line' id='line_1_58' title="bbox 960 1691 1807 1768; baseline 0.012 -23"><span class='ocrx_word' id='word_1_401' title='bbox 960 1691 1087 1761; x_wconf 88' lang='lat' dir='ltr'><strong>segniter</strong></span> <span class='ocrx_word' id='word_1_402' title='bbox 1111 1691 1260 1760; x_wconf 90' lang='lat' dir='ltr'><strong>inhiando,</strong></span> <span class='ocrx_word' id='word_1_403' title='bbox 1296 1692 1527 1765; x_wconf 82' lang='lat' dir='ltr'><strong>frequentissime</strong></span> <span class='ocrx_word' id='word_1_404' title='bbox 1558 1697 1676 1768; x_wconf 86' lang='lat' dir='ltr'><strong>prebet.</strong></span> <span class='ocrx_word' id='word_1_405' title='bbox 1706 1700 1807 1755; x_wconf 85' lang='lat' dir='ltr'><strong>Notam</strong></span> 
     </span>
     <span class='ocr_line' id='line_1_59' title="bbox 960 1779 1805 1857; baseline 0.011 -24"><span class='ocrx_word' id='word_1_406' title='bbox 960 1779 1022 1849; x_wconf 90' lang='lat' dir='ltr'><strong>ejus</strong></span> <span class='ocrx_word' id='word_1_407' title='bbox 1036 1780 1184 1847; x_wconf 87' lang='lat' dir='ltr'><strong>habentes,</strong></span> <span class='ocrx_word' id='word_1_408' title='bbox 1206 1780 1273 1835; x_wconf 93' lang='lat' dir='ltr'><strong>dum</strong></span> <span class='ocrx_word' id='word_1_409' title='bbox 1290 1781 1512 1837; x_wconf 87' lang='lat' dir='ltr'><strong>consuetudines</strong></span> <span class='ocrx_word' id='word_1_410' title='bbox 1526 1799 1627 1838; x_wconf 91' lang='lat' dir='ltr'><strong>eorum</strong></span> <span class='ocrx_word' id='word_1_411' title='bbox 1651 1787 1805 1857; x_wconf 88' lang='lat' dir='ltr'><strong>neglectas,</strong></span> 
     </span>
     <span class='ocr_line' id='line_1_60' title="bbox 959 1868 1805 1945; baseline 0.009 -23"><span class='ocrx_word' id='word_1_412' title='bbox 959 1868 1177 1939; x_wconf 87' lang='lat' dir='ltr'><strong>probatissimas</strong></span> <span class='ocrx_word' id='word_1_413' title='bbox 1205 1873 1321 1940; x_wconf 88' lang='lat' dir='ltr'><strong>patrum</strong></span> <span class='ocrx_word' id='word_1_414' title='bbox 1354 1870 1503 1941; x_wconf 88' lang='lat' dir='ltr'><strong>pestiferas</strong></span> <span class='ocrx_word' id='word_1_415' title='bbox 1531 1877 1620 1926; x_wconf 90' lang='lat' dir='ltr'><strong>sectas</strong></span> <span class='ocrx_word' id='word_1_416' title='bbox 1653 1874 1805 1945; x_wconf 81' lang='lat' dir='ltr'><strong>gentilium</strong></span> 
     </span>
     <span class='ocr_line' id='line_1_61' title="bbox 959 1958 1806 2028; baseline 0.007 -17"><span class='ocrx_word' id='word_1_417' title='bbox 959 1961 1154 2012; x_wconf 89' lang='lat' dir='ltr'><strong>consectamus</strong></span> <span class='ocrx_word' id='word_1_418' title='bbox 1170 1973 1177 2010; x_wconf 94' lang='lat'>:</span> <span class='ocrx_word' id='word_1_419' title='bbox 1194 1961 1223 2012; x_wconf 91' lang='lat' dir='ltr'><strong>et</strong></span> <span class='ocrx_word' id='word_1_420' title='bbox 1239 1972 1344 2012; x_wconf 89' lang='lat' dir='ltr'><strong>nomen</strong></span> <span class='ocrx_word' id='word_1_421' title='bbox 1359 1958 1389 2012; x_wconf 91' lang='lat' dir='ltr'><strong>in</strong></span> <span class='ocrx_word' id='word_1_422' title='bbox 1405 1958 1558 2028; x_wconf 88' lang='lat' dir='ltr'><strong>frontibus,</strong></span> <span class='ocrx_word' id='word_1_423' title='bbox 1571 1960 1640 2015; x_wconf 88' lang='lat' dir='ltr'><strong>dum</strong></span> <span class='ocrx_word' id='word_1_424' title='bbox 1654 1962 1806 2018; x_wconf 85' lang='lat' dir='ltr'><strong>obliterato</strong></span> 
     </span>
     <span class='ocr_line' id='line_1_62' title="bbox 959 2045 1806 2122; baseline 0.009 -22"><span class='ocrx_word' id='word_1_425' title='bbox 959 2045 1050 2100; x_wconf 92' lang='lat' dir='ltr'><strong>crucis</strong></span> <span class='ocrx_word' id='word_1_426' title='bbox 1078 2045 1191 2112; x_wconf 82' lang='lat' dir='ltr'><strong>vexillo,</strong></span> <span class='ocrx_word' id='word_1_427' title='bbox 1226 2046 1316 2117; x_wconf 91' lang='lat' dir='ltr'><strong>ipsius</strong></span> <span class='ocrx_word' id='word_1_428' title='bbox 1343 2047 1461 2102; x_wconf 86' lang='lat' dir='ltr'><strong>nefandi</strong></span> <span class='ocrx_word' id='word_1_429' title='bbox 1489 2048 1599 2104; x_wconf 90' lang='lat' dir='ltr'><strong>utimur</strong></span> <span class='ocrx_word' id='word_1_430' title='bbox 1624 2059 1806 2122; x_wconf 88' lang='lat' dir='ltr'><strong>argumento.</strong></span> 
     </span>
     <span class='ocr_line' id='line_1_63' title="bbox 961 2133 1807 2211; baseline 0.008 -23"><span class='ocrx_word' id='word_1_431' title='bbox 961 2135 1033 2188; x_wconf 86' lang='lat' dir='ltr'><strong>[lum</strong></span> <span class='ocrx_word' id='word_1_432' title='bbox 1047 2133 1124 2188; x_wconf 88' lang='lat' dir='ltr'><strong>enim</strong></span> <span class='ocrx_word' id='word_1_433' title='bbox 1135 2134 1383 2189; x_wconf 89' lang='lat' dir='ltr'><strong>circumcisionem</strong></span> <span class='ocrx_word' id='word_1_434' title='bbox 1398 2135 1704 2207; x_wconf 88' lang='lat' dir='ltr'><strong>obimproperantium</strong></span> <span class='ocrx_word' id='word_1_435' title='bbox 1719 2140 1807 2211; x_wconf 93' lang='lat' dir='ltr'><strong>igno-</strong></span> 
     </span>
     <span class='ocr_line' id='line_1_64' title="bbox 961 2221 1808 2300; baseline 0.009 -25"><span class='ocrx_word' id='word_1_436' title='bbox 961 2222 1078 2276; x_wconf 84' lang='lat' dir='ltr'><strong>miniam</strong></span> <span class='ocrx_word' id='word_1_437' title='bbox 1103 2221 1296 2287; x_wconf 82' lang='lat' dir='ltr'><strong>devitandam,</strong></span> <span class='ocrx_word' id='word_1_438' title='bbox 1318 2223 1450 2293; x_wconf 86' lang='lat' dir='ltr'><strong>despecta</strong></span> <span class='ocrx_word' id='word_1_439' title='bbox 1470 2224 1646 2297; x_wconf 88' lang='lat' dir='ltr'><strong>cordisque</strong></span> <span class='ocrx_word' id='word_1_440' title='bbox 1665 2228 1808 2300; x_wconf 89' lang='lat' dir='ltr'><strong>principa·</strong></span> 
     </span>
     <span class='ocr_line' id='line_1_65' title="bbox 959 2309 1809 2388; baseline 0.009 -24"><span class='ocrx_word' id='word_1_441' title='bbox 959 2309 1026 2365; x_wconf 91' lang='lat' dir='ltr'><strong>liter</strong></span> <span class='ocrx_word' id='word_1_442' title='bbox 1036 2310 1115 2381; x_wconf 89' lang='lat' dir='ltr'><strong>jussa</strong></span> <span class='ocrx_word' id='word_1_443' title='bbox 1130 2314 1182 2375; x_wconf 91' lang='lat' dir='ltr'><strong>est,</strong></span> <span class='ocrx_word' id='word_1_444' title='bbox 1194 2326 1259 2364; x_wconf 91' lang='lat' dir='ltr'><strong>cum</strong></span> <span class='ocrx_word' id='word_1_445' title='bbox 1271 2310 1353 2365; x_wconf 91' lang='lat' dir='ltr'><strong>dolor</strong></span> <span class='ocrx_word' id='word_1_446' title='bbox 1367 2310 1453 2366; x_wconf 90' lang='lat' dir='ltr'><strong>etiam</strong></span> <span class='ocrx_word' id='word_1_447' title='bbox 1469 2328 1527 2367; x_wconf 92' lang='lat' dir='ltr'><strong>non</strong></span> <span class='ocrx_word' id='word_1_448' title='bbox 1554 2313 1649 2369; x_wconf 90' lang='lat' dir='ltr'><strong>medio</strong></span> <span class='ocrx_word' id='word_1_449' title='bbox 1671 2342 1677 2385; x_wconf 83' lang='lat' dir='ltr'><strong>l</strong></span> <span class='ocrx_word' id='word_1_450' title='bbox 1706 2333 1809 2388; x_wconf 91' lang='lat' dir='ltr'><strong>corpo·</strong></span> 
     </span>
     <span class='ocr_line' id='line_1_66' title="bbox 959 2397 1808 2470; baseline 0.007 -19"><span class='ocrx_word' id='word_1_451' title='bbox 959 2398 999 2452; x_wconf 89' lang='lat' dir='ltr'><strong>ris</strong></span> <span class='ocrx_word' id='word_1_452' title='bbox 1013 2412 1186 2465; x_wconf 85' lang='lat' dir='ltr'><strong>exercemus,</strong></span> <span class='ocrx_word' id='word_1_453' title='bbox 1200 2397 1270 2469; x_wconf 92' lang='lat' dir='ltr'><strong>quid</strong></span> <span class='ocrx_word' id='word_1_454' title='bbox 1282 2397 1359 2452; x_wconf 88' lang='lat' dir='ltr'><strong>aliud</strong></span> <span class='ocrx_word' id='word_1_455' title='bbox 1371 2414 1458 2470; x_wconf 91' lang='lat' dir='ltr'><strong>quam</strong></span> <span class='ocrx_word' id='word_1_456' title='bbox 1473 2399 1537 2470; x_wconf 89' lang='lat' dir='ltr'><strong>ejus</strong></span> <span class='ocrx_word' id='word_1_457' title='bbox 1550 2407 1646 2456; x_wconf 88' lang='lat' dir='ltr'><strong>notam</strong></span> <span class='ocrx_word' id='word_1_458' title='bbox 1662 2401 1692 2455; x_wconf 93' lang='lat' dir='ltr'><strong>in</strong></span> <span class='ocrx_word' id='word_1_459' title='bbox 1712 2408 1808 2457; x_wconf 91' lang='lat' dir='ltr'><strong>mente</strong></span> 
     </span>
     <span class='ocr_line' id='line_1_67' title="bbox 960 2486 1808 2558; baseline 0.005 -17"><span class='ocrx_word' id='word_1_460' title='bbox 960 2491 989 2541; x_wconf 91' lang='lat' dir='ltr'><strong>et</strong></span> <span class='ocrx_word' id='word_1_461' title='bbox 1003 2486 1132 2541; x_wconf 89' lang='lat' dir='ltr'><strong>membro</strong></span> <span class='ocrx_word' id='word_1_462' title='bbox 1152 2486 1322 2556; x_wconf 81' lang='lat' dir='ltr'><strong>portamus?</strong></span> <span class='ocrx_word' id='word_1_463' title='bbox 1338 2487 1374 2542; x_wconf 79' lang='lat' dir='ltr'><strong>ut</strong></span> <span class='ocrx_word' id='word_1_464' title='bbox 1394 2487 1463 2541; x_wconf 91' lang='lat' dir='ltr'><strong>dum</strong></span> <span class='ocrx_word' id='word_1_465' title='bbox 1487 2503 1588 2542; x_wconf 88' lang='lat' dir='ltr'><strong>eorum</strong></span> <span class='ocrx_word' id='word_1_466' title='bbox 1613 2489 1751 2558; x_wconf 85' lang='lat' dir='ltr'><strong>versibus,</strong></span> <span class='ocrx_word' id='word_1_467' title='bbox 1781 2496 1808 2546; x_wconf 92' lang='lat' dir='ltr'><strong>et</strong></span> 
     </span>
     <span class='ocr_line' id='line_1_68' title="bbox 959 2573 1806 2646; baseline 0.004 -17"><span class='ocrx_word' id='word_1_468' title='bbox 959 2573 1069 2630; x_wconf 82' lang='lat' dir='ltr'><strong>labellis</strong></span> <span class='ocrx_word' id='word_1_469' title='bbox 1085 2573 1163 2627; x_wconf 91' lang='lat' dir='ltr'><strong>mille</strong></span> <span class='ocrx_word' id='word_1_470' title='bbox 1179 2573 1237 2628; x_wconf 90' lang='lat' dir='ltr'><strong>suis</strong></span> <span class='ocrx_word' id='word_1_471' title='bbox 1260 2573 1445 2639; x_wconf 87' lang='lat' dir='ltr'><strong>delectamus,</strong></span> <span class='ocrx_word' id='word_1_472' title='bbox 1474 2575 1573 2646; x_wconf 90' lang='lat' dir='ltr'><strong>eisque</strong></span> <span class='ocrx_word' id='word_1_473' title='bbox 1596 2575 1743 2641; x_wconf 84' lang='lat' dir='ltr'><strong>inservire,</strong></span> <span class='ocrx_word' id='word_1_474' title='bbox 1761 2579 1806 2632; x_wconf 78' lang='lat' dir='ltr'><strong>vel</strong></span> 
     </span>
     <span class='ocr_line' id='line_1_69' title="bbox 959 2660 1807 2735; baseline 0.007 -21"><span class='ocrx_word' id='word_1_475' title='bbox 959 2660 1030 2733; x_wconf 91' lang='lat' dir='ltr'><strong>ipsis</strong></span> <span class='ocrx_word' id='word_1_476' title='bbox 1060 2660 1244 2732; x_wconf 89' lang='lat' dir='ltr'><strong>nequissimis</strong></span> <span class='ocrx_word' id='word_1_477' title='bbox 1269 2660 1463 2716; x_wconf 89' lang='lat' dir='ltr'><strong>obsecundare</strong></span> <span class='ocrx_word' id='word_1_478' title='bbox 1485 2662 1572 2717; x_wconf 90' lang='lat' dir='ltr'><strong>etium</strong></span> <span class='ocrx_word' id='word_1_479' title='bbox 1591 2665 1712 2735; x_wconf 88' lang='lat' dir='ltr'><strong>premio</strong></span> <span class='ocrx_word' id='word_1_480' title='bbox 1737 2667 1807 2720; x_wconf 89' lang='lat' dir='ltr'><strong>emi·</strong></span> 
     </span>
     <span class='ocr_line' id='line_1_70' title="bbox 960 2748 1805 2820; baseline 0.007 -17"><span class='ocrx_word' id='word_1_481' title='bbox 960 2765 1030 2815; x_wconf 89' lang='lat' dir='ltr'><strong>nns;</strong></span> <span class='ocrx_word' id='word_1_482' title='bbox 1046 2753 1121 2803; x_wconf 90' lang='lat' dir='ltr'><strong>etex</strong></span> <span class='ocrx_word' id='word_1_483' title='bbox 1141 2749 1195 2803; x_wconf 92' lang='lat' dir='ltr'><strong>hoc</strong></span> <span class='ocrx_word' id='word_1_484' title='bbox 1211 2749 1298 2803; x_wconf 87' lang='lat' dir='ltr'><strong>vitam</strong></span> <span class='ocrx_word' id='word_1_485' title='bbox 1319 2748 1349 2803; x_wconf 92' lang='lat' dir='ltr'><strong>in</strong></span> <span class='ocrx_word' id='word_1_486' title='bbox 1373 2751 1477 2804; x_wconf 81' lang='lat' dir='ltr'><strong>seculo</strong></span> <span class='ocrx_word' id='word_1_487' title='bbox 1503 2751 1645 2820; x_wconf 87' lang='lat' dir='ltr'><strong>ducimus,</strong></span> <span class='ocrx_word' id='word_1_488' title='bbox 1673 2755 1716 2808; x_wconf 91' lang='lat' dir='ltr'><strong>vel</strong></span> <span class='ocrx_word' id='word_1_489' title='bbox 1740 2770 1805 2808; x_wconf 91' lang='lat' dir='ltr'><strong>cor·</strong></span> 
     </span>
     <span class='ocr_line' id='line_1_71' title="bbox 960 2836 1806 2910; baseline 0.008 -19"><span class='ocrx_word' id='word_1_490' title='bbox 960 2854 1029 2910; x_wconf 87' lang='lat' dir='ltr'><strong>pora</strong></span> <span class='ocrx_word' id='word_1_491' title='bbox 1056 2837 1231 2908; x_wconf 80' lang='lat' dir='ltr'><strong>saginamus,</strong></span> <span class='ocrx_word' id='word_1_492' title='bbox 1259 2852 1293 2891; x_wconf 88' lang='lat' dir='ltr'><strong>ex</strong></span> <span class='ocrx_word' id='word_1_493' title='bbox 1314 2836 1424 2891; x_wconf 89' lang='lat' dir='ltr'><strong>inlicito</strong></span> <span class='ocrx_word' id='word_1_494' title='bbox 1443 2838 1559 2893; x_wconf 88' lang='lat' dir='ltr'><strong>servitio</strong></span> <span class='ocrx_word' id='word_1_495' title='bbox 1584 2846 1612 2894; x_wconf 89' lang='lat' dir='ltr'><strong>et</strong></span> <span class='ocrx_word' id='word_1_496' title='bbox 1636 2844 1806 2899; x_wconf 88' lang='lat' dir='ltr'><strong>exsecrando</strong></span> 
     </span>
     <span class='ocr_line' id='line_1_72' title="bbox 960 2924 1806 3002; baseline 0.007 -23"><span class='ocrx_word' id='word_1_497' title='bbox 960 2925 1118 2979; x_wconf 91' lang='lat' dir='ltr'><strong>ministerio</strong></span> <span class='ocrx_word' id='word_1_498' title='bbox 1140 2924 1362 2979; x_wconf 89' lang='lat' dir='ltr'><strong>abundantiores</strong></span> <span class='ocrx_word' id='word_1_499' title='bbox 1376 2941 1446 2995; x_wconf 88' lang='lat' dir='ltr'><strong>opes</strong></span> <span class='ocrx_word' id='word_1_500' title='bbox 1463 2933 1681 2999; x_wconf 86' lang='lat' dir='ltr'><strong>congregantes,</strong></span> <span class='ocrx_word' id='word_1_501' title='bbox 1711 2931 1806 3002; x_wconf 90' lang='lat' dir='ltr'><strong>fulgo·</strong></span> 
     </span>
     <span class='ocr_line' id='line_1_73' title="bbox 960 3013 1807 3088; baseline 0.007 -22"><span class='ocrx_word' id='word_1_502' title='bbox 960 3028 1014 3080; x_wconf 89' lang='lat' dir='ltr'><strong>ras,</strong></span> <span class='ocrx_word' id='word_1_503' title='bbox 1028 3013 1139 3079; x_wconf 91' lang='lat' dir='ltr'><strong>odores,</strong></span> <span class='ocrx_word' id='word_1_504' title='bbox 1159 3013 1462 3084; x_wconf 87' lang='lat' dir='ltr'><strong>vestimentorumque,</strong></span> <span class='ocrx_word' id='word_1_505' title='bbox 1493 3015 1551 3069; x_wconf 87' lang='lat' dir='ltr'><strong>sive</strong></span> <span class='ocrx_word' id='word_1_506' title='bbox 1567 3032 1654 3088; x_wconf 91' lang='lat' dir='ltr'><strong>opum</strong></span> <span class='ocrx_word' id='word_1_507' title='bbox 1685 3018 1807 3073; x_wconf 89' lang='lat' dir='ltr'><strong>diversa·</strong></span> 
     </span>
     <span class='ocr_line' id='line_1_74' title="bbox 959 3101 1806 3179; baseline 0.008 -24"><span class='ocrx_word' id='word_1_508' title='bbox 959 3117 1023 3155; x_wconf 90' lang='lat' dir='ltr'><strong>rum</strong></span> <span class='ocrx_word' id='word_1_509' title='bbox 1043 3101 1232 3171; x_wconf 88' lang='lat' dir='ltr'><strong>opulentiam,</strong></span> <span class='ocrx_word' id='word_1_510' title='bbox 1262 3101 1292 3155; x_wconf 89' lang='lat' dir='ltr'><strong>in</strong></span> <span class='ocrx_word' id='word_1_511' title='bbox 1320 3101 1407 3172; x_wconf 90' lang='lat' dir='ltr'><strong>longa</strong></span> <span class='ocrx_word' id='word_1_512' title='bbox 1425 3107 1557 3172; x_wconf 86' lang='lat' dir='ltr'><strong>tempora</strong></span> <span class='ocrx_word' id='word_1_513' title='bbox 1580 3104 1662 3160; x_wconf 90' lang='lat' dir='ltr'><strong>nobis</strong></span> <span class='ocrx_word' id='word_1_514' title='bbox 1682 3106 1806 3179; x_wconf 87' lang='lat' dir='ltr'><strong>filiisque</strong></span> 
     </span>
     <span class='ocr_line' id='line_1_75' title="bbox 959 3189 1806 3266; baseline 0.006 -21"><span class='ocrx_word' id='word_1_515' title='bbox 959 3189 1073 3255; x_wconf 90' lang='lat' dir='ltr'><strong>nostris,</strong></span> <span class='ocrx_word' id='word_1_516' title='bbox 1091 3194 1176 3261; x_wconf 91' lang='lat' dir='ltr'><strong>atque</strong></span> <span class='ocrx_word' id='word_1_517' title='bbox 1192 3190 1345 3260; x_wconf 90' lang='lat' dir='ltr'><strong>nepotibus</strong></span> <span class='ocrx_word' id='word_1_518' title='bbox 1357 3189 1558 3260; x_wconf 79' lang='lat' dir='ltr'><strong>presidentes,</strong></span> <span class='ocrx_word' id='word_1_519' title='bbox 1577 3208 1741 3266; x_wconf 89' lang='lat' dir='ltr'><strong>nomenque</strong></span> <span class='ocrx_word' id='word_1_520' title='bbox 1757 3212 1806 3251; x_wconf 91' lang='lat' dir='ltr'><strong>ne·</strong></span> 
     </span>
     <span class='ocr_line' id='line_1_76' title="bbox 960 3275 1805 3349; baseline 0.009 -19"><span class='ocrx_word' id='word_1_521' title='bbox 960 3275 1053 3331; x_wconf 86' lang='lat' dir='ltr'><strong>lande</strong></span> <span class='ocrx_word' id='word_1_522' title='bbox 1072 3275 1169 3330; x_wconf 88' lang='lat' dir='ltr'><strong>bestie</strong></span> <span class='ocrx_word' id='word_1_523' title='bbox 1184 3293 1248 3331; x_wconf 88' lang='lat' dir='ltr'><strong>cum</strong></span> <span class='ocrx_word' id='word_1_524' title='bbox 1264 3276 1373 3331; x_wconf 91' lang='lat' dir='ltr'><strong>bonore</strong></span> <span class='ocrx_word' id='word_1_525' title='bbox 1389 3281 1418 3332; x_wconf 91' lang='lat' dir='ltr'><strong>et</strong></span> <span class='ocrx_word' id='word_1_526' title='bbox 1431 3279 1597 3349; x_wconf 90' lang='lat' dir='ltr'><strong>precamine</strong></span> <span class='ocrx_word' id='word_1_527' title='bbox 1610 3281 1668 3335; x_wconf 90' lang='lat' dir='ltr'><strong>illis</strong></span> <span class='ocrx_word' id='word_1_528' title='bbox 1691 3283 1776 3338; x_wconf 91' lang='lat' dir='ltr'><strong>solito</strong></span> <span class='ocrx_word' id='word_1_529' title='bbox 1792 3285 1805 3318; x_wconf 86' lang='lat'><strong>¹¹</strong></span> 
     </span>
     <span class='ocr_line' id='line_1_77' title="bbox 960 3365 1806 3444; baseline 0.009 -26"><span class='ocrx_word' id='word_1_530' title='bbox 960 3381 1135 3419; x_wconf 84' lang='lat' dir='ltr'><strong>vrceeorum</strong></span> <span class='ocrx_word' id='word_1_531' title='bbox 1155 3365 1260 3419; x_wconf 91' lang='lat' dir='ltr'><strong>nostris</strong></span> <span class='ocrx_word' id='word_1_532' title='bbox 1288 3365 1421 3420; x_wconf 90' lang='lat' dir='ltr'><strong>manibus</strong></span> <span class='ocrx_word' id='word_1_533' title='bbox 1436 3372 1647 3438; x_wconf 82' lang='lat' dir='ltr'><strong>prenotantes3</strong></span> <span class='ocrx_word' id='word_1_534' title='bbox 1675 3371 1806 3444; x_wconf 89' lang='lat' dir='ltr'><strong>nunquid</strong></span> 
     </span>
     <span class='ocr_line' id='line_1_78' title="bbox 959 3453 1805 3524; baseline 0.008 -16"><span class='ocrx_word' id='word_1_535' title='bbox 959 3471 1017 3508; x_wconf 91' lang='lat' dir='ltr'><strong>nou</strong></span> <span class='ocrx_word' id='word_1_536' title='bbox 1043 3455 1139 3524; x_wconf 91' lang='lat' dir='ltr'><strong>patule</strong></span> <span class='ocrx_word' id='word_1_537' title='bbox 1166 3470 1271 3508; x_wconf 91' lang='lat' dir='ltr'><strong>nomen</strong></span> <span class='ocrx_word' id='word_1_538' title='bbox 1296 3453 1395 3509; x_wconf 89' lang='lat' dir='ltr'><strong>bestie</strong></span> <span class='ocrx_word' id='word_1_539' title='bbox 1418 3455 1463 3510; x_wconf 90' lang='lat' dir='ltr'><strong>his</strong></span> <span class='ocrx_word' id='word_1_540' title='bbox 1487 3454 1635 3511; x_wconf 80' lang='lat' dir='ltr'><strong>affectibus</strong></span> <span class='ocrx_word' id='word_1_541' title='bbox 1658 3459 1689 3513; x_wconf 92' lang='lat' dir='ltr'><strong>in</strong></span> <span class='ocrx_word' id='word_1_542' title='bbox 1718 3476 1805 3514; x_wconf 90' lang='lat' dir='ltr'><strong>manu</strong></span> 
     </span>
     <span class='ocr_line' id='line_1_79' title="bbox 959 3541 1807 3612; baseline 0.007 -15"><span class='ocrx_word' id='word_1_543' title='bbox 959 3542 1058 3597; x_wconf 87' lang='lat' dir='ltr'><strong>dextra</strong></span> <span class='ocrx_word' id='word_1_544' title='bbox 1083 3543 1255 3612; x_wconf 86' lang='lat' dir='ltr'><strong>portamus?</strong></span> <span class='ocrx_word' id='word_1_545' title='bbox 1281 3541 1326 3597; x_wconf 89' lang='lat' dir='ltr'><strong>Sic</strong></span> <span class='ocrx_word' id='word_1_546' title='bbox 1355 3548 1383 3596; x_wconf 90' lang='lat' dir='ltr'><strong>et</strong></span> <span class='ocrx_word' id='word_1_547' title='bbox 1407 3542 1476 3598; x_wconf 90' lang='lat' dir='ltr'><strong>dum</strong></span> <span class='ocrx_word' id='word_1_548' title='bbox 1499 3543 1535 3598; x_wconf 93' lang='lat' dir='ltr'><strong>ob</strong></span> <span class='ocrx_word' id='word_1_549' title='bbox 1564 3545 1686 3601; x_wconf 92' lang='lat' dir='ltr'><strong>honores</strong></span> <span class='ocrx_word' id='word_1_550' title='bbox 1711 3549 1807 3604; x_wconf 82' lang='lat' dir='ltr'><strong>seculi</strong></span> 
     </span>
     <span class='ocr_line' id='line_1_80' title="bbox 959 3629 1807 3702; baseline 0.009 -18"><span class='ocrx_word' id='word_1_551' title='bbox 959 3630 1060 3684; x_wconf 88' lang='lat' dir='ltr'><strong>fratres</strong></span> <span class='ocrx_word' id='word_1_552' title='bbox 1079 3645 1145 3683; x_wconf 92' lang='lat' dir='ltr'><strong>cum</strong></span> <span class='ocrx_word' id='word_1_553' title='bbox 1168 3629 1287 3684; x_wconf 90' lang='lat' dir='ltr'><strong>crimine</strong></span> <span class='ocrx_word' id='word_1_554' title='bbox 1315 3630 1431 3702; x_wconf 90' lang='lat' dir='ltr'><strong>regibus</strong></span> <span class='ocrx_word' id='word_1_555' title='bbox 1455 3631 1553 3702; x_wconf 89' lang='lat' dir='ltr'><strong>impiis</strong></span> <span class='ocrx_word' id='word_1_556' title='bbox 1574 3649 1750 3699; x_wconf 88' lang='lat' dir='ltr'><strong>accusamus,</strong></span> <span class='ocrx_word' id='word_1_557' title='bbox 1778 3642 1807 3692; x_wconf 92' lang='lat' dir='ltr'><strong>et</strong></span> 
     </span>
     <span class='ocr_line' id='line_1_81' title="bbox 959 3717 1806 3792; baseline 0.009 -20"><span class='ocrx_word' id='word_1_558' title='bbox 959 3718 1084 3772; x_wconf 81' lang='lat' dir='ltr'><strong>inimicis</strong></span> <span class='ocrx_word' id='word_1_559' title='bbox 1108 3717 1213 3770; x_wconf 89' lang='lat' dir='ltr'><strong>summi</strong></span> <span class='ocrx_word' id='word_1_560' title='bbox 1230 3717 1280 3771; x_wconf 86' lang='lat' dir='ltr'><strong>Dei</strong></span> <span class='ocrx_word' id='word_1_561' title='bbox 1294 3719 1329 3772; x_wconf 92' lang='lat' dir='ltr'><strong>ad</strong></span> <span class='ocrx_word' id='word_1_562' title='bbox 1346 3718 1533 3774; x_wconf 89' lang='lat' dir='ltr'><strong>occidendum</strong></span> <span class='ocrx_word' id='word_1_563' title='bbox 1550 3736 1667 3792; x_wconf 88' lang='lat' dir='ltr'><strong>gregem</strong></span> <span class='ocrx_word' id='word_1_564' title='bbox 1692 3725 1806 3780; x_wconf 89' lang='lat' dir='ltr'><strong>Domini</strong></span> 
     </span>
     <span class='ocr_line' id='line_1_82' title="bbox 960 3803 1806 3881; baseline 0.013 -25"><span class='ocrx_word' id='word_1_565' title='bbox 960 3803 1088 3874; x_wconf 89' lang='lat' dir='ltr'><strong>gladium</strong></span> <span class='ocrx_word' id='word_1_566' title='bbox 1104 3803 1284 3858; x_wconf 85' lang='lat' dir='ltr'><strong>revelationis</strong></span> <span class='ocrx_word' id='word_1_567' title='bbox 1293 3805 1481 3876; x_wconf 90' lang='lat' dir='ltr'><strong>porrigimus,</strong></span> <span class='ocrx_word' id='word_1_568' title='bbox 1498 3807 1691 3881; x_wconf 88' lang='lat' dir='ltr'><strong>ducatumque</strong></span> <span class='ocrx_word' id='word_1_569' title='bbox 1705 3828 1806 3867; x_wconf 90' lang='lat' dir='ltr'><strong>eornm</strong></span> 
     </span>
     <span class='ocr_line' id='line_1_83' title="bbox 960 3891 1805 3970; baseline 0.008 -25"><span class='ocrx_word' id='word_1_570' title='bbox 960 3891 1190 3946; x_wconf 89' lang='lat' dir='ltr'><strong>etministerium</strong></span> <span class='ocrx_word' id='word_1_571' title='bbox 1207 3893 1241 3947; x_wconf 90' lang='lat' dir='ltr'><strong>ad</strong></span> <span class='ocrx_word' id='word_1_572' title='bbox 1257 3892 1352 3964; x_wconf 87' lang='lat' dir='ltr'><strong>ipsum</strong></span> <span class='ocrx_word' id='word_1_573' title='bbox 1368 3892 1478 3947; x_wconf 91' lang='lat' dir='ltr'><strong>facinus</strong></span> <span class='ocrx_word' id='word_1_574' title='bbox 1502 3897 1691 3952; x_wconf 89' lang='lat' dir='ltr'><strong>exercendum</strong></span> <span class='ocrx_word' id='word_1_575' title='bbox 1719 3916 1805 3970; x_wconf 90' lang='lat' dir='ltr'><strong>pecn-</strong></span> 
     </span>
    </p>
   </div>
   <div class='ocr_carea' id='block_1_19' title="bbox 55 3979 1810 4674">
    <p class='ocr_par' dir='ltr' id='par_1_19' title="bbox 55 3979 1810 4674">
     <span class='ocr_line' id='line_1_84' title="bbox 60 3979 1805 4056; baseline 0.005 -22"><span class='ocrx_word' id='word_1_576' title='bbox 60 3983 128 4036; x_wconf 90' lang='lat' dir='ltr'><strong>stolo</strong></span> <span class='ocrx_word' id='word_1_577' title='bbox 140 3982 251 4039; x_wconf 86' lang='lat' dir='ltr'><strong>losnne</strong></span> <span class='ocrx_word' id='word_1_578' title='bbox 263 3983 437 4055; x_wconf 82' lang='lat' dir='ltr'><strong>predicante</strong></span> <span class='ocrx_word' id='word_1_579' title='bbox 461 3983 658 4056; x_wconf 89' lang='lat' dir='ltr'><strong>cognovimus.</strong></span> <span class='ocrx_word' id='word_1_580' title='bbox 679 3983 814 4055; x_wconf 83' lang='lat' dir='ltr'><strong>Quisquis</strong></span> <span class='ocrx_word' id='word_1_581' title='bbox 829 3983 907 4038; x_wconf 91' lang='lat' dir='ltr'><strong>enim</strong></span> <span class='ocrx_word' id='word_1_582' title='bbox 960 3980 1017 4035; x_wconf 88' lang='lat' dir='ltr'><strong>niis</strong></span> <span class='ocrx_word' id='word_1_583' title='bbox 1031 3979 1164 4047; x_wconf 91' lang='lat' dir='ltr'><strong>emimus,</strong></span> <span class='ocrx_word' id='word_1_584' title='bbox 1181 3980 1249 4052; x_wconf 90' lang='lat' dir='ltr'><strong>quid</strong></span> <span class='ocrx_word' id='word_1_585' title='bbox 1266 3981 1344 4036; x_wconf 87' lang='lat' dir='ltr'><strong>alivrd</strong></span> <span class='ocrx_word' id='word_1_586' title='bbox 1368 3998 1453 4054; x_wconf 86' lang='lat' dir='ltr'><strong>quam</strong></span> <span class='ocrx_word' id='word_1_587' title='bbox 1470 3997 1536 4038; x_wconf 91' lang='lat' dir='ltr'><strong>cum</strong></span> <span class='ocrx_word' id='word_1_588' title='bbox 1549 3984 1649 4040; x_wconf 85' lang='lat' dir='ltr'><strong>bestie</strong></span> <span class='ocrx_word' id='word_1_589' title='bbox 1677 3988 1805 4054; x_wconf 90' lang='lat' dir='ltr'><strong>nomine,</strong></span> 
     </span>
     <span class='ocr_line' id='line_1_85' title="bbox 58 4069 1807 4144; baseline 0.004 -21"><span class='ocrx_word' id='word_1_590' title='bbox 58 4069 204 4127; x_wconf 73' lang='lat' dir='ltr'><strong>Christum</strong></span> <span class='ocrx_word' id='word_1_591' title='bbox 223 4071 318 4144; x_wconf 88' lang='lat' dir='ltr'><strong>qualis</strong></span> <span class='ocrx_word' id='word_1_592' title='bbox 332 4072 369 4127; x_wconf 90' lang='lat' dir='ltr'><strong>ab</strong></span> <span class='ocrx_word' id='word_1_593' title='bbox 385 4072 524 4144; x_wconf 89' lang='lat' dir='ltr'><strong>apostolis</strong></span> <span class='ocrx_word' id='word_1_594' title='bbox 536 4077 580 4126; x_wconf 91' lang='lat' dir='ltr'><strong>est</strong></span> <span class='ocrx_word' id='word_1_595' title='bbox 595 4071 767 4142; x_wconf 79' lang='lat' dir='ltr'><strong>predicatus</strong></span> <span class='ocrx_word' id='word_1_596' title='bbox 781 4071 906 4142; x_wconf 86' lang='lat' dir='ltr'><strong>negavit,</strong></span> <span class='ocrx_word' id='word_1_597' title='bbox 961 4074 990 4123; x_wconf 87' lang='lat' dir='ltr'><strong>et</strong></span> <span class='ocrx_word' id='word_1_598' title='bbox 1004 4069 1166 4124; x_wconf 88' lang='lat' dir='ltr'><strong>charactere</strong></span> <span class='ocrx_word' id='word_1_599' title='bbox 1182 4069 1386 4124; x_wconf 75' lang='lat' dir='ltr'><strong>crudelissime</strong></span> <span class='ocrx_word' id='word_1_600' title='bbox 1401 4069 1470 4124; x_wconf 87' lang='lat' dir='ltr'><strong>fere</strong></span> <span class='ocrx_word' id='word_1_601' title='bbox 1489 4072 1508 4137; x_wconf 87' lang='lat'><strong>¹,</strong></span> <span class='ocrx_word' id='word_1_602' title='bbox 1525 4072 1670 4128; x_wconf 90' lang='lat' dir='ltr'><strong>nundinas</strong></span> <span class='ocrx_word' id='word_1_603' title='bbox 1690 4090 1807 4130; x_wconf 87' lang='lat' dir='ltr'><strong>exerce-</strong></span> 
     </span>
     <span class='ocr_line' id='line_1_86' title="bbox 56 4157 1808 4230; baseline 0.004 -19"><span class='ocrx_word' id='word_1_604' title='bbox 56 4159 251 4216; x_wconf 78' lang='lat' dir='ltr'><strong>Antichristus</strong></span> <span class='ocrx_word' id='word_1_605' title='bbox 270 4166 323 4216; x_wconf 89' lang='lat' dir='ltr'><strong>est.</strong></span> <span class='ocrx_word' id='word_1_606' title='bbox 341 4161 470 4216; x_wconf 86' lang='lat' dir='ltr'><strong>Nominis</strong></span> <span class='ocrx_word' id='word_1_607' title='bbox 494 4159 662 4215; x_wconf 89' lang='lat' dir='ltr'><strong>Antichristi</strong></span> <span class='ocrx_word' id='word_1_608' title='bbox 677 4159 837 4230; x_wconf 89' lang='lat' dir='ltr'><strong>proprietas</strong></span> <span class='ocrx_word' id='word_1_609' title='bbox 865 4163 909 4214; x_wconf 90' lang='lat' dir='ltr'><strong>est</strong></span> <span class='ocrx_word' id='word_1_610' title='bbox 962 4157 1284 4226; x_wconf 84' lang='lat' dir='ltr'><strong>mus,etovesl)omini</strong></span> <span class='ocrx_word' id='word_1_611' title='bbox 1302 4159 1436 4229; x_wconf 90' lang='lat' dir='ltr'><strong>luporum</strong></span> <span class='ocrx_word' id='word_1_612' title='bbox 1459 4159 1591 4216; x_wconf 91' lang='lat' dir='ltr'><strong>dentibus</strong></span> <span class='ocrx_word' id='word_1_613' title='bbox 1607 4169 1712 4217; x_wconf 89' lang='lat' dir='ltr'><strong>nostre</strong></span> <span class='ocrx_word' id='word_1_614' title='bbox 1735 4180 1808 4219; x_wconf 91' lang='lat' dir='ltr'><strong>mer·</strong></span> 
     </span>
     <span class='ocr_line' id='line_1_87' title="bbox 57 4247 1807 4319; baseline 0.004 -19"><span class='ocrx_word' id='word_1_615' title='bbox 57 4247 172 4302; x_wconf 72' lang='lat' dir='ltr'><strong>Christo</strong></span> <span class='ocrx_word' id='word_1_616' title='bbox 197 4264 259 4303; x_wconf 88' lang='lat' dir='ltr'><strong>essa</strong></span> <span class='ocrx_word' id='word_1_617' title='bbox 284 4249 452 4304; x_wconf 87' lang='lat' dir='ltr'><strong>contrarius.</strong></span> <span class='ocrx_word' id='word_1_618' title='bbox 481 4250 513 4304; x_wconf 92' lang='lat' dir='ltr'><strong>ln</strong></span> <span class='ocrx_word' id='word_1_619' title='bbox 541 4249 692 4303; x_wconf 87' lang='lat' dir='ltr'><strong>transitum</strong></span> <span class='ocrx_word' id='word_1_620' title='bbox 722 4264 789 4303; x_wconf 89' lang='lat' dir='ltr'><strong>vero</strong></span> <span class='ocrx_word' id='word_1_621' title='bbox 812 4249 907 4319; x_wconf 89' lang='lat' dir='ltr'><strong>operis</strong></span> <span class='ocrx_word' id='word_1_622' title='bbox 925 4247 1092 4319; x_wconf 66' lang='lat' dir='ltr'><strong>„simonie</strong></span> <span class='ocrx_word' id='word_1_623' title='bbox 1118 4247 1288 4317; x_wconf 89' lang='lat' dir='ltr'><strong>exponendo</strong></span> <span class='ocrx_word' id='word_1_624' title='bbox 1311 4249 1484 4318; x_wconf 80' lang='lat' dir='ltr'><strong>peccamus?</strong></span> <span class='ocrx_word' id='word_1_625' title='bbox 1512 4250 1557 4305; x_wconf 91' lang='lat' dir='ltr'><strong>Sic</strong></span> <span class='ocrx_word' id='word_1_626' title='bbox 1585 4255 1614 4305; x_wconf 93' lang='lat' dir='ltr'><strong>et</strong></span> <span class='ocrx_word' id='word_1_627' title='bbox 1641 4251 1710 4306; x_wconf 91' lang='lat' dir='ltr'><strong>dum</strong></span> <span class='ocrx_word' id='word_1_628' title='bbox 1742 4253 1807 4307; x_wconf 91' lang='lat' dir='ltr'><strong>illo·</strong></span> 
     </span>
     <span class='ocr_line' id='line_1_88' title="bbox 55 4334 1808 4410; baseline 0.004 -21"><span class='ocrx_word' id='word_1_629' title='bbox 55 4336 185 4404; x_wconf 69' lang='lat' dir='ltr'><strong>positum</strong></span> <span class='ocrx_word' id='word_1_630' title='bbox 205 4337 262 4392; x_wconf 91' lang='lat' dir='ltr'><strong>hoc</strong></span> <span class='ocrx_word' id='word_1_631' title='bbox 288 4337 528 4393; x_wconf 89' lang='lat' dir='ltr'><strong>considerandum</strong></span> <span class='ocrx_word' id='word_1_632' title='bbox 552 4337 686 4408; x_wconf 88' lang='lat' dir='ltr'><strong>prudenti</strong></span> <span class='ocrx_word' id='word_1_633' title='bbox 709 4337 808 4392; x_wconf 89' lang='lat' dir='ltr'><strong>lectori</strong></span> <span class='ocrx_word' id='word_1_634' title='bbox 829 4343 908 4391; x_wconf 92' lang='lat' dir='ltr'><strong>nota·</strong></span> <span class='ocrx_word' id='word_1_635' title='bbox 961 4352 1026 4390; x_wconf 92' lang='lat' dir='ltr'><strong>rum</strong></span> <span class='ocrx_word' id='word_1_636' title='bbox 1047 4334 1224 4390; x_wconf 83' lang='lat' dir='ltr'><strong>sacramenta</strong></span> <span class='ocrx_word' id='word_1_637' title='bbox 1248 4336 1432 4408; x_wconf 89' lang='lat' dir='ltr'><strong>inquirimus,</strong></span> <span class='ocrx_word' id='word_1_638' title='bbox 1447 4341 1477 4391; x_wconf 90' lang='lat' dir='ltr'><strong>et</strong></span> <span class='ocrx_word' id='word_1_639' title='bbox 1490 4339 1729 4410; x_wconf 90' lang='lat' dir='ltr'><strong>philosophorum</strong></span> <span class='ocrx_word' id='word_1_640' title='bbox 1750 4342 1808 4396; x_wconf 91' lang='lat' dir='ltr'><strong>imo</strong></span> 
     </span>
     <span class='ocr_line' id='line_1_89' title="bbox 55 4424 1809 4499; baseline 0.005 -23"><span class='ocrx_word' id='word_1_641' title='bbox 55 4435 134 4492; x_wconf 76' lang='lat' dir='ltr'><strong>xnus,</strong></span> <span class='ocrx_word' id='word_1_642' title='bbox 165 4424 245 4497; x_wconf 92' lang='lat' dir='ltr'><strong>quod</strong></span> <span class='ocrx_word' id='word_1_643' title='bbox 272 4440 306 4480; x_wconf 89' lang='lat' dir='ltr'><strong>ea</strong></span> <span class='ocrx_word' id='word_1_644' title='bbox 337 4441 402 4497; x_wconf 85' lang='lat' dir='ltr'><strong>que</strong></span> <span class='ocrx_word' id='word_1_645' title='bbox 431 4426 465 4481; x_wconf 89' lang='lat' dir='ltr'><strong>da</strong></span> <span class='ocrx_word' id='word_1_646' title='bbox 500 4424 676 4481; x_wconf 86' lang='lat' dir='ltr'><strong>Antichristo</strong></span> <span class='ocrx_word' id='word_1_647' title='bbox 704 4425 789 4479; x_wconf 91' lang='lat' dir='ltr'><strong>multi</strong></span> <span class='ocrx_word' id='word_1_648' title='bbox 812 4425 907 4479; x_wconf 90' lang='lat' dir='ltr'><strong>dixere</strong></span> <span class='ocrx_word' id='word_1_649' title='bbox 962 4425 1213 4495; x_wconf 90' lang='lat' dir='ltr'><strong>philocomporum</strong></span> <span class='ocrx_word' id='word_1_650' title='bbox 1225 4432 1256 4491; x_wconf 65' lang='lat'><strong>³,</strong></span> <span class='ocrx_word' id='word_1_651' title='bbox 1273 4429 1363 4478; x_wconf 90' lang='lat' dir='ltr'><strong>sectas</strong></span> <span class='ocrx_word' id='word_1_652' title='bbox 1379 4424 1450 4480; x_wconf 92' lang='lat' dir='ltr'><strong>scire</strong></span> <span class='ocrx_word' id='word_1_653' title='bbox 1465 4442 1523 4481; x_wconf 92' lang='lat' dir='ltr'><strong>non</strong></span> <span class='ocrx_word' id='word_1_654' title='bbox 1539 4444 1591 4498; x_wconf 91' lang='lat' dir='ltr'><strong>pro</strong></span> <span class='ocrx_word' id='word_1_655' title='bbox 1605 4429 1809 4499; x_wconf 89' lang='lat' dir='ltr'><strong>ipsorumcon·</strong></span> 
     </span>
     <span class='ocr_line' id='line_1_90' title="bbox 55 4511 1808 4588; baseline 0.006 -25"><span class='ocrx_word' id='word_1_656' title='bbox 55 4511 201 4581; x_wconf 86' lang='lat' dir='ltr'><strong>doctores,</strong></span> <span class='ocrx_word' id='word_1_657' title='bbox 213 4529 248 4569; x_wconf 94' lang='lat' dir='ltr'><strong>eo</strong></span> <span class='ocrx_word' id='word_1_658' title='bbox 258 4513 335 4586; x_wconf 93' lang='lat' dir='ltr'><strong>quod</strong></span> <span class='ocrx_word' id='word_1_659' title='bbox 345 4513 465 4569; x_wconf 88' lang='lat' dir='ltr'><strong>veniens</strong></span> <span class='ocrx_word' id='word_1_660' title='bbox 476 4513 627 4570; x_wconf 85' lang='lat' dir='ltr'><strong>llosaicam</strong></span> <span class='ocrx_word' id='word_1_661' title='bbox 640 4514 734 4584; x_wconf 86' lang='lat' dir='ltr'><strong>legem</strong></span> <span class='ocrx_word' id='word_1_662' title='bbox 748 4512 908 4585; x_wconf 88' lang='lat' dir='ltr'><strong>repriorere</strong></span> <span class='ocrx_word' id='word_1_663' title='bbox 963 4512 1109 4567; x_wconf 86' lang='lat' dir='ltr'><strong>vincendis</strong></span> <span class='ocrx_word' id='word_1_664' title='bbox 1125 4512 1281 4578; x_wconf 86' lang='lat' dir='ltr'><strong>erroribus,</strong></span> <span class='ocrx_word' id='word_1_665' title='bbox 1297 4512 1347 4567; x_wconf 89' lang='lat' dir='ltr'><strong>sed</strong></span> <span class='ocrx_word' id='word_1_666' title='bbox 1362 4528 1416 4584; x_wconf 89' lang='lat' dir='ltr'><strong>pro</strong></span> <span class='ocrx_word' id='word_1_667' title='bbox 1430 4514 1574 4585; x_wconf 80' lang='lat' dir='ltr'><strong>elegantia</strong></span> <span class='ocrx_word' id='word_1_668' title='bbox 1588 4517 1703 4588; x_wconf 90' lang='lat' dir='ltr'><strong>leporis,</strong></span> <span class='ocrx_word' id='word_1_669' title='bbox 1719 4522 1748 4572; x_wconf 90' lang='lat' dir='ltr'><strong>et</strong></span> <span class='ocrx_word' id='word_1_670' title='bbox 1766 4519 1808 4572; x_wconf 91' lang='lat' dir='ltr'><strong>lo·</strong></span> 
     </span>
     <span class='ocr_line' id='line_1_91' title="bbox 56 4600 1810 4674; baseline 0.002 -16"><span class='ocrx_word' id='word_1_671' title='bbox 56 4606 179 4674; x_wconf 76' lang='lat' dir='ltr'><strong>sataget,</strong></span> <span class='ocrx_word' id='word_1_672' title='bbox 195 4602 266 4659; x_wconf 90' lang='lat' dir='ltr'><strong>dum</strong></span> <span class='ocrx_word' id='word_1_673' title='bbox 278 4601 505 4658; x_wconf 89' lang='lat' dir='ltr'><strong>circumcisionis</strong></span> <span class='ocrx_word' id='word_1_674' title='bbox 527 4601 665 4673; x_wconf 84' lang='lat' dir='ltr'><strong>injuriam</strong></span> <span class='ocrx_word' id='word_1_675' title='bbox 680 4601 717 4656; x_wconf 95' lang='lat' dir='ltr'><strong>ob</strong></span> <span class='ocrx_word' id='word_1_676' title='bbox 741 4601 908 4656; x_wconf 89' lang='lat' dir='ltr'><strong>firmitatem</strong></span> <span class='ocrx_word' id='word_1_677' title='bbox 963 4602 1077 4656; x_wconf 89' lang='lat' dir='ltr'><strong>cutione</strong></span> <span class='ocrx_word' id='word_1_678' title='bbox 1091 4601 1252 4656; x_wconf 88' lang='lat' dir='ltr'><strong>luculenter</strong></span> <span class='ocrx_word' id='word_1_679' title='bbox 1264 4600 1380 4668; x_wconf 86' lang='lat' dir='ltr'><strong>diserta,</strong></span> <span class='ocrx_word' id='word_1_680' title='bbox 1396 4602 1533 4670; x_wconf 87' lang='lat' dir='ltr'><strong>neglectis</strong></span> <span class='ocrx_word' id='word_1_681' title='bbox 1549 4605 1654 4659; x_wconf 89' lang='lat' dir='ltr'><strong>sanctis</strong></span> <span class='ocrx_word' id='word_1_682' title='bbox 1679 4605 1810 4661; x_wconf 90' lang='lat' dir='ltr'><strong>lectioni-</strong></span> 
     </span>
    </p>
   </div>
   <div class='ocr_carea' id='block_1_20' title="bbox 107 4784 1812 4868">
    <p class='ocr_par' dir='ltr' id='par_1_20' title="bbox 107 4784 1812 4868">
     <span class='ocr_line' id='line_1_92' title="bbox 107 4784 1812 4868; baseline 0.001 -27"><span class='ocrx_word' id='word_1_683' title='bbox 107 4788 157 4841; x_wconf 79' lang='lat' dir='ltr'><strong>¹l·&#39;.</strong></span> <span class='ocrx_word' id='word_1_684' title='bbox 172 4787 356 4858; x_wconf 81' lang='lat' dir='ltr'><strong>deploramus.</strong></span> <span class='ocrx_word' id='word_1_685' title='bbox 372 4786 474 4868; x_wconf 88' lang='lat' dir='ltr'><strong>Supra.</strong></span> <span class='ocrx_word' id='word_1_686' title='bbox 497 4802 527 4843; x_wconf 90' lang='lat' dir='ltr'><strong>n.</strong></span> <span class='ocrx_word' id='word_1_687' title='bbox 553 4789 598 4853; x_wconf 72' lang='lat' dir='ltr'><strong>it,</strong></span> <span class='ocrx_word' id='word_1_688' title='bbox 626 4786 769 4855; x_wconf 67' lang='lat' dir='ltr'><strong>difflorata</strong></span> <span class='ocrx_word' id='word_1_689' title='bbox 799 4787 910 4841; x_wconf 85' lang='lat' dir='ltr'><strong>oraculo</strong></span> <span class='ocrx_word' id='word_1_690' title='bbox 964 4786 1026 4854; x_wconf 87' lang='lat' dir='ltr'><strong>quis</strong></span> <span class='ocrx_word' id='word_1_691' title='bbox 1040 4785 1126 4853; x_wconf 86' lang='lat' dir='ltr'><strong>possit</strong></span> <span class='ocrx_word' id='word_1_692' title='bbox 1140 4798 1234 4847; x_wconf 77' lang='lat' dir='ltr'><strong>onere,</strong></span> <span class='ocrx_word' id='word_1_693' title='bbox 1251 4789 1299 4839; x_wconf 87' lang='lat' dir='ltr'><strong>aut</strong></span> <span class='ocrx_word' id='word_1_694' title='bbox 1313 4784 1438 4851; x_wconf 73' lang='lat' dir='ltr'><strong>oeudue,</strong></span> <span class='ocrx_word' id='word_1_695' title='bbox 1462 4787 1518 4840; x_wconf 85' lang='lat' dir='ltr'><strong>nisi</strong></span> <span class='ocrx_word' id='word_1_696' title='bbox 1533 4788 1581 4855; x_wconf 87' lang='lat' dir='ltr'><strong>qui</strong></span> <span class='ocrx_word' id='word_1_697' title='bbox 1609 4787 1690 4843; x_wconf 82' lang='lat' dir='ltr'><strong>babet</strong></span> <span class='ocrx_word' id='word_1_698' title='bbox 1715 4788 1812 4842; x_wconf 72' lang='lat' dir='ltr'><strong>ebore</strong></span> 
     </span>
    </p>
   </div>
   <div class='ocr_carea' id='block_1_21' title="bbox 71 4851 907 5185">
    <p class='ocr_par' dir='ltr' id='par_1_21' title="bbox 71 4851 907 5185">
     <span class='ocr_line' id='line_1_93' title="bbox 71 4851 811 4967; baseline 0 -58"><span class='ocrx_word' id='word_1_699' title='bbox 71 4851 206 4967; x_wconf 47' lang='lat' dir='ltr'><strong>lqimosq</strong></span> <span class='ocrx_word' id='word_1_700' title='bbox 217 4858 267 4943; x_wconf 74' lang='lat' dir='ltr'><strong>sed</strong></span> <span class='ocrx_word' id='word_1_701' title='bbox 283 4873 317 4912; x_wconf 86' lang='lat' dir='ltr'><strong>ea</strong></span> <span class='ocrx_word' id='word_1_702' title='bbox 327 4863 579 4929; x_wconf 86' lang='lat' dir='ltr'><strong>nuncrmportuna</strong></span> <span class='ocrx_word' id='word_1_703' title='bbox 593 4856 673 4911; x_wconf 93' lang='lat' dir='ltr'><strong>notio</strong></span> <span class='ocrx_word' id='word_1_704' title='bbox 689 4857 811 4913; x_wconf 85' lang='lat' dir='ltr'><strong>videtur.</strong></span> 
     </span>
     <span class='ocr_line' id='line_1_94' title="bbox 111 4928 673 5080; baseline -0.002 -29"><span class='ocrx_word' id='word_1_705' title='bbox 111 4928 523 5080; x_wconf 54' lang='lat' dir='ltr'><strong>iustissimum</strong></span> <span class='ocrx_word' id='word_1_706' title='bbox 539 4945 568 4983; x_wconf 74' lang='lat'><strong>¹²·</strong></span> <span class='ocrx_word' id='word_1_707' title='bbox 667 5067 673 5080; x_wconf 53' lang='grc'>,</span> 
     </span>
     <span class='ocr_line' id='line_1_95' title="bbox 89 5065 907 5185; baseline -0.002 -62"><span class='ocrx_word' id='word_1_708' title='bbox 89 5065 121 5185; x_wconf 47' lang='lat' dir='ltr'><strong>al</strong></span> <span class='ocrx_word' id='word_1_709' title='bbox 134 5071 158 5126; x_wconf 94' lang='lat' dir='ltr'><strong>l.</strong></span> <span class='ocrx_word' id='word_1_710' title='bbox 174 5072 200 5126; x_wconf 88' lang='lat' dir='ltr'><strong>si</strong></span> <span class='ocrx_word' id='word_1_711' title='bbox 212 5071 321 5140; x_wconf 86' lang='lat' dir='ltr'><strong>aliquos</strong></span> <span class='ocrx_word' id='word_1_712' title='bbox 334 5085 368 5124; x_wconf 89' lang='lat' dir='ltr'><strong>ax</strong></span> <span class='ocrx_word' id='word_1_713' title='bbox 388 5071 519 5139; x_wconf 75' lang='lat' dir='ltr'><strong>Hieron,</strong></span> <span class='ocrx_word' id='word_1_714' title='bbox 536 5068 585 5125; x_wconf 93' lang='lat' dir='ltr'><strong>lib.</strong></span> <span class='ocrx_word' id='word_1_715' title='bbox 604 5085 642 5139; x_wconf 90' lang='grc' dir='ltr'><strong>ιι,</strong></span> <span class='ocrx_word' id='word_1_716' title='bbox 666 5085 696 5123; x_wconf 87' lang='grc' dir='ltr'><strong>ιιι</strong></span> <span class='ocrx_word' id='word_1_717' title='bbox 715 5067 823 5134; x_wconf 77' lang='lat' dir='ltr'><strong>uoltu,</strong></span> <span class='ocrx_word' id='word_1_718' title='bbox 845 5082 907 5139; x_wconf 89' lang='lat' dir='ltr'><strong>cap.</strong></span> 
     </span>
    </p>
   </div>
   <div class='ocr_carea' id='block_1_22' title="bbox 13 5177 324 5266">
    <p class='ocr_par' dir='ltr' id='par_1_22' title="bbox 13 5177 324 5266">
     <span class='ocr_line' id='line_1_96' title="bbox 13 5177 324 5266; baseline 0.01 -4"><span class='ocrx_word' id='word_1_719' title='bbox 13 5234 18 5262; x_wconf 70' lang='grc' dir='ltr'>ι</span> <span class='ocrx_word' id='word_1_720' title='bbox 112 5177 160 5264; x_wconf 52' lang='grc' dir='ltr'><strong>Ὗ.</strong></span> <span class='ocrx_word' id='word_1_721' title='bbox 175 5210 324 5266; x_wconf 86' lang='lat' dir='ltr'><strong>doctorum.</strong></span> 
     </span>
    </p>
   </div>
   <div class='ocr_carea' id='block_1_23' title="bbox 113 5275 910 5354">
    <p class='ocr_par' dir='ltr' id='par_1_23' title="bbox 113 5275 910 5354">
     <span class='ocr_line' id='line_1_97' title="bbox 113 5275 910 5354; baseline -0.004 -19"><span class='ocrx_word' id='word_1_722' title='bbox 113 5275 189 5347; x_wconf 79' lang='lat' dir='ltr'><strong>&#39;lts.,</strong></span> <span class='ocrx_word' id='word_1_723' title='bbox 215 5296 271 5335; x_wconf 82' lang='lat' dir='ltr'><strong>riou</strong></span> <span class='ocrx_word' id='word_1_724' title='bbox 297 5296 370 5337; x_wconf 87' lang='lat' dir='ltr'><strong>num.</strong></span> <span class='ocrx_word' id='word_1_725' title='bbox 395 5280 551 5354; x_wconf 91' lang='lat' dir='ltr'><strong>legendum</strong></span> <span class='ocrx_word' id='word_1_726' title='bbox 569 5284 666 5336; x_wconf 88' lang='lat' dir='ltr'><strong>autern</strong></span> <span class='ocrx_word' id='word_1_727' title='bbox 697 5282 845 5336; x_wconf 84' lang='lat' dir='ltr'><strong>ll&#39;ounum:</strong></span> <span class='ocrx_word' id='word_1_728' title='bbox 877 5294 910 5332; x_wconf 92' lang='lat' dir='ltr'><strong>ex</strong></span> 
     </span>
    </p>
   </div>
   <div class='ocr_carea' id='block_1_24' title="bbox 13 5343 451 5477">
    <p class='ocr_par' dir='ltr' id='par_1_24' title="bbox 13 5343 451 5477">
     <span class='ocr_line' id='line_1_98' title="bbox 89 5343 399 5422; baseline 0.026 -24"><span class='ocrx_word' id='word_1_729' title='bbox 89 5343 148 5402; x_wconf 72' lang='lat' dir='ltr'><strong>heus</strong></span> <span class='ocrx_word' id='word_1_730' title='bbox 162 5368 241 5406; x_wconf 91' lang='lat' dir='ltr'><strong>num.</strong></span> <span class='ocrx_word' id='word_1_731' title='bbox 251 5353 279 5416; x_wconf 78' lang='grc'><strong>9,</strong></span> <span class='ocrx_word' id='word_1_732' title='bbox 293 5367 321 5422; x_wconf 91' lang='lat' dir='ltr'><strong>p.</strong></span> <span class='ocrx_word' id='word_1_733' title='bbox 337 5354 399 5406; x_wconf 72' lang='lat'><strong>233.</strong></span> 
     </span>
     <span class='ocr_line' id='line_1_99' title="bbox 13 5422 451 5477; baseline 0.018 -10"><span class='ocrx_word' id='word_1_734' title='bbox 13 5427 29 5451; x_wconf 60' lang='grc' dir='ltr'><strong>τ·</strong></span> <span class='ocrx_word' id='word_1_735' title='bbox 112 5422 193 5477; x_wconf 83' lang='lat' dir='ltr'><strong>slis..</strong></span> <span class='ocrx_word' id='word_1_736' title='bbox 209 5439 229 5477; x_wconf 88' lang='grc' dir='ltr'><strong>ιι</strong></span> <span class='ocrx_word' id='word_1_737' title='bbox 242 5423 451 5477; x_wconf 83' lang='lat' dir='ltr'><strong>comessuillos.</strong></span> 
     </span>
    </p>
   </div>
   <div class='ocr_carea' id='block_1_25' title="bbox 964 4855 1815 5494">
    <p class='ocr_par' dir='ltr' id='par_1_25' title="bbox 964 4855 1810 5052">
     <span class='ocr_line' id='line_1_100' title="bbox 964 4855 1810 4926; baseline 0.002 -16"><span class='ocrx_word' id='word_1_738' title='bbox 964 4862 1072 4922; x_wconf 81' lang='lat' dir='ltr'><strong>starem,</strong></span> <span class='ocrx_word' id='word_1_739' title='bbox 1097 4860 1145 4908; x_wconf 87' lang='lat' dir='ltr'><strong>out</strong></span> <span class='ocrx_word' id='word_1_740' title='bbox 1158 4869 1252 4909; x_wconf 83' lang='lat' dir='ltr'><strong>nomen</strong></span> <span class='ocrx_word' id='word_1_741' title='bbox 1264 4855 1363 4921; x_wconf 81' lang='lat' dir='ltr'><strong>bestie,</strong></span> <span class='ocrx_word' id='word_1_742' title='bbox 1382 4862 1430 4910; x_wconf 87' lang='lat' dir='ltr'><strong>out</strong></span> <span class='ocrx_word' id='word_1_743' title='bbox 1446 4871 1587 4911; x_wconf 82' lang='lat' dir='ltr'><strong>numerum</strong></span> <span class='ocrx_word' id='word_1_744' title='bbox 1606 4861 1723 4913; x_wconf 83' lang='lat' dir='ltr'><strong>nominis</strong></span> <span class='ocrx_word' id='word_1_745' title='bbox 1740 4859 1810 4926; x_wconf 86' lang='lat' dir='ltr'><strong>ejus,</strong></span> 
     </span>
     <span class='ocr_line' id='line_1_101' title="bbox 964 4925 1808 4997; baseline 0.004 -17"><span class='ocrx_word' id='word_1_746' title='bbox 964 4941 1026 4997; x_wconf 88' lang='lat' dir='ltr'><strong>cap.</strong></span> <span class='ocrx_word' id='word_1_747' title='bbox 1045 4927 1087 4979; x_wconf 80' lang='lat' dir='ltr'><strong>ts.</strong></span> <span class='ocrx_word' id='word_1_748' title='bbox 1105 4925 1179 4980; x_wconf 88' lang='lat' dir='ltr'><strong>Hinc</strong></span> <span class='ocrx_word' id='word_1_749' title='bbox 1193 4925 1264 4978; x_wconf 88' lang='lat' dir='ltr'><strong>forte</strong></span> <span class='ocrx_word' id='word_1_750' title='bbox 1289 4925 1337 4978; x_wconf 91' lang='lat' dir='ltr'><strong>ubi</strong></span> <span class='ocrx_word' id='word_1_751' title='bbox 1363 4926 1411 4980; x_wconf 87' lang='lat' dir='ltr'><strong>bis.</strong></span> <span class='ocrx_word' id='word_1_752' title='bbox 1428 4928 1566 4982; x_wconf 78' lang='lat' dir='ltr'><strong>inmunem</strong></span> <span class='ocrx_word' id='word_1_753' title='bbox 1589 4931 1684 4996; x_wconf 82' lang='lat' dir='ltr'><strong>omine,</strong></span> <span class='ocrx_word' id='word_1_754' title='bbox 1713 4928 1808 4996; x_wconf 87' lang='lat' dir='ltr'><strong>legen·</strong></span> 
     </span>
     <span class='ocr_line' id='line_1_102' title="bbox 965 4997 1330 5052; baseline -0.008 -1"><span class='ocrx_word' id='word_1_755' title='bbox 965 4997 1033 5052; x_wconf 90' lang='lat' dir='ltr'><strong>dum</strong></span> <span class='ocrx_word' id='word_1_756' title='bbox 1049 5012 1055 5049; x_wconf 93' lang='lat'>:</span> <span class='ocrx_word' id='word_1_757' title='bbox 1071 4998 1199 5049; x_wconf 83' lang='lat' dir='ltr'><strong>immunis</strong></span> <span class='ocrx_word' id='word_1_758' title='bbox 1215 4999 1330 5050; x_wconf 81' lang='lat' dir='ltr'><strong>nomine.</strong></span> 
     </span>
    </p>

    <p class='ocr_par' dir='ltr' id='par_1_26' title="bbox 1001 5067 1585 5138">
     <span class='ocr_line' id='line_1_103' title="bbox 1001 5067 1585 5138; baseline 0 -18"><span class='ocrx_word' id='word_1_759' title='bbox 1001 5068 1009 5102; x_wconf 82' lang='lat'><strong>¹</strong></span> <span class='ocrx_word' id='word_1_760' title='bbox 1023 5067 1085 5134; x_wconf 83' lang='lat' dir='ltr'><strong>bls,</strong></span> <span class='ocrx_word' id='word_1_761' title='bbox 1099 5067 1129 5119; x_wconf 86' lang='lat' dir='ltr'><strong>iu</strong></span> <span class='ocrx_word' id='word_1_762' title='bbox 1142 5067 1295 5135; x_wconf 81' lang='lat' dir='ltr'><strong>principale</strong></span> <span class='ocrx_word' id='word_1_763' title='bbox 1308 5068 1431 5135; x_wconf 81' lang='lat' dir='ltr'><strong>operis...</strong></span> <span class='ocrx_word' id='word_1_764' title='bbox 1450 5071 1480 5122; x_wconf 83' lang='lat' dir='ltr'><strong>in</strong></span> <span class='ocrx_word' id='word_1_765' title='bbox 1494 5083 1585 5138; x_wconf 84' lang='lat' dir='ltr'><strong>opera.</strong></span> 
     </span>
    </p>

    <p class='ocr_par' dir='ltr' id='par_1_27' title="bbox 1010 5137 1412 5205">
     <span class='ocr_line' id='line_1_104' title="bbox 1010 5137 1412 5205; baseline 0.002 -14"><span class='ocrx_word' id='word_1_766' title='bbox 1010 5159 1017 5202; x_wconf 76' lang='grc' dir='ltr'>ι</span> <span class='ocrx_word' id='word_1_767' title='bbox 1032 5137 1072 5191; x_wconf 89' lang='lat' dir='ltr'><strong>lta</strong></span> <span class='ocrx_word' id='word_1_768' title='bbox 1087 5141 1156 5189; x_wconf 85' lang='lat' dir='ltr'><strong>tunc</strong></span> <span class='ocrx_word' id='word_1_769' title='bbox 1167 5151 1218 5205; x_wconf 92' lang='lat' dir='ltr'><strong>pro</strong></span> <span class='ocrx_word' id='word_1_770' title='bbox 1233 5153 1285 5192; x_wconf 83' lang='lat' dir='ltr'><strong>nors</strong></span> <span class='ocrx_word' id='word_1_771' title='bbox 1298 5137 1412 5192; x_wconf 85' lang='lat' dir='ltr'><strong>modico.</strong></span> 
     </span>
    </p>

    <p class='ocr_par' dir='ltr' id='par_1_28' title="bbox 1002 5207 1226 5272">
     <span class='ocr_line' id='line_1_105' title="bbox 1002 5207 1226 5272; baseline 0 -12"><span class='ocrx_word' id='word_1_772' title='bbox 1002 5207 1016 5240; x_wconf 82' lang='lat'><strong>¹¹</strong></span> <span class='ocrx_word' id='word_1_773' title='bbox 1035 5207 1097 5272; x_wconf 75' lang='lat' dir='ltr'><strong>its,</strong></span> <span class='ocrx_word' id='word_1_774' title='bbox 1107 5207 1226 5260; x_wconf 82' lang='lat' dir='ltr'><strong>solitum.</strong></span> 
     </span>
    </p>

    <p class='ocr_par' dir='ltr' id='par_1_29' title="bbox 1002 5276 1386 5344">
     <span class='ocr_line' id='line_1_106' title="bbox 1002 5276 1386 5344; baseline 0 -13"><span class='ocrx_word' id='word_1_775' title='bbox 1002 5277 1010 5310; x_wconf 90' lang='lat'>¹</span> <span class='ocrx_word' id='word_1_776' title='bbox 1030 5277 1091 5344; x_wconf 71' lang='lat' dir='ltr'><strong>lde,</strong></span> <span class='ocrx_word' id='word_1_777' title='bbox 1104 5276 1289 5332; x_wconf 82' lang='lat' dir='ltr'><strong>crudelissime</strong></span> <span class='ocrx_word' id='word_1_778' title='bbox 1303 5279 1386 5344; x_wconf 76' lang='lat' dir='ltr'><strong>serre</strong></span> 
     </span>
    </p>

    <p class='ocr_par' dir='ltr' id='par_1_30' title="bbox 967 5347 1815 5494">
     <span class='ocr_line' id='line_1_107' title="bbox 1001 5347 1814 5422; baseline 0.006 -22"><span class='ocrx_word' id='word_1_779' title='bbox 1001 5355 1021 5382; x_wconf 79' lang='lat'><strong>¹¹¹</strong></span> <span class='ocrx_word' id='word_1_780' title='bbox 1032 5347 1062 5402; x_wconf 93' lang='lat' dir='ltr'><strong>ld</strong></span> <span class='ocrx_word' id='word_1_781' title='bbox 1075 5352 1126 5413; x_wconf 84' lang='lat' dir='ltr'><strong>est,</strong></span> <span class='ocrx_word' id='word_1_782' title='bbox 1137 5362 1196 5402; x_wconf 92' lang='lat' dir='ltr'><strong>non</strong></span> <span class='ocrx_word' id='word_1_783' title='bbox 1209 5354 1370 5403; x_wconf 87' lang='lat' dir='ltr'><strong>amatorum</strong></span> <span class='ocrx_word' id='word_1_784' title='bbox 1386 5348 1532 5416; x_wconf 84' lang='lat' dir='ltr'><strong>scientie(</strong></span> <span class='ocrx_word' id='word_1_785' title='bbox 1555 5349 1611 5403; x_wconf 89' lang='lat' dir='ltr'><strong>uod</strong></span> <span class='ocrx_word' id='word_1_786' title='bbox 1623 5347 1814 5422; x_wconf 91' lang='lat' dir='ltr'><strong>philosophus</strong></span> 
     </span>
     <span class='ocr_line' id='line_1_108' title="bbox 967 5418 1815 5494; baseline 0.002 -23"><span class='ocrx_word' id='word_1_787' title='bbox 967 5421 1070 5487; x_wconf 90' lang='lat' dir='ltr'><strong>sonat),</strong></span> <span class='ocrx_word' id='word_1_788' title='bbox 1105 5418 1155 5472; x_wconf 90' lang='lat' dir='ltr'><strong>sed</strong></span> <span class='ocrx_word' id='word_1_789' title='bbox 1182 5423 1342 5473; x_wconf 90' lang='lat' dir='ltr'><strong>amatorum</strong></span> <span class='ocrx_word' id='word_1_790' title='bbox 1369 5419 1524 5488; x_wconf 80' lang='lat' dir='ltr'><strong>jactantie.</strong></span> <span class='ocrx_word' id='word_1_791' title='bbox 1569 5435 1584 5473; x_wconf 93' lang='lat' dir='ltr'><strong>x</strong></span> <span class='ocrx_word' id='word_1_792' title='bbox 1612 5437 1715 5491; x_wconf 90' lang='lat' dir='ltr'><strong>greco,</strong></span> <span class='ocrx_word' id='word_1_793' title='bbox 1746 5420 1815 5494; x_wconf 68' lang='lat' dir='ltr'><strong>pite</strong></span> 
     </span>
    </p>
   </div>
   <div class='ocr_carea' id='block_1_26' title="bbox 111 5487 1453 5564">
    <p class='ocr_par' dir='ltr' id='par_1_31' title="bbox 111 5487 1453 5564">
     <span class='ocr_line' id='line_1_109' title="bbox 111 5487 1453 5564; baseline -0.004 -15"><span class='ocrx_word' id='word_1_794' title='bbox 111 5491 178 5549; x_wconf 71' lang='lat' dir='ltr'><strong>hAd</strong></span> <span class='ocrx_word' id='word_1_795' title='bbox 200 5491 276 5548; x_wconf 90' lang='lat' dir='ltr'><strong>illud</strong></span> <span class='ocrx_word' id='word_1_796' title='bbox 294 5493 396 5548; x_wconf 86' lang='lat' dir='ltr'><strong>alludit</strong></span> <span class='ocrx_word' id='word_1_797' title='bbox 414 5491 609 5564; x_wconf 83' lang='lat' dir='ltr'><strong>Apocalypsis,</strong></span> <span class='ocrx_word' id='word_1_798' title='bbox 638 5491 689 5546; x_wconf 93' lang='lat' dir='ltr'><strong>ubi</strong></span> <span class='ocrx_word' id='word_1_799' title='bbox 716 5489 843 5546; x_wconf 91' lang='lat' dir='ltr'><strong>dicitur:</strong></span> <span class='ocrx_word' id='word_1_800' title='bbox 876 5493 914 5546; x_wconf 84' lang='lat' dir='ltr'><strong>lle</strong></span> <span class='ocrx_word' id='word_1_801' title='bbox 967 5507 1065 5560; x_wconf 77' lang='grc' dir='ltr'>κομπος</span> <span class='ocrx_word' id='word_1_802' title='bbox 1080 5487 1108 5542; x_wconf 94' lang='lat' dir='ltr'><strong>id</strong></span> <span class='ocrx_word' id='word_1_803' title='bbox 1124 5489 1317 5559; x_wconf 80' lang='lat' dir='ltr'><strong>estjeotsutie</strong></span> <span class='ocrx_word' id='word_1_804' title='bbox 1333 5495 1453 5543; x_wconf 87' lang='lat' dir='ltr'><strong>amator.</strong></span> 
     </span>
    </p>
   </div>
   <div class='ocr_carea' id='block_1_27' title="bbox 245 5590 516 5656">
    <p class='ocr_par' dir='ltr' id='par_1_32' title="bbox 245 5590 516 5656">
     <span class='ocr_line' id='line_1_110' title="bbox 245 5590 516 5656; baseline -0.004 0"><span class='ocrx_word' id='word_1_805' title='bbox 245 5590 384 5656; x_wconf 77' lang='lat' dir='ltr'><strong>Parnon.</strong></span> <span class='ocrx_word' id='word_1_806' title='bbox 410 5590 516 5655; x_wconf 79' lang='lat' dir='ltr'><strong>cxxi.</strong></span> 
     </span>
    </p>
   </div>
   <div class='ocr_carea' id='block_1_28' title="bbox 1619 5597 1659 5655">
    <p class='ocr_par' dir='ltr' id='par_1_33' title="bbox 1619 5597 1659 5655">
     <span class='ocr_line' id='line_1_111' title="bbox 1619 5597 1659 5655; baseline 0 0"><span class='ocrx_word' id='word_1_807' title='bbox 1619 5597 1659 5655; x_wconf 80' lang='lat'><strong>{8</strong></span> 
     </span>
    </p>
   </div>
   <div class='ocr_carea' id='block_1_29' title="bbox 0 0 1970 6098">
    <p class='ocr_par' dir='ltr' id='par_1_34' title="bbox 0 0 1970 6098">
     <span class='ocr_line' id='line_1_112' title="bbox 0 0 1970 6098; baseline 0 0"><span class='ocrx_word' id='word_1_808' title='bbox 0 0 1970 6098; x_wconf 95' lang='lat' dir='ltr'><strong> </strong></span> 
     </span>
    </p>
   </div>
  </div>
 </body>
</html>
