3930 6098
55 222 106 274 ¹⁰5
489 224 534 281 BE
553 222 716 281 CORPORE
737 223 782 281 ΕΤ
799 223 970 281 seruulus
991 222 1122 280 nortui.
1134 254 1169 264 -
1181 225 1374 287 PRAEFh'l'lO.
1754 239 1804 296 roo

53 356 196 413 stinerum
231 355 410 412 successione
449 359 477 414 et
510 360 602 427 statu,
634 374 701 431 pag.
737 357 782 428 46,
814 357 829 430 5
865 358 944 414 raa
999 356 1095 413 Sirtus
1117 358 1260 430 Senensis,
1290 363 1714 440 exordiueBominicanorum,
1730 388 1806 428 auno

55 445 309 501 verumenimvero
324 445 443 517 hujusce
459 445 527 502 libri
539 447 676 518 anonymi
693 446 834 520 σφάλματα
851 463 904 502 nec
959 449 1037 512 1566,
1055 447 1138 502 tertio
1164 449 1277 504 circiter
1305 455 1370 523 post
1391 454 1611 512 celebrationem
1642 460 1803 529 perlectam

52 534 165 590 felicius
189 550 242 590 uec
256 534 417 604 expeditius
440 535 565 606 perspici
590 540 618 589 et
631 535 755 608 intelligi
784 538 904 607 possunt
957 535 1070 590 concilii
1098 536 1269 604 Tridentini,
1299 555 1359 593 non
1387 543 1478 613 magis
1504 544 1579 598 civili
1605 561 1657 600 nec
1680 547 1807 620 propitia

54 639 141 694 quam
160 638 194 676 cx
217 622 395 693 autographo
410 623 518 693 publici
541 623 617 694 juris
643 624 748 679 factoa
770 623 903 679 lesuitico
958 639 1044 678 manu
1061 623 1166 694 excipit
1180 625 1271 680 insua
1282 627 1450 697 praefatione
1481 631 1661 689 Bibliotheca
1690 634 1801 691 Sanctae

54 711 130 765 socio
144 711 268 766 Cellotio
279 726 344 765 curn
360 715 493 766 notarum
506 716 534 767 et
558 711 787 768 adversariorum
808 712 903 768 densis
958 728 1044 784 quam
1058 713 1108 768 pio
1122 714 1142 768 V
1157 713 1311 785 inscripsit.
1329 715 1361 770 ln
1376 732 1434 787 qua
1444 723 1594 791 postquam
1610 723 1802 778 mortificante

55 797 276 853 accessionibus.
957 801 1067 856 calamo
1089 807 1117 857 et
1145 802 1332 859 mordacitate
1358 806 1506 862 charitatis
1529 808 1621 864 diluto
1649 816 1802 883 exaggerat

89 886 215 957 iusuper
243 885 421 957 sigebertus,
445 887 605 943 monachus
632 887 856 956 Gemblacensis,
877 888 906 941 et
959 889 1097 946 audacem
1117 891 1300 948 insolentiam
1324 895 1557 967 protestantium,
1585 897 1634 969 qni
1661 897 1806 956 fabricatis

56 976 219 1030 continenti
242 981 373 1046 tempure
397 976 488 1030 sancti
514 976 657 1031 vincentii
685 976 825 1040 ldeteusis,
855 975 905 1047 qui
959 979 1040 1033 libris
1066 978 1211 1050 edespotis
1235 984 1262 1036 et
1290 983 1494 1054 pseudonymis
1517 1000 1576 1039 srrae
1609 988 1806 1056 superstitioni

56 1066 175 1121 ineunte
189 1064 361 1121 duodecimo
375 1065 479 1120 saecrrlo
494 1064 574 1133 vixit,
599 1071 628 1120 et
649 1066 773 1121 loannes
795 1065 905 1120 'frithe-
959 1066 1091 1139 propitiis
1115 1069 1244 1124 Ecclesiae
1260 1069 1404 1126 catholicae
1427 1071 1587 1127 doctrinam
1616 1073 1805 1145 impetebant,

55 1154 141 1222 anius,
167 1153 253 1209 initio
282 1153 377 1208 saeculi
403 1153 508 1209 decimi
539 1153 633 1226 quinti
660 1154 747 1210 abbas
774 1153 905 1225 Spaube·
959 1156 1077 1211 nomine
1102 1160 1130 1211 et
1152 1157 1288 1229 panoplia
1312 1164 1441 1215 veterum
1467 1162 1582 1216 patrum
1597 1161 1746 1228 indusiati,
1775 1162 1806 1217 iu

56 1241 200 1309 ruiensis,
240 1242 272 1296 in
312 1241 372 1297 stris
410 1241 444 1296 de
479 1242 669 1313 scriptoribus
705 1242 907 1298 Ecclesiasticis
960 1261 1084 1316 quorum
1101 1261 1222 1300 numero
1252 1252 1410 1317 aggregant
1437 1248 1541 1303 librum
1566 1250 1736 1320 praedictum
1751 1250 1806 1306 ua·
1919 1304 1927 1318 ,

55 1333 300 1404 §septuagesimam
330 1330 517 1385 ltetramnum
547 1330 623 1385 inter
652 1331 805 1403 scriptores
842 1345 907 1385 sere
960 1333 1076 1393 tremui,
1098 1333 1183 1400 «δία,
1209 1332 1303 1405 inquit
1317 1334 1413 1390 Sixtus
1432 1336 1574 1404 Senensis,
1597 1337 1737 1409 proximis
1749 1353 1804 1392 an-

56 1420 122 1476 fidei
150 1436 185 1475 ec
208 1418 359 1474 catholicas
377 1417 542 1474 defensores
571 1419 712 1490 referunt,
734 1424 763 1474 et
791 1419 908 1490 ejusli-
961 1420 1005 1474 nis
1031 1419 1226 1491 perniciosum
1255 1420 1470 1493 OEcolampadii
1498 1423 1634 1479 volrrmen
1669 1424 1806 1480 adversus

57 1509 139 1564 brum
159 1509 196 1564 de
210 1510 338 1580 Corpore
351 1512 379 1563 et
401 1507 545 1580 Sanguine
562 1506 687 1576 Bomini,
715 1508 908 1578 conscriptum
962 1511 1171 1563 sacramentum
1192 1509 1320 1580 corporis
1335 1509 1440 1565 Christi
1455 1511 1641 1582 invulgarunt
1654 1513 1707 1567 snb
1722 1511 1806 1569 titulo

55 1600 136 1669 iussu
150 1597 248 1652 Caroli
271 1596 348 1652 Calvi
368 1596 559 1668 imperatoris,
589 1596 660 1651 uirili
679 1595 834 1666 suspicioni
849 1597 905 1650 lire·
963 1596 1272 1668 Bertramipresbyteri
1287 1597 1321 1652 de
1342 1598 1469 1670 Corpore
1490 1599 1809 1672 etSenguiue‘Bomini

58 1686 126 1741 resis
150 1685 312 1741 obnoxium
331 1689 381 1740 aut
409 1684 545 1740 adsersus
573 1685 600 1741 S.
630 1684 813 1739 paschasium
842 1683 908 1738 scri·
962 1685 1145 1741 adCarolum
1161 1685 1305 1756 lfagnum.
1324 1706 1338 1734 »

58 1779 137 1846 ptum
153 1774 199 1829 rel
216 1773 368 1829 sententia
383 1774 512 1828 Ecclesia
527 1773 673 1828 catholicae
697 1773 755 1827 ulla
780 1788 813 1827 ex
828 1777 908 1845 parte
998 1771 1079 1827 Brevi
1094 1771 1362 1843 temporisdecursu
1383 1776 1449 1843 post
1467 1772 1579 1829 Sixtum
1598 1775 1753 1831 Senensem
1769 1775 1804 1830 il·

60 1867 274 1935 repugnantem
296 1866 452 1916 recensent.
480 1860 644 1917 Continenti
667 1865 805 1932 tempore,
831 1860 908 1915 solus
962 1859 1149 1915 lustrissimus
1175 1860 1309 1916 Claudius
1338 1861 1507 1932 Espenceus,
1528 1879 1614 1935 quem
1636 1879 1688 1918 sua
1721 1868 1806 1920 oetate

58 1952 144 2022 hujus
158 1949 371 2006 lucubrationis
387 1949 566 2004 mentionem
582 1948 649 2003 fecit
663 1964 722 2004 uon
736 1948 777 2003 ita
792 1946 907 2020 pridem
963 1948 1060 2003 nullus
1084 1947 1183 2004 doctor
1202 1948 1322 2005 scientia
1333 1953 1385 2004 aul
1402 1950 1564 2006 eruditione
1579 1951 1740 2007 Christiana
1759 1967 1808 2006 su-

60 2038 235 2111 perillustris
259 2039 380 2094 Joannes
404 2037 564 2104 Fischerus,
582 2036 724 2094 Bullensis
750 2036 779 2092 in
808 2037 910 2107 huglia
962 2035 1080 2105 perurit,
1096 2036 1141 2091 his
1163 2036 1311 2092 affectibus
1339 2037 1550 2093 contaminatus
1573 2054 1633 2093 non
1655 2038 1710 2093 fuit
1732 2038 1810 2109 quod

61 2130 222 2200 episcopus,
240 2127 275 2183 ad
292 2126 461 2199 dignitatem
477 2125 629 2181 cardinalis
643 2131 795 2198 provectus
807 2124 836 2179 iu
853 2139 910 2178 car·
963 2122 1016 2177 aeli
1030 2127 1059 2179 ct
1083 2126 1223 2180 sermonis
1239 2125 1394 2181 Christiani
1421 2127 1538 2181 nomine
1553 2125 1684 2197 plerique
1707 2125 1809 2197 indigi·

61 2234 131 2284 cere,
147 2224 178 2272 et
194 2216 231 2271 ab
248 2216 369 2271 ilenrico
391 2221 500 2280 octavo,
518 2215 626 2285 lfaguae
650 2213 805 2268 Britanniae
830 2227 908 2284 rege,
963 2213 1035 2276 taut,
1065 2211 1147 2284 aquis
1189 2211 1283 2284 rapidi
1307 2212 1436 2267 fluminis
1461 2213 1597 2284 abreptus
1620 2228 1650 2267 se
1675 2212 1809 2284 permisit

61 2308 161 2378 iniquo
189 2305 310 2360 homine
326 2307 355 2359 et
376 2303 544 2370 mulieroso,
560 2318 614 2374 pro
635 2301 691 2356 lide
714 2300 855 2357 catholica
882 2304 912 2355 et
964 2298 1070 2370 quibus
1085 2300 1238 2355 immersus
1251 2301 1402 2356 ridebatur
1430 2302 1602 2356 Batramnus
1617 2300 1692 2356 inter
1719 2301 1808 2356 becre-

63 2393 230 2450 defensioue
257 2390 412 2446 fortissima
436 2390 511 2446 sedis
527 2389 689 2462 apostolicae
704 2389 796 2461 capite
811 2390 911 2461 plexus
963 2386 1043 2442 ticos.
1058 2387 1128 2443 Cum
1146 2391 1223 2444 euim
1248 2389 1363 2444 sudaret
1387 2388 1486 2445 labore
1514 2388 1658 2445 exantlato
1691 2405 1809 2444 suorum

64 2485 155 2538 atatis
173 2480 384 2551 octuagesimo,
401 2478 661 2549 idemopusculum
678 2478 909 2548 uatramnipro·
964 2475 999 2531 de
1014 2476 1188 2532 edocatioue
1203 2477 1387 2533 Eucharistiae
1409 2477 1561 2546 librorum,
1577 2494 1650 2550 quos
1666 2483 1729 2549 post
1748 2478 1810 2533 obi·
1918 2486 1923 2493 ’

66 2572 135 2627 didit
150 2572 182 2625 in
198 2568 432 2625 testificationem
457 2567 524 2622 lidei
538 2566 684 2622 catholicae
700 2567 734 2621 de
759 2565 911 2638 praeseutia
963 2569 1025 2619 tum
1041 2565 1147 2637 publici
1164 2566 1238 2636 Juris
1265 2566 1332 2621 fecit
1351 2565 1471 2621 illustris
1489 2566 1588 2622 doctor
1602 2566 1744 2623 Gilbertus
1757 2566 1811 2622 Ge-

62 2659 188 2732 corporis
202 2664 233 2713 et
254 2655 403 2726 sanguinis
423 2655 527 2711 Christi
539 2655 569 2710 iu
584 2653 760 2711 Eucharistie
777 2659 805 2710 et
819 2660 910 2710 traus-
964 2653 1135 2720 uebrardus,
1150 2653 1225 2708 libro
1251 2657 1293 2722 tl,
1309 2654 1402 2725 capite
1415 2656 1458 2721 ltl,
1484 2655 1590 2710 multos
1611 2671 1722 2711 errores
1740 2671 1811 2709 cou-

63 2742 313 2809 substantiatione,
334 2744 363 2796 in
385 2740 553 2812 prefatione
576 2741 644 2796 libri
661 2739 756 2820 quarti
777 2738 911 2794 Euchari-
965 2748 1009 2794 tra
1038 2739 1124 2795 fidem
1151 2740 1182 2796 in
1203 2740 1257 2795 boc
1279 2741 1455 2813 recognoscit
1484 2741 1634 2797 Ratremni
1662 2743 1810 2814 opusculo,

64 2835 120 2887 stiae
139 2832 281 2886 adversus
301 2827 553 2899 OEcolempadium
570 2844 645 2883 anuo
662 2830 741 2894 rasa,
764 2843 811 2881 ser
826 2826 911 2881 anuis
965 2833 1118 2901 postquam
1143 2829 1339 2884 admonitione
1367 2829 1473 2902 praeria
1492 2830 1638 2885 adnotavit
1665 2835 1811 2886 auctorem

63 2922 173 2976 circiter
189 2922 348 2989 antequam
363 2916 439 2989 typis
450 2916 726 2973 ederetur’Colonioe
740 2932 815 2970 anuo
832 2918 910 2981 1532,
925 2945 947 3001 G
964 2918 1030 2989 plus
1049 2917 1198 2988 implicare
1213 2917 1362 2973 materiam
1378 2923 1407 2973 et
1430 2918 1550 2973 salebris
1565 2919 1699 2975 intricare
1724 2934 1811 2990 quem

64 3010 107 3063 cui
122 3007 257 3079 adjunxit
276 3005 460 3060 paschasium
485 3005 564 3060 nullo
586 3004 752 3060 discrimine
775 3003 912 3059 doctrinae
966 3006 1089 3061 enodare
1104 3010 1132 3060 et
1151 3004 1312 3076 explicaro:
1330 3006 1474 3062 concludit
1499 3022 1559 3060 esse
1579 3022 1652 3078 opus
1681 3007 1811 3078 supposi-

66 3097 199 3151 adducto.
214 3098 252 3149 et
267 3108 334 3148 vcro
352 3108 418 3148 cuna
443 3093 569 3164 primum
596 3092 626 3148 in
650 3093 742 3147 lucem
768 3091 912 3163 publicam
966 3093 1071 3157 titium,
1088 3092 1170 3163 cujus
1183 3093 1355 3147 llatramnus
1375 3093 1518 3164 genuinus
1532 3099 1632 3148 auctor
1649 3099 1699 3149 aut
1718 3093 1809 3164 gomi·

11 3208 17 3259 p
67 3185 183 3240 eductus
197 3187 242 3238 est
267 3182 373 3238 sudore
387 3181 461 3252 preli
473 3181 681 3253 typographici,
699 3184 804 3236 sortem
818 3179 912 3234 incre·
965 3197 1019 3237 nrrs
1033 3196 1094 3234 esse
1110 3196 1167 3234 uon
1182 3179 1287 3252 potuit.

15 3280 20 3317 ἱ
68 3273 192 3328 dibiliter
217 3270 327 3326 variam
354 3275 384 3325 et
408 3270 577 3325 mutabilem
603 3273 737 3340 expertus
756 3272 819 3323 est:
848 3281 912 3338 quoe
1001 3267 1173 3336 Sanctesius,
1203 3268 1355 3339 episcopus
1389 3268 1578 3332 Ebroiceusis,
1611 3268 1661 3339 qui
1690 3267 1812 3324 fortibus

69 3362 136 3416 forte
170 3359 246 3416 nulli
281 3358 390 3414 auctori
422 3357 562 3412 catholico
596 3372 715 3428 usquam
744 3349 910 3426 contigerat.
966 3361 993 3413 et
1012 3356 1189 3428 fulgentibus
1203 3357 1291 3412 armis
1320 3357 1420 3412 eodem
1436 3357 1537 3411 saeculo
1561 3357 1698 3412 adversus
1719 3357 1811 3411 baere-

70 3449 201 3513 Ouamvis
215 3449 289 3504 nihil
313 3445 495 3519 praeseferret
508 3461 673 3517 repugnans
686 3448 736 3501 aut
763 3445 913 3499 adversum
965 3446 1037 3501 ticos
1058 3445 1208 3501 veritatem
1236 3445 1376 3515 defendit,
1392 3445 1523 3501 eamdem
1534 3444 1618 3501 inivit
1629 3444 1812 3512 seutentiam,

71 3539 177 3593 ceritati
200 3536 362 3601 catholicae,
387 3535 463 3606 quod
490 3550 524 3590 ex
545 3536 598 3590 bac
623 3533 822 3589 lucubratione
848 3532 912 3601 tibi,
967 3536 1194 3592 etllatramnum
1210 3536 1354 3589 auctorem
1369 3534 1489 3606 hujusce
1507 3533 1574 3589 libri
1596 3549 1656 3589 esse
1681 3548 1739 3588 non
1759 3548 1813 3603 po·

74 3628 162 3696 lector,
188 3626 273 3682 facile
298 3625 477 3680 intellectum
497 3623 533 3677 iri
561 3638 621 3677 non
646 3621 821 3688 dubitamus,
848 3636 913 3674 cum
967 3622 1054 3677 tuisse
1067 3622 1206 3677 tuendum
1224 3623 1325 3694 recipit
1340 3623 1463 3678 secunda
1478 3621 1647 3693 repetitione
1659 3622 1694 3676 de
1708 3621 1815 3677 Eucha-

75 3716 161 3770 stndiu
175 3720 205 3769 et
220 3729 289 3769 eura
303 3717 332 3767 et
346 3711 423 3784 lypis
438 3710 662 3767 protestantium
678 3709 913 3766 Germanicorum
967 3709 1057 3777 ristia,
1073 3710 1166 3781 capite
1183 3711 1226 3765 ts.

78 3803 173 3872 publici
182 3801 261 3873 juris
287 3800 479 3855 faetusfuerit
504 3804 644 3871 tanquam
668 3814 740 3869 opus
755 3797 830 3870 quod
855 3796 915 3851 suis
1003 3797 1102 3853 Eidem
1124 3797 1273 3853 sententiae
1298 3796 1500 3862 deputatorum
1523 3812 1676 3852 censorum
1703 3797 1814 3853 concilii

79 3888 320 3961 superstitionibus
334 3891 363 3942 el
390 3886 564 3942 coitionibus
574 3886 734 3958 propitium
749 3884 803 3940 sibi
821 3884 915 3940 finxe-
967 3887 1125 3943 Tridentini
1138 3887 1241 3941 annuit
1254 3885 1443 3940 libentissime
1463 3900 1593 3941 summus
1615 3883 1740 3955 pontifex
1755 3885 1815 3940 Cle·

82 3983 148 4046 runt,
162 3993 264 4033 omnes
293 3977 354 4031 fere
368 3976 422 4031 riri
448 3975 578 4042 litterati,
605 3974 701 4030 nescio
718 3990 775 4045 quo
796 3979 914 4028 veterno
968 3991 1049 4031 mens
1065 3974 1137 4044 l'lll,
1153 3973 1317 4045 librumque
1333 3979 1364 4027 ut
1379 3972 1545 4028 haereticum
1560 3971 1816 4044 prorsnsrepudia·

83 4065 208 4138 consopiti
219 4064 368 4130 catholici,
397 4063 581 4119 datisrerbis
607 4061 829 4117 protestantium
856 4077 914 4116 nun
970 4064 1018 4126 vit,
1035 4062 1154 4134 ejusque
1177 4060 1335 4117 decretorio
1356 4061 1466 4132 iudicio
1494 4060 1732 4132 obtemperarunt
1753 4074 1815 4113 oar·

86 4153 233 4209 abnuerunt
254 4158 284 4208 et
302 4151 398 4224 pravis
411 4152 540 4207 consiliis
556 4167 613 4206 nou
627 4149 809 4215 obstiterunt,
827 4165 915 4219 opus·
969 4152 1078 4208 dinales
1098 4150 1297 4219 Bellarminus,
1325 4150 1462 4221 Quiroga,
1487 4149 1624 4205 Sanduval
1644 4152 1673 4203 et
1699 4148 1815 4202 Alanus.

87 4239 531 4310 queilatrarnniomuieramine
556 4238 714 4313 postposito
738 4242 768 4293 et
794 4237 953 4311 ἄνακρισιῡ
1006 4238 1060 4294 Sed
1086 4238 1217 4292 doctores
1245 4237 1444 4305 lovanienses,
1474 4237 1542 4291 dicti
1561 4237 1647 4307 vulgo
1680 4235 1818 4306 'theologi

89 4331 327 4402 relicta,tanquam
344 4343 417 4400 opus
431 4328 564 4383 haeretica
578 4326 718 4397 pravitate
731 4323 915 4396 inquinatum
971 4328 1140 4392 Buacenses‚
1156 4341 1231 4381 anuo
1249 4328 1329 4392 1571,
1349 4341 1406 4396 quo
1418 4325 1475 4379 rita
1496 4323 1630 4397 Espeucei
1650 4323 1759 4379 calculo
1774 4324 1816 4378 la·

90 4419 189 4474 uento
208 4418 337 4489 maligno
359 4415 583 4472 protestantium
610 4413 772 4484 nimiopere
796 4411 914 4467 fabrica·
970 4414 1097 4470 borentis
1111 4412 1282 4485 strangurias
1297 4413 1444 4468 doloribus
1457 4412 1487 4466 iu
1508 4413 1593 4467 coelos
1608 4411 1732 4477 recessit,
1752 4426 1818 4466 eum

91 4509 136 4560 tum
149 4522 156 4561 :
171 4520 322 4578 perperam
344 4503 479 4575 imposito
510 4501 626 4557 nomine
652 4500 800 4571 scriptoris
822 4499 918 4554 catho—
972 4502 1058 4557 indici
1075 4501 1214 4556 librorum
1228 4501 1439 4572 prohibitorum
1454 4500 1484 4555 iu
1498 4501 1594 4570 Belgio
1619 4500 1820 4556 incumberent

93 4591 163 4648 lirini
184 4594 298 4650 facilius
317 4591 522 4649 intoxicatione
545 4591 636 4646 celata
649 4604 792 4644 venenum
823 4587 918 4660 prepi·
971 4589 1157 4661 perficiendo,
1173 4604 1255 4658 posse
1270 4588 1347 4643 buuc
1362 4587 1478 4653 librum,
1494 4587 1625 4642 admissis
1646 4587 1819 4659 quibusdem

93 4687 185 4736 nerent.
973 4677 1234 4744 emendationibus,
1253 4675 1317 4747 lege
1342 4674 1547 4747 prohibitionis
1572 4675 1671 4743 eximi,
1692 4690 1745 4730 uec
1768 4674 1821 4730 de·

118 4768 373 4835 verumenimvero,
400 4781 533 4822 censores
561 4781 578 4820 a
604 4765 726 4831 coneilio
750 4763 918 4820 Tridentino
972 4766 1041 4821 here
1067 4763 1347 4835 intersupposititios
1370 4762 1524 4832 recenseri,
1548 4768 1748 4836 contraquam
1772 4762 1816 4817 fas

92 4854 202 4926 deputati
215 4871 295 4911 anuo
311 4856 379 4910 {559
400 4856 435 4910 ad
459 4869 579 4910 examen
595 4854 734 4910 librorum
759 4869 831 4925 quos
852 4853 919 4924 jure
973 4858 1016 4909 est
1032 4854 1119 4908 etiam
1147 4852 1190 4907 eis
1209 4851 1349 4923 injuriose
1368 4851 1576 4923 imponeretur.
1603 4851 1632 4907 Si
1659 4851 1725 4923 quis
1754 4865 1820 4921 pcr-

91 4946 176 5000 nerito
199 4960 262 5000 esse
278 4942 473 5016 prohibendos
487 4944 586 4999 patres
605 4940 813 5010 existimabant,
843 4940 920 4995 hune
974 4941 1106 4996 suaderet
1147 4940 1299 5011 praedictos
1328 4939 1429 5011 Belgas
1452 4940 1616 5012 percontari
1644 4938 1768 4994 voluisse
1793 4940 1822 4990 et

91 5029 177 5089 librum
196 5033 227 5089 in
242 5033 373 5104 catalogo
402 5031 580 5086 collocarunt
598 5035 627 5086 et
641 5030 717 5086 inter
731 5045 819 5101 opera
832 5044 920 5099 prava
974 5028 1107 5098 quoedam
1121 5027 1182 5082 loca
1198 5029 1352 5082 enrendere
1375 5032 1406 5082 ut
1420 5027 1521 5083 deletis
1541 5026 1712 5098 quibusdam
1739 5037 1823 5094 qure-

89 5122 249 5194 relegarunt,
268 5120 399 5190 adeoque
413 5119 500 5174 bodie
513 5119 543 5173 iu
558 5118 613 5174 hoc
627 5118 721 5174 indice
735 5117 853 5172 incurrit
867 5132 920 5171 uu·
976 5115 1043 5171 dam
1060 5132 1132 5170 nora
1156 5114 1219 5170 loco
1248 5119 1458 5186 expunctorum
1475 5115 1629 5170 verborum
1654 5112 1690 5167 ed
1706 5110 1820 5165 libitum

87 5221 152 5264 nero
168 5212 196 5275 5,
215 5208 270 5263 snb
284 5207 403 5263 nomine
416 5205 555 5263 Bertremi
582 5205 625 5261 his
644 5205 789 5276 conceptis
802 5205 895 5260 verbis
911 5221 918 5259 :
977 5208 1201 5275 aggregarentur
1217 5220 1223 5258 :
1241 5203 1348 5275 quippe
1358 5203 1441 5258 facile
1457 5203 1495 5258 sit
1509 5201 1670 5272 intelligere
1687 5214 1735 5254 eos
1751 5197 1822 5253 nibil

87 5295 208 5352 lurum
219 5295 288 5351 tiber
312 5296 361 5364 qui
379 5294 540 5350 inscribitur
553 5293 587 5349 de
601 5295 717 5364 Corpore
731 5297 756 5348 ct
783 5294 922 5362 Sanguine
977 5292 1054 5348 aliud
1070 5291 1099 5346 iu
1113 5291 1210 5346 animo
1223 5291 1354 5346 habuisse
1370 5307 1457 5363 quam
1468 5289 1620 5345 emendare
1637 5292 1665 5342 et
1679 5286 1824 5359 corrigere

89 5383 196 5440 Domini
212 5382 361 5456 Ejusmodi
375 5382 677 5455 censornmjudicium
703 5381 757 5437 fuit
771 5380 920 5437 contineu·
978 5396 1050 5451 opus
1065 5394 1140 5434 essse
1168 5394 1202 5434 ea
1224 5395 1289 5451 quae
1305 5378 1373 5433 viris
1399 5378 1490 5450 aequis
1518 5382 1547 5431 et
1561 5375 1695 5430 litteratis
1709 5379 1738 5430 et
1752 5390 1825 5447 prn-

88 5473 262 5530 martelli
276 5469 785 5544 pontificomaximopromulgatum.
978 5467 1112 5524 dentibus
1143 5467 1302 5522 necessaria
1327 5470 1356 5521 et
1382 5462 1572 5521 conducibilia
1601 5463 1637 5519 ad
1667 5462 1824 5519 faciliorem

255 5563 395 5628 paruos.
421 5559 527 5627 cxxi.
1652 5562 1671 5616 l
