3930 6098
107 220 173 274 titt
687 217 715 273 S.
732 218 868 274 RElllGll
890 214 1131 274 LUGDUNENSIS
1152 210 1310 271 urrseorl
1792 212 1856 265 liti

105 351 164 406 sire
186 351 328 406 defunctis
347 349 507 404 faciendam
532 349 676 416 dixerunt,
700 351 777 405 relut
799 350 949 407 haereticos
967 351 990 404 A
1004 346 1176 403 discretione
1191 342 1363 416 providenda
1378 345 1422 396 est
1437 356 1444 396 :
1460 339 1499 394 ita
1515 339 1560 395 his
1574 340 1679 411 quibus
1693 355 1772 395 mors
1800 341 1852 395 im·

106 437 227 494 Ecclesia
244 439 380 494 detestata
396 444 449 492 est.
1008 436 1096 491 minet
1125 434 1184 489 sive
1210 434 1268 487 ulla
1293 430 1431 485 dilatione
1451 427 1609 495 offerenda,
1638 429 1745 483 nedum
1766 429 1856 482 adbuc

142 529 220 583 Sicut
235 530 263 582 B.
275 527 452 596 Augustinus
468 526 496 579 in
513 525 586 580 libro
603 543 690 598 quem
713 527 747 581 ad
773 527 953 582 Vincentium
1007 529 1122 594 tempus
1155 523 1191 577 ad
1223 519 1412 592 praebendum
1444 516 1650 588 redemptionis
1688 517 1855 588 mysterium

20 670 24 679 ,
107 617 248 671 Victorem
268 615 449 686 scripsit(De
468 617 572 681 origiue
597 617 715 682 Animae,
738 618 755 670 Ι.
783 632 824 684 ιιι,
846 631 871 670 c.
899 617 952 680 ιι),
1009 613 1157 684 quaritur,
1174 609 1382 665 interveniente
1394 607 1542 678 paululum
1559 621 1651 674 mora,
1662 606 1783 661 inveniri
1798 621 1856 660 non

105 702 335 759 manifestissime
357 702 492 769 ostendit,
519 702 616 756 diceus
634 720 640 757 ε
660 701 734 776 [Νοιι
758 705 885 771 credere,
902 721 954 757 ricc
1008 703 1101 756 valeat
1116 700 1166 772 qui
1179 696 1360 768 redimatur]

105 792 209 858 dicere,
224 806 276 845 uec
297 793 397 845 docere
422 810 436 842 ι
458 789 627 845 sacrificium
650 791 879 846 Christianorum
902 807 954 862 pro
1044 793 1097 845 Pro
1118 789 1175 844 illis
1198 793 1296 843 tamen
1321 784 1456 840 omnibus
1479 782 1529 854 qui
1553 798 1585 837 ex
1606 797 1681 854 aqua
1704 786 1732 837 et
1751 781 1856 852 Spiritu

103 879 148 933 his
172 879 222 950 qui
246 894 303 933 non
326 877 462 949 baptizati
478 877 647 949 decerpere
671 879 801 945 exierint,
827 878 954 934 offereu-
1008 878 1180 951 regenerati,
1205 892 1237 931 ac
1264 892 1316 946 per
1339 875 1394 929 hoc
1418 871 1548 928 Ecclesia
1578 871 1766 942 incorporati,
1792 887 1855 924 cum

103 967 183 1034 dum,
199 987 213 1017 »
229 966 253 1020 si
265 966 307 1020 vis
332 982 393 1020 esse
415 966 590 1020 catholicus:
612 968 681 1038 quia
709 984 761 1023 nec
784 967 856 1022 illud
877 967 953 1039 quod
1007 969 1112 1039 pietate
1128 964 1332 1020 dormitionem
1348 964 1528 1031 acceperunt,
1547 959 1716 1014 solemniter
1730 963 1759 1013 et
1773 973 1856 1028 geue·

104 1056 139 1111 de
164 1054 391 1111 Machabaeorum
417 1053 499 1108 libris
528 1055 563 1124 (ll
586 1056 675 1110 Moab.
696 1057 746 1126 ιιι)
776 1071 953 1110 commemo·
1008 1056 1105 1110 raiiter
1132 1051 1302 1108 universalis
1323 1054 1417 1105 servat
1441 1054 1469 1103 et
1491 1064 1609 1119 prorsus
1636 1061 1748 1101 serrare
1774 1046 1856 1102 debet

105 1143 536 1199 rastisacriliciumtudaeorum
554 1159 606 1213 pro
635 1143 743 1214 hisqui
766 1144 955 1199 noncircum·
1007 1144 1140 1210 Ecclesia,
1171 1147 1204 1196 ut
1245 1141 1320 1195 inter
1356 1140 1405 1194 illa
1437 1143 1627 1192 sacrosanctas
1656 1136 1854 1191 immolatione

41 1295 43 1298 Α
104 1233 154 1287 cisi
170 1233 204 1287 dc
220 1248 340 1302 corpore
362 1232 500 1298 exierant,
525 1233 649 1287 ostendit
675 1234 815 1288 oblatum.
841 1233 873 1288 lu
897 1249 955 1304 qua
1008 1230 1143 1304 mysteria
1161 1247 1213 1285 sno
1226 1230 1287 1283 loco
1304 1233 1388 1298 atque
1403 1225 1503 1282 ordine
1518 1226 1576 1281 sive
1589 1225 1774 1291 nominatim,
1799 1225 1855 1279 sive

104 1325 153 1376 tua
173 1321 392 1375 sententiatum
422 1337 507 1386 nova,
538 1326 565 1374 et
591 1325 689 1375 contra
719 1321 850 1376 Ecclesiae
865 1320 954 1376 totius
1008 1321 1102 1376 tacitis
1134 1317 1299 1374 nominibus
1325 1315 1449 1371 fideliter
1472 1318 1758 1369 commemorentur:
1794 1330 1855 1367 scre

105 1409 303 1475 auctoritatem
329 1408 570 1480 disciplinamque
602 1410 714 1479 prolata
745 1410 833 1463 verbo
866 1410 954 1463 etiam
1008 1424 1133 1479 namque
1148 1407 1188 1462 ad
1197 1404 1418 1477 plenitudinem,
1442 1407 1471 1457 et
1490 1402 1628 1457 imitatem
1650 1401 1781 1455 Ecclesiae
1799 1417 1858 1471 per·

104 1496 326 1550 insolentissimo
343 1513 409 1549 usus
425 1512 463 1562 es,
479 1497 598 1551 dicens:
620 1498 698 1551 uPro
714 1497 758 1552 his
772 1497 868 1568 itaque
879 1498 955 1552 obla·
1008 1499 1111 1563 tinent,
1138 1511 1190 1551 nec
1214 1495 1249 1549 ah
1277 1493 1327 1547 illa
1341 1493 1385 1547 vel
1405 1496 1498 1546 morte
1522 1490 1648 1561 separari
1673 1493 1803 1561 possunt.
1822 1492 1856 1545 lie

104 1585 199 1639 tiones
218 1584 355 1651 assiduas,
372 1584 956 1655 etollerendajugitersauctorumsacri-
1009 1585 1157 1658 quibusin
1179 1583 1442 1645 Domiuomortuis,
1459 1585 1487 1636 et
1515 1597 1581 1635 cum
1605 1580 1729 1634 Domino
1747 1579 1858 1633 virenti·

105 1673 169 1729 licia
194 1673 372 1727 sacerdotum
398 1688 509 1728 censeo.
534 1673 559 1744 υ)
575 1675 607 1727 In
627 1675 699 1729 libro
730 1690 846 1745 quoque
868 1690 955 1745 quem
973 1645 995 1702 B
1011 1677 1064 1730 hus
1084 1674 1183 1730 beatus
1206 1675 1330 1728 loannes
1354 1671 1384 1725 in
1404 1671 1575 1742 Apocalypsi
1602 1669 1725 1724 scribit:
1750 1668 1855 1724 «Beati

105 1760 205 1817 scribit
228 1761 262 1815 ad
285 1763 401 1815 Petrum
426 1761 628 1832 presbyterum
651 1769 750 1816 contra
763 1762 868 1832 scripta
884 1763 957 1833 ejus·
1010 1763 1116 1817 mortui
1132 1761 1225 1834 quiin
1241 1759 1362 1817 Domino
1378 1759 1551 1812 moriuntur.
1575 1756 1687 1811 Amodo
1709 1756 1777 1811 dicit
1795 1755 1855 1825 Spi-
1892 1782 1895 1831 ι

106 1850 172 1906 dem
188 1849 330 1903 vincentii
345 1849 474 1917 Victoris,
492 1849 530 1903 ita
546 1866 612 1903 eum
626 1851 773 1921 redarguit
791 1850 859 1920 (Id,
875 1851 955 1917 ibid,
1011 1852 1092 1918 ritus,
1109 1855 1141 1905 ut
1163 1846 1538 1921 requiescantalaboribus
1564 1845 1642 1899 suis:
1665 1860 1752 1916 opera
1779 1845 1854 1898 enim

105 1937 126 1993 l.
141 1954 172 2005 ιι,
188 1954 213 1991 c.
232 1937 274 2007 ιι)
296 1936 452 2010 :lTantum
481 1937 558 1992 euim
574 1939 674 1994 salutis
689 1944 717 1994 et
731 1939 874 1994 felicitatis
901 1954 957 1992 nou
1011 1937 1575 2011 ipsorumsequunturillos(Apoc.xu,
1597 1935 1649 2005 13).
1668 1935 1731 1988 »Et
1756 1935 1854 1988 beatus
1892 1988 1895 2013 ,

106 2025 256 2096 baptizatis
273 2026 398 2096 Pssflflllss
425 2025 535 2091 tribuli,
564 2033 706 2097 quantum
730 2043 782 2081 nec
804 2026 958 2098 Pelagiana
1012 2028 1116 2084 Paulus
1131 2026 1276 2096 apostolus
1295 2023 1348 2078 suh
1368 2023 1485 2077 nomine
1510 2021 1745 2092 evigilantium»
1767 2021 1858 2074 vireu·

106 2114 224 2169 haeresis
246 2113 362 2184 potuit]
390 2114 423 2167 Et
447 2118 511 2184 post
533 2116 681 2184 paululum
707 2117 741 2171 de
765 2114 872 2171 eisdem
900 2132 957 2169 non
1011 2121 1064 2185 tes,
1087 2116 1139 2169 sub
1165 2114 1282 2168 nomine
1308 2116 1404 2167 eutem
1424 2131 1437 2164 e
1455 2109 1855 2166 dormientiumudefuuctos

106 2201 258 2273 baptizatis
281 2201 432 2274 parvulis:
451 2198 500 2273 [Ne
523 2203 687 2275 quisquam,
712 2205 818 2275 inquit,
844 2221 897 2275 pro
917 2205 958 2259 eis
1011 2205 1110 2260 fideles
1133 2202 1233 2258 volens
1256 2200 1390 2273 intelligi,
1419 2201 1453 2255 ad
1477 2199 1743 2255 Thessalonicenses
1766 2196 1854 2252 dicit:

108 2291 214 2347 obtulit
227 2293 271 2346 vel
287 2292 437 2346 oblaturus
454 2296 496 2345 est
509 2293 690 2360 sacrificium,
708 2295 782 2364 quod
803 2293 855 2347 iste
870 2293 958 2349 etiam
1013 2292 1182 2357 «Quoniam
1207 2306 1265 2345 non
1289 2290 1386 2361 posuit
1411 2304 1462 2343 nos
1485 2288 1560 2354 Deus
1587 2286 1617 2340 in
1648 2285 1732 2352 iram,
1758 2286 1806 2339 sed
1829 2285 1857 2337 in

108 2394 233 2450 pronon
248 2380 399 2450 baptizatis
414 2379 526 2434 censuit
539 2381 740 2453 offerendum]
758 2384 790 2437 Et
801 2385 866 2452 post
886 2398 957 2452 pau-
1012 2380 1232 2452 acquisitionem
1248 2377 1347 2434 salutis
1361 2393 1412 2448 per
1426 2376 1580 2432 [lominum
1604 2380 1736 2430 nostrum
1751 2375 1856 2440 lesum,

108 2482 152 2536 cs,
168 2467 203 2521 de
219 2467 321 2523 eodem
350 2468 519 2525 Vincentio·
541 2470 608 2541 [Aut
621 2471 750 2541 omnino,
767 2473 871 2544 inquit,
896 2476 959 2529 hae-
1012 2472 1063 2542 qui
1077 2475 1208 2524 mortuus
1223 2474 1265 2523 est
1290 2484 1341 2538 pro
1357 2467 1464 2531 nobis;
1486 2471 1520 2520 ut
1545 2465 1604 2519 sire
1626 2464 1787 2535 vigilemus,
1804 2463 1858 2517 sive

108 2554 192 2621 rabit,
208 2555 356 2611 autsimul
373 2574 424 2628 pro
439 2559 574 2612 omnibus
590 2560 725 2629 parvulis,
741 2563 792 2631 qui
816 2567 875 2617 toto
890 2563 958 2617 orbe
1012 2560 1198 2626 dormiamus,
1222 2556 1308 2612 simul
1323 2571 1388 2610 cum
1406 2555 1455 2610 illo
1471 2553 1601 2609 visamus
1622 2555 1652 2625 (l
1675 2555 1767 2608 Thess.
1790 2569 1817 2619 ιι,
1833 2556 1858 2618 9,

109 2649 252 2700 terrarum
279 2646 340 2700 sine
365 2647 469 2702 Christi
501 2648 644 2718 baptismo
673 2651 845 2719 moriuntur,
872 2652 958 2706 etiam
1015 2651 1069 2719 ιθ).
1085 2669 1099 2697 a
1117 2648 1150 2703 Et
1163 2648 1268 2700 iterum
1289 2644 1412 2699 silbin<
1429 2644 1519 2699 Nemo
1544 2643 1622 2698 enim
1648 2645 1778 2697 nostrum
1806 2642 1858 2696 sibi

110 2747 211 2786 eorum
238 2732 401 2787 nominibus
430 2735 533 2803 tacitis,
561 2735 697 2806 quoniam
725 2739 901 2802 nesciuntur,
929 2740 959 2794 in
1011 2736 1091 2804 vivit,
1117 2740 1144 2790 et
1166 2750 1251 2789 nemo
1279 2733 1334 2788 sihi
1357 2732 1502 2786 moritur:
1539 2731 1596 2786 sire
1623 2730 1701 2785 enim
1730 2730 1858 2796 vivimus,

110 2820 234 2875 Ecclesia
265 2821 369 2877 Christi
397 2839 454 2877 non
482 2823 682 2894 incorporatis,
721 2843 823 2898 corpus
855 2829 959 2884 Christi
1015 2823 1291 2890 Dominovivimus3
1308 2821 1365 2876 sive
1389 2820 1540 2887 morimur,
1562 2819 1684 2874 Domino
1701 2820 1857 2885 morimur;

110 2909 266 2978 offerendo,
292 2927 394 2982 corpus
418 2912 522 2967 Christi
549 2929 609 2967 esse
634 2915 782 2986 censebit]
809 2919 874 2972 Post
898 2918 960 2973 baec
978 2913 1071 2999 Csive
1087 2929 1156 2984 ergo
1175 2913 1308 2979 vivimus,
1326 2910 1384 2964 sive
1403 2909 1553 2976 morimur,
1572 2908 1689 2963 Domini
1705 2923 1812 2962 sumus.
1829 2907 1859 2962 ln

110 2996 258 3068 subjungit
283 2999 319 3052 ad
337 2999 397 3069 Jam
421 2998 529 3053 dictum
553 3000 667 3052 Petrum
694 3002 892 3072 presbyterum
916 3004 958 3057 lo·
1013 3003 1067 3057 hoc
1086 3001 1163 3055 enim
1181 2999 1309 3054 Christus
1324 3002 1456 3051 mortuus
1470 3000 1522 3063 est,
1550 3000 1578 3050 et
1599 2993 1767 3060 resurrexit,
1789 2994 1860 3046 utet

112 3085 816 3159 quenstld.,ibid.,c.16):[Absitate‚frater,
840 3097 872 3146 ut
899 3093 960 3147 haec
1014 3094 1195 3145 mortuorum
1224 3087 1401 3142 etsiverum
1432 3085 1598 3140 dominetur
1629 3081 1717 3153 (Rom.
1747 3096 1803 3148 arr,
1830 3083 1859 3134 7-

112 3173 165 3228 tihi
180 3175 320 3244 placeant.
339 3174 418 3228 Absit
440 3179 474 3229 ut
489 3174 544 3229 ista
559 3175 603 3228 vel
628 3174 759 3230 didicisse
781 3181 808 3232 te
824 3178 959 3248 gaudeas,
1014 3181 1040 3233 9.
1056 3175 1304 3246 ›Hiucestquod
1320 3175 1414 3229 inille
1436 3173 1511 3228 beati
1527 3172 1636 3226 actione
1664 3169 1802 3242 mysterii,
1829 3183 1860 3222 es
1894 3220 1896 3239 ἰ

111 3261 156 3315 ιιι
171 3262 273 3316 docere
288 3263 468 3333 praesumes]
1018 3266 1188 3321 auctoritate
1205 3262 1303 3336 utique
1316 3264 1423 3331 diviua,
1452 3267 1479 3317 at
1505 3261 1659 3317 traditione
1670 3257 1825 3330 apostolica
1835 3261 1861 3311 et

148 3349 186 3401 Ex
214 3348 259 3401 his
300 3348 393 3403 verbis
434 3349 525 3403 sancti
564 3348 688 3404 doctoris
730 3350 961 3406 manifestissime
1014 3352 1118 3407 sanctis
1139 3352 1272 3406 Patribus
1285 3350 1378 3406 oratio
1402 3366 1454 3420 pro
1479 3346 1620 3404 defunctis
1644 3346 1779 3402 fidelibus
1798 3358 1860 3415 spe·
1893 3358 1896 3435 ;

112 3442 248 3491 docemur
276 3442 309 3491 ut
336 3452 387 3507 pro
416 3437 460 3491 his
485 3443 609 3508 tantum,
634 3437 685 3509 qui
709 3438 851 3509 baptismo
879 3439 961 3495 Chri·
1014 3439 1125 3494 cialiter
1150 3439 1243 3509 posita
1266 3445 1319 3507 est,
1344 3454 1408 3510 ques
1433 3437 1474 3492 ita
1496 3453 1525 3491 se
1549 3436 1638 3492 habet
1661 3451 1668 3490 ε
1692 3435 1861 3489 ιιιιιιιιιιιο
1893 3492 1896 3503 Ι

111 3522 148 3577 ιιι
190 3524 351 3595 regenerati
389 3525 609 3595 incorporantur
641 3521 782 3593 Ecclesia,
821 3541 885 3596 quas
919 3531 962 3582 est
1016 3527 1115 3593 etiam,
1132 3526 1267 3595 Domine,
1282 3525 1457 3579 famulorum
1481 3525 1715 3594 famularumque
1737 3526 1859 3583 tuarum,
1893 3510 1896 3535 ¹

112 3626 217 3682 corpus
247 3613 363 3680 Christi,
403 3631 505 3685 corpus
557 3614 662 3670 Christi
709 3615 810 3670 debeat
852 3616 959 3671 offerri.
1015 3615 1065 3687 qui
1085 3629 1139 3669 nos
1162 3619 1369 3685 praecesserunt
1385 3629 1451 3669 cum
1468 3613 1551 3686 signo
1570 3612 1649 3682 fidei,
1666 3615 1694 3665 et
1718 3609 1862 3666 dorminut

112 3700 145 3755 Et
170 3702 300 3772 quisquis
322 3718 374 3773 pro
397 3703 437 3757 eis
464 3703 515 3775 qui
543 3703 663 3758 minime
695 3709 763 3759 sunt
788 3706 959 3775 regenerati,
1015 3702 1274 3774 insommopacis,
1292 3725 1303 3751 ι
1322 3707 1375 3769 etc,

112 3803 164 3843 nec
196 3805 301 3860 corpus
330 3790 435 3846 Christi
458 3791 561 3858 effecti,
591 3792 659 3846 dicit
686 3791 756 3846 illud
789 3793 961 3848 sacrificium
1051 3792 1134 3857 Quod
1148 3796 1241 3846 totum
1255 3790 1296 3847 ite
1310 3792 1347 3846 ah
1362 3790 1446 3844 initio
1462 3790 1491 3844 iu
1514 3788 1645 3855 Ecclesia,
1667 3792 1696 3843 et
1715 3787 1752 3842 ab
1772 3786 1860 3841 Eccle-

113 3875 304 3943 offerendum,
333 3882 431 3933 censet
461 3893 510 3932 eos
537 3893 597 3932 esse
630 3894 732 3950 corpus
763 3879 876 3948 Christi,
911 3882 962 3952 qui
1016 3881 1059 3936 sia
1083 3880 1265 3935 uniformiter
1288 3895 1320 3934 ec
1345 3878 1475 3950 legitime
1499 3877 1679 3932 observatum
1706 3892 1767 3930 esse
1788 3890 1860 3929 com·

111 3978 262 4034 nunquam
289 3963 462 4035 incorporati
484 3971 551 4020 sunt
577 3967 713 4021 membris
738 3967 852 4022 Christi.
882 3969 962 4025 Unde
1017 3969 1135 4025 mendat
1149 3968 1368 4039 diligentissime
1386 3966 1568 4021 beatissimus
1583 3967 1667 4020 Pater
1689 3964 1861 4036 Augustinus

111 4051 158 4124 pie
186 4051 240 4106 hoc
264 4052 395 4108 observat
417 4058 514 4109 sancta
539 4060 632 4109 mater
658 4055 791 4122 Ecclesia,
815 4073 880 4128 quse
909 4074 961 4129 pro
1016 4058 1046 4112 in
1065 4059 1138 4112 libro
1155 4057 1189 4112 do
1211 4058 1287 4113 Cura
1305 4072 1358 4128 pro
1380 4055 1501 4110 mortuis
1522 4053 1659 4125 gerenda,
1681 4052 1722 4107 ita
1746 4052 1859 4107 diceus:

111 4141 334 4210 catechumenis,
370 4141 427 4196 sive
457 4143 592 4213 parvulis,
624 4144 681 4197 sive
710 4145 827 4213 majoris
860 4146 962 4213 astatis,
1018 4145 1173 4216 [Nonsunt
1193 4142 1445 4216 praetermittendae
1470 4139 1693 4212 supplicationes
1713 4155 1767 4211 pro
1782 4135 1860 4208 spiri-

114 4220 332 4300 uis'ipostquam
349 4229 456 4284 luerint
472 4231 634 4300 regenerati
654 4231 683 4284 in
699 4231 821 4298 Christo,
848 4249 903 4287 non
918 4234 960 4288 of·
981 4233 1092 4303 ptihus
1114 4238 1304 4300 mortuorum,
1334 4247 1406 4303 quas
1432 4228 1577 4284 iaciendas
1601 4243 1654 4298 pro
1677 4228 1811 4282 omnihus
1833 4224 1861 4276 in

112 4316 349 4372 lertsacrilicium
365 4318 478 4380 Christi,
508 4323 536 4371 et
551 4322 620 4371 tuuc
644 4318 773 4389 primum
795 4337 861 4376 cum
880 4338 961 4394 rege·
1015 4321 1187 4390 Christiana,
1215 4326 1243 4376 et
1269 4320 1411 4376 catholica
1433 4318 1567 4372 societate
1591 4315 1746 4381 defunctis,
1779 4314 1860 4368 etiam

112 4408 250 4458 nerantur
278 4403 307 4457 in
327 4403 472 4459 oblatione
497 4405 656 4471 Dominica,
684 4405 769 4461 etiam
801 4409 962 4480 specialiter
1015 4411 1107 4468 tacitis
1132 4409 1299 4464 nominihus
1329 4422 1439 4473 eorum,
1464 4403 1516 4459 suh
1540 4404 1669 4475 generali
1690 4416 1862 4458 commemo·
1895 4442 1897 4467 ,

112 4507 213 4547 eorum
256 4490 425 4546 memoriam
468 4492 650 4563 irequentare
691 4495 803 4567 incipit,
834 4498 960 4554 dicens:
1016 4500 1128 4556 ratione
1152 4498 1279 4568 suscepit
1298 4495 1438 4561 Ecclesia3
1464 4497 1496 4548 ut
1516 4493 1620 4564 quibus
1639 4492 1675 4546 ad
1692 4491 1863 4546 istadesunt

114 4567 222 4634 ullane
245 4579 334 4650 igitur
356 4580 531 4636 oblationem
552 4583 696 4639 servitutis
717 4591 833 4650 nostre,
859 4589 908 4643 sed
935 4594 962 4643 et
1016 4592 1160 4660 parentes,
1176 4590 1226 4640 aut
1241 4584 1302 4650 lilii,
1321 4588 1369 4639 aut
1390 4583 1555 4655 quicunque
1573 4580 1689 4651 cognati
1705 4579 1750 4633 vel
1770 4575 1861 4642 amici,
1895 4602 1897 4613 ι

112 4673 222 4724 cunctae
250 4668 366 4724 familiae
388 4674 452 4738 tuse,
478 4686 566 4741 quam
591 4670 642 4725 tibi
672 4671 818 4726 offerimus
840 4687 893 4742 pro
918 4671 963 4726 his
1018 4677 1053 4732 ab
1069 4692 1126 4730 una
1141 4677 1181 4729 eis
1195 4673 1363 4728 exhibeatur
1376 4672 1425 4744 pia
1440 4676 1529 4726 matre
1545 4668 1717 4742 communi]

113 4773 227 4830 quoque
243 4774 315 4830 quos
330 4774 501 4830 regenerare
515 4760 648 4831 diguatus
664 4776 693 4815 es
709 4776 741 4814 ex
758 4777 833 4832 aqua
847 4764 875 4814 et
900 4760 963 4832 Spi-
1054 4766 1086 4819 Et
1099 4768 1163 4834 post
1188 4762 1305 4835 aliqua:
1326 4761 1404 4834 [Qum
1430 4776 1497 4816 cum
1524 4760 1564 4815 ita
1589 4759 1656 4822 sint,
1682 4756 1787 4828 inquit,
1810 4768 1863 4808 non

113 4846 286 4915 ritusancto,
298 4863 473 4919 quaesumus,
486 4848 618 4916 Domine,
628 4848 935 4920 utpiacatusaccipias,
948 4870 962 4899 a
1017 4855 1215 4910 existimemus
1232 4852 1268 4907 ad
1283 4855 1413 4906 mortuos
1428 4867 1480 4922 pro
1500 4850 1605 4921 quibus
1618 4849 1725 4915 {curam
1741 4845 1864 4917 gerimus
1896 4834 1898 4841 ’

113 4939 167 4991 etc.
196 4935 293 4991 Gratia
318 4952 444 5009 namque
470 4937 677 5007 redemptionis
701 4939 815 5004 Christi,
841 4943 869 4993 et
898 4943 965 4993 ante
1018 4940 1339 5013 pervenire,nisiquod
1362 4955 1416 5012 pro
1430 4938 1471 4992 eis
1486 4939 1545 4992 sive
1561 4937 1669 5005 altoris,
1685 4936 1744 4988 sive
1761 4931 1864 4987 oratio·

114 5023 290 5094 baptismum
307 5026 471 5080 nullatenus
486 5024 635 5095 accipitur,
651 5042 745 5098 neque
769 5027 824 5093 his,
840 5025 965 5101 quisine
1019 5046 1099 5097 num,
1118 5029 1177 5085 sive
1197 5030 1445 5101 eleemosynarum
1464 5025 1597 5081 sacrificii
1617 5022 1788 5079 solemniter
1806 5035 1865 5090 sup

114 5113 256 5184 baptismo
279 5113 314 5168 de
334 5130 452 5185 corpore
472 5118 586 5180 exeunt,
608 5114 752 5168 ullatenus
777 5115 839 5170 dari
862 5119 964 5186 potest.
1020 5119 1177 5190 plicamus;
1200 5117 1331 5190 quamvis
1352 5133 1410 5171 non
1434 5131 1488 5188 pro
1511 5114 1616 5187 quihus
1639 5112 1715 5168 siunt
1736 5110 1866 5166 omnibus

115 5200 195 5256 Sicut
210 5206 237 5255 et
261 5205 321 5255 tota
347 5202 480 5256 observat
502 5201 634 5256 Ecclesia.
653 5203 684 5257 Et
706 5202 736 5255 Β.
764 5203 917 5273 Gregorius
932 5202 966 5258 ad
1020 5206 1140 5277 prosint,
1173 5205 1223 5260 sed
1254 5204 1436 5266 eistantum,
1463 5219 1516 5275 pro
1545 5202 1651 5274 quibus
1680 5200 1751 5256 dum
1774 5199 1868 5254 vivunt

115 5290 247 5344 consulta
277 5288 430 5361 Augustini
457 5292 643 5362 respondens,
673 5291 797 5345 breviter
830 5291 965 5359 ostendit,
1023 5297 1207 5366 comparatur
1223 5299 1256 5348 ut
1269 5293 1457 5365 prosint.Sed
1470 5292 1606 5364 quianon
1619 5290 1809 5346 discernimus
1822 5285 1868 5359 qui

118 5376 214 5431 dicens
228 5378 358 5448 (senisu.
379 5377 429 5434 lib.
450 5382 498 5446 ιιι)
514 5395 521 5433 :
540 5379 647 5449 [Sancti
667 5379 795 5450 mysterii
812 5380 912 5450 gratia,
929 5380 967 5434 si·
1022 5380 1089 5448 siut,
1103 5386 1218 5452 oportet
1235 5397 1269 5437 eu
1288 5397 1342 5453 pro
1364 5380 1541 5452 regeneratis
1561 5378 1696 5435 omnibus
1714 5378 1808 5433 lacere
1821 5392 1827 5430 :
1840 5377 1868 5427 nt

117 5468 166 5517 cut
198 5465 357 5521 viventibus
389 5470 476 5538 atque
502 5465 731 5523 discernentibus
761 5482 827 5524 cum
863 5483 970 5540 magns
1022 5468 1120 5524 nullus
1135 5486 1235 5526 eorum
1254 5470 1504 5542 praetermittatur,
1521 5468 1556 5525 ad
1573 5462 1867 5541 quoshaecheneflcis
