3930 6098
103 253 154 309 ma
800 253 927 310 Athlll
947 251 1191 308 coubuauusts

105 401 180 455 snm,
203 401 290 457 quem
313 383 431 439 vinculis
458 384 643 438 constrictum
666 388 693 437 et
717 383 825 439 catenis
854 384 954 439 ferreis
972 389 994 442 Α
1009 391 1058 441 tua
1072 383 1282 457 prosecutione,
1298 397 1366 455 ergo
1385 385 1414 437 et
1429 386 1529 452 gentes
1549 379 1646 435 liberae
1668 384 1738 436 sunt
1757 396 1763 434 ι

106 476 188 532 andis
214 476 345 546 ligatum,
366 478 448 528 tuum
467 477 500 528 ut
518 472 555 527 sit
569 478 714 544 exspectes
735 473 899 544 refugium?
920 474 953 529 Et
1008 475 1094 547 plicio
1109 472 1251 528 saevientis
1265 471 1416 543 gebennoe,
1432 470 1501 541 quia
1517 469 1590 524 nihil
1609 468 1651 523 eis
1671 482 1763 525 comm

107 566 171 621 ideo
196 562 363 618 maledictus
388 568 421 617 tu
448 561 479 616 iu
505 561 600 635 domo,
629 560 797 617 maledictus
820 561 851 617 in
873 578 953 634 agro,
1008 564 1050 618 vit
1066 563 1230 620 divitiarum
1246 563 1341 631 legem
1361 575 1493 626 suarum,
1510 560 1603 612 solum
1618 558 1704 613 Israel
1723 557 1763 613 im

107 652 257 709 Psalmista
283 651 389 721 pariter
410 655 622 722 concrepante:
649 651 781 722 Deficiunt
802 657 955 721 peccatores
1008 653 1098 703 tatem
1136 647 1289 702 sustinebit
1315 662 1476 715 prunarum,
1508 645 1576 716 quia
1601 644 1643 699 illi
1669 644 1763 701 solie

107 758 126 797 o
161 746 235 796 terro
269 744 295 794 et
323 741 425 812 iniqui,
464 742 505 794 ito
540 743 570 794 ut
607 754 661 793 nou
693 739 844 796 subsutout
868 739 952 811 (Psoi.
1008 743 1107 792 ιιιιιῑΘ
1133 736 1246 808 eloquia
1272 737 1490 807 proptr-nrum.
1509 734 1542 788 lit
1566 735 1636 790 dum
1663 733 1758 790 omnis

107 847 164 900 crvr,
179 833 234 901 35).
1011 827 1170 882 abscederit
1184 825 1319 888 mundus,
1340 826 1426 879 lsrael
1442 829 1552 878 tantum
1567 823 1688 895 lugebit,
1713 822 1744 878 iu

146 920 187 974 tt.
207 918 330 988 Reliqua
350 933 417 972 vero
436 932 501 988 quae
531 917 651 987 posuisti
674 917 860 988 responsione
883 918 957 974 indi·
1009 916 1065 971 luit
1080 901 1261 987 magnumst
1278 914 1448 969 admirabile
1462 929 1569 968 nomen
1585 914 1647 983 ejus
1662 912 1748 982 (Psoi.

108 1023 167 1079 gna
204 1006 303 1078 judico
340 1022 411 1071 esse,
452 1021 504 1076 pro
540 1022 572 1060 eo
602 1006 677 1077 quod
710 1023 744 1060 ea
773 1022 882 1077 ponere
903 1007 955 1062 tibi
1010 1008 1048 1076 2).
1065 1006 1148 1060 Vides
1164 1004 1326 1076 quoddam
1353 1003 1436 1059 idolis
1463 1004 1550 1070 laves,
1568 1003 1640 1070 lovi,
1665 1003 1763 1058 ldercnv

109 1101 268 1152 coutrame
293 1095 411 1165 placuit,
436 1110 502 1165 quae
527 1101 576 1150 tua
599 1095 723 1165 segnitia
746 1111 895 1167 uunquam
910 1112 956 1151 me
1010 1095 1126 1160 lunoni,
1148 1101 1175 1149 te
1199 1094 1292 1164 ipsum
1311 1093 1423 1158 aduris;
1452 1101 1480 1146 et
1501 1092 1570 1147 dum
1599 1092 1705 1163 satagis
1728 1107 1763 1146 oc

110 1190 264 1256 negantem
279 1183 398 1237 audivit.
418 1184 487 1238 Nam
504 1183 582 1253 quod
603 1183 673 1238 dieis
690 1200 697 1238 :
713 1187 772 1241 Nou
785 1186 851 1250 fecit
865 1188 959 1241 taliter
1012 1184 1167 1250 Christum,
1183 1183 1347 1238 Barabbam.
1357 1181 1452 1252 eligis,
1471 1180 1559 1253 patris
1573 1181 1616 1235 tui
1637 1179 1749 1252 antiqui

111 1275 184 1328 omni
202 1275 308 1327 notioai
321 1272 405 1343 (Psoi.
422 1287 520 1339 crrvu,
537 1271 592 1343 26),
615 1273 675 1343 jam
692 1273 845 1344 meipsam
862 1274 958 1328 natio·
1012 1274 1186 1327 ministrum.
1207 1272 1301 1326 ilicis:
1326 1271 1417 1336 Quem
1434 1270 1568 1325 ¹iudans
1588 1270 1651 1336 luit,
1675 1274 1705 1324 et
1733 1269 1763 1324 ci

111 1377 189 1430 nem,
200 1362 247 1416 cui
259 1366 340 1415 tanta
352 1361 431 1428 iecit,
446 1377 507 1415 esse
520 1361 641 1415 lirmavi.
658 1362 690 1416 Et
706 1377 758 1416 nec
779 1377 894 1419 necasse
917 1367 960 1416 est
1012 1360 1150 1415 cisionern
1163 1359 1304 1430 implevit,
1330 1364 1358 1413 et
1383 1360 1438 1413 elia
1460 1374 1511 1428 per
1535 1374 1600 1428 quae
1618 1357 1670 1412 tibi
1696 1373 1763 1415 rave

112 1450 184 1505 mihi
207 1449 292 1505 latius
311 1465 496 1521 prosequere,
523 1451 600 1520 quod
621 1450 746 1505 breviter
759 1450 892 1523 superins
917 1452 960 1506 in·
1013 1450 1123 1505 aditum
1138 1448 1256 1514 claudis,
1273 1448 1344 1503 dum
1368 1447 1398 1502 in
1428 1447 1569 1502 Belzebub
1592 1447 1666 1501 iacta
1688 1447 1763 1501 calm

113 1538 220 1594 tentavi
238 1538 327 1610 :quia
341 1543 371 1592 et
382 1538 531 1593 fastidium
553 1544 692 1609 generant
708 1539 812 1610 sapius
827 1540 957 1610 repetita,
1013 1544 1043 1594 et
1054 1538 1194 1611 Spiritum
1216 1542 1347 1591 sanctum
1369 1536 1568 1607 blasphemare
1588 1551 1738 1606 nunqnam
1760 1551 1763 1590 :

114 1633 144 1683 et
160 1626 382 1698 intelligentiam
402 1628 555 1682 obscurant
579 1627 724 1682 multoties
748 1629 832 1683 dicta.
856 1630 960 1684 Furnos
1014 1628 1073 1683 das.
1090 1627 1144 1684 Sed
1158 1626 1251 1681 dicam
1267 1625 1319 1681 tibi
1334 1626 1412 1681 unde
1433 1641 1498 1680 cum
1514 1626 1643 1696 pejorem
1666 1625 1712 1679 his
1726 1639 1763 1680 ou

115 1732 181 1771 vero
205 1721 262 1771 tuae
282 1714 416 1770 caecitetis
430 1715 616 1788 adspargens,
634 1717 845 1789 domorumque
865 1718 961 1790 caligi-
980 1687 1163 1771 Bhabuisti:
1189 1715 1261 1780 Quia
1284 1731 1349 1770 cum
1365 1720 1457 1770 castos
1484 1714 1652 1785 diligentem
1680 1718 1711 1768 et
1735 1712 1764 1767 vi

114 1822 175 1872 nes,
192 1805 296 1877 quibus
312 1804 411 1858 lumen
435 1809 563 1858 nostrum
589 1805 744 1861 obcludere
769 1807 850 1878 cupis
864 1806 961 1862 dicis·
1015 1804 1184 1876 cognovisti.
1200 1804 1330 1859 Dicerem
1345 1803 1408 1868 tibi,
1434 1803 1559 1874 utquid
1582 1801 1690 1857 exstitit
1713 1801 1763 1857 cirt

113 1900 141 1949 te
154 1897 184 1949 in
200 1894 374 1949 Francorum
397 1894 472 1964 regis
487 1893 594 1964 palatio
619 1895 723 1950 vidisse
743 1896 961 1967 quatuordecim
1015 1911 1072 1961 sus,
1089 1894 1145 1949 nisi
1159 1910 1224 1949 eam
1236 1894 1288 1949 tibi
1304 1894 1448 1965 cognitam
1473 1893 1586 1948 scirem.
1603 1891 1677 1956 Quid
1691 1890 1763 1946 enin

112 1979 189 2034 viros
203 1979 278 2034 inter
299 1980 420 2051 seipsos
441 1981 520 2035 cultu
544 1981 682 2036 diversos.
702 1983 789 2047 Quasi
808 1984 960 2040 nescienti·
1016 1989 1059 2038 est
1081 1984 1111 2037 in
1135 2000 1212 2037 casso
1228 1983 1326 2037 labore
1350 1998 1431 2036 arma
1454 1981 1602 2045 ventilare,
1618 1985 1648 2034 et
1673 1995 1763 2034 enm<

113 2069 167 2123 bus
178 2069 284 2124 videris
296 2069 402 2140 jactare
419 2070 588 2125 doctrinam.
605 2070 678 2136 Quid
696 2073 774 2127 enim
792 2073 864 2128 mihi
882 2075 962 2129 obest
1015 2068 1066 2141 qui
1081 2084 1110 2123 se
1122 2068 1267 2138 perditum
1282 2083 1340 2121 nou
1353 2066 1443 2121 nescit
1457 2066 1537 2121 esse?
1551 2066 1638 2120 iloleo
1662 2079 1749 2135 super

114 2157 191 2229 quod
207 2157 314 2224 vidisti,
332 2158 446 2212 etmihi
467 2160 615 2213 renuntias
635 2161 712 2231 quod
736 2162 823 2218 etiaiu
849 2162 873 2218 si
902 2180 961 2218 non
1016 2174 1162 2226 conserve,
1180 2163 1210 2212 et
1223 2163 1256 2212 ut
1276 2158 1351 2212 Deus
1372 2156 1461 2223 novit,
1478 2155 1570 2210 veraci
1589 2154 1675 2209 corde
1703 2168 1763 2208 com

114 2245 243 2315 vidisses,
280 2251 308 2300 et
336 2246 440 2301 vidisse
474 2251 503 2300 te
522 2247 616 2303 dicere
653 2249 789 2320 poteras?
826 2251 962 2323 Nunquid
1017 2247 1079 2315 tibi,
1106 2245 1157 2317 qui
1184 2250 1251 2316 post
1289 2250 1368 2301 tanta
1394 2247 1423 2300 et
1456 2245 1523 2299 talia
1559 2243 1638 2298 nisus
1667 2258 1697 2297 es
1724 2257 1763 2299 ve:

115 2335 219 2406 ignoro
248 2335 405 2389 novitatum
435 2350 555 2404 errores,
583 2341 612 2390 et
637 2339 820 2410 septuaginta
841 2340 962 2396 duarum
1016 2335 1128 2391 inania.

115 2424 258 2479 haeresum
269 2425 432 2494 pravitates,
442 2424 501 2478 imo
519 2425 606 2480 etiam
619 2425 825 2481 ritusdiversos
840 2428 962 2499 legendo
1054 2427 1093 2480 tt.
1123 2423 1203 2488 Orrod
1227 2438 1295 2479 vero
1324 2422 1464 2477 sententia
1488 2421 1694 2493 prophetarum
1721 2436 1763 2492 pa

114 2512 246 2583 cognovi,
263 2512 330 2567 licet
348 2517 376 2567 te
396 2528 546 2583 nunquam
565 2514 791 2569 renuntiatorem
815 2515 960 2572 haberem.
1019 2519 1048 2569 et
1062 2518 1204 2568 commata
1218 2526 1233 2568 a
1247 2512 1359 2578 iudicis,
1375 2527 1512 2583 cognosse
1528 2526 1574 2566 me
1585 2527 1632 2565 eas
1643 2511 1719 2566 bena
1731 2509 1763 2565 r'u

116 2601 239 2656 Deorum
256 2616 322 2655 vero
338 2600 491 2671 gentilium
504 2617 554 2656 cur
567 2604 764 2658 enumerando
780 2605 963 2676 prosequeris
1018 2601 1148 2672 mihique
1163 2600 1261 2655 omnia
1290 2607 1481 2654 consentanea
1510 2615 1590 2653 esse:
1621 2598 1761 2669 pleraque

115 2688 243 2754 nomina,
269 2703 395 2759 quorum
417 2690 471 2744 hoc
498 2693 630 2760 tempore
653 2692 749 2745 nullus
769 2693 917 2762 proeliatur
939 2696 960 2747 b.
1014 2691 1075 2760 jam
1090 2688 1163 2743 iacta
1189 2687 1228 2742 ibi
1251 2692 1414 2754 narrantur,
1431 2687 1487 2740 alia
1502 2686 1583 2745 mihi,
1606 2685 1656 2756 qui
1676 2685 1763 2740 lsrael

117 2775 171 2831 Sed
187 2775 278 2831 dieis:
304 2776 439 2849 Nunqnid
456 2781 486 2832 tn
502 2777 625 2847 majores
639 2778 738 2833 domos
751 2780 817 2835 iesu
831 2787 880 2835 tuo
895 2781 964 2835 iacis
1017 2776 1113 2831 futura
1137 2780 1282 2831 teruntur.
1308 2775 1449 2829 Nonnulla
1473 2774 1705 2828 convertentibus
1729 2788 1763 2827 vo

116 2880 201 2935 qnam
212 2864 254 2919 illi
268 2864 321 2919 diis
336 2865 395 2920 suis
408 2866 547 2934 iecerunt,
565 2883 631 2921 cum
651 2883 725 2921 unus
739 2885 771 2923 ex
790 2869 835 2923 his
859 2869 898 2924 ita
919 2870 962 2924 sui
1018 2864 1075 2920 fine
1090 2866 1125 2920 ad
1137 2865 1368 2936 praedicationem
1384 2865 1450 2919 Eliae
1467 2868 1648 2934 promuntur,
1666 2863 1763 2934 quand

117 2952 230 3008 delubri
246 2954 351 3009 desseat
365 2970 450 3009 causa
464 2963 494 3010 ⁰:
983 2983 1003 3038 C
1019 2960 1082 3008 tum
1093 2954 1284 3025 quadraginta
1296 2959 1420 3025 quatuor
1444 2953 1534 3007 millia
1554 2952 1592 3007 ad
1617 2952 1702 3006 iidem
1724 2967 1763 3006 ver

178 3059 234 3119 1101,
245 3059 309 3108 mihi
322 3059 378 3123 jam
392 3060 468 3111 vid00
483 3061 577 3111 subitis
593 3062 699 3125 129212„
712 3063 797 3112 mim,
1020 3044 1123 3099 Christi
1138 3043 1245 3098 reversi
1258 3043 1376 3109 luerint,
1393 3042 1480 3113 quiet
1492 3043 1763 3113 sequnnturlgnnn

178 3120 290 3171 Condita
303 3121 374 3171 lama
387 3122 442 3183 diu,
456 3124 547 3187 templi
562 3137 667 3188 quoque
684 3126 782 3174 nobilis
798 3125 891 3177 tndem.
1019 3148 1132 3203 cunque
1147 3131 1212 3186 ierit
1226 3131 1323 3202 (Apoc,
1339 3130 1408 3201 xiv).
1429 3131 1530 3185 Omnia
1551 3131 1628 3185 enim
1644 3146 1709 3200 quae
1732 3145 1763 3200 pq

116 3220 168 3274 Pro
184 3235 242 3290 quo
255 3236 308 3274 nos
318 3220 372 3275 ista
382 3221 586 3293 subjungimus
602 3238 609 3276 :
1018 3220 1162 3276 exhibebit
1191 3236 1249 3274 non
1274 3220 1395 3274 mendax
1421 3220 1504 3286 Deus,
1521 3219 1702 3288 temporibus
1723 3219 1763 3272 sul

177 3325 352 3376 ilaucidolum
368 3325 492 3389 quiddam
505 3326 584 3376 balba
598 3327 631 3377 de
645 3341 708 3377 nare
723 3328 828 3378 locutus
1018 3310 1073 3374 bis,
1099 3308 1271 3375 110¹¹V⁰bi⁸i
1298 3308 1379 3361 V⁰bi⁵
1399 3308 1485 3362 ellam
1513 3323 1578 3361 ΜΠ]
1598 3306 1711 3360 fueritis
1734 3322 1763 3361 ⁰⁶

179 3387 386 3452 Proesslrvpistflss
402 3389 521 3438 iessflffll
547 3389 702 3453 luvellum
718 3392 902 3455 verberatam.
1020 3399 1053 3452 ad
1083 3405 1226 3468 pastorem
1255 3403 1283 3450 et
1310 3396 1486 3450 visitatorem
1514 3395 1675 3448 animarum
1705 3402 1763 3449 vest

117 3485 166 3541 llic
191 3483 273 3551 mihi,
299 3483 396 3550 miser,
427 3489 455 3538 et
476 3490 573 3539 tamen
602 3501 661 3540 non
684 3486 867 3556 miserabilis,
895 3488 965 3559 quid
1020 3488 1041 3554 (l
1065 3487 1135 3540 Patr.
1153 3485 1322 3553 11,25).Sed
1338 3491 1460 3555 rogote,
1482 3489 1513 3538 ut
1534 3484 1659 3537 fraterno
1685 3498 1763 3538 more

118 3571 305 3626 emolumenti
333 3572 386 3626 tibi
409 3573 461 3626 ista
485 3572 598 3628 advexit
629 3575 804 3629 narrationis
823 3576 965 3632 invectio?
1018 3580 1107 3630 tatem
1129 3575 1199 3629 mihi
1222 3591 1278 3628 non
1298 3574 1479 3628 mendacium
1502 3573 1640 3643 proferas.
1670 3572 1763 3627 ilicis=

117 3661 210 3733 placet
220 3659 326 3728 ustibi,
343 3665 373 3714 nt
383 3664 432 3714 tuo
446 3661 498 3715 tibi
510 3667 599 3732 etego
611 3679 745 3718 sermone
763 3665 963 3734 respondeam,
1019 3665 1081 3717 lstae
1091 3664 1239 3717 sententiae
1255 3678 1300 3717 me
1308 3663 1455 3732 judaizare
1469 3666 1634 3730 coegerunt.
1650 3663 1682 3716 iit
1694 3676 1747 3715 cur

118 3749 293 3819 dicamque:
324 3749 462 3820 Nunquid
486 3758 518 3804 tu
542 3750 600 3805 ileo
628 3754 678 3805 tuo
705 3753 963 3822 majoresdomus,
1019 3752 1130 3808 acorda
1145 3751 1293 3806 dissentit?
1308 3767 1358 3805 cur
1373 3767 1404 3805 os
1424 3751 1520 3804 animo
1540 3766 1598 3803 non
1616 3750 1763 3804 concordat

118 3853 206 3908 quam
218 3837 259 3892 dii
272 3836 404 3893 homines
418 3838 472 3892 diis
487 3839 545 3893 suis
568 3839 718 3910 fabricare,
736 3846 818 3912 potes
833 3842 965 3913 erigeret
1019 3840 1097 3895 aliud
1112 3840 1196 3908 labia,
1212 3839 1290 3894 aliud
1309 3839 1394 3893 corda
1405 3839 1543 3894 volutant.
1553 3838 1612 3894 Scis
1622 3839 1752 3908 prolecto

117 3924 227 3980 Addam
242 3924 267 3979 si
283 3926 363 3996 velis,
378 3927 464 3981 etiam
478 3927 555 3982 aliud
576 3932 604 3981 et
617 3928 749 3983 ieremioe
763 3945 814 4000 per
827 3930 965 4001 alpbaba-
1017 3929 1162 3999 judaizare
1177 3928 1336 3998 compellit;
1354 3928 1404 3998 qul
1419 3929 1508 3982 Adam
1523 3943 1539 3981 a
1553 3927 1686 3998 paradiso
1697 3927 1763 3996 ajam

117 4014 205 4068 ticum
220 4015 379 4083 planctum,
403 4030 466 4069 cum
491 4016 577 4085 hujus
592 4016 707 4087 gentilis
721 4033 885 4088 comparem
901 4020 963 4074 ido·
1019 4017 1211 4084 Salomonem,
1225 4017 1303 4071 idida
1319 4020 1333 4061 b
1348 4016 1473 4080 Domini,
1490 4031 1586 4070 errare
1605 4016 1690 4081 iecit,
1708 4016 1758 4086 qni

118 4102 296 4157 lisdeilentis
320 4104 509 4158 resumitaec
533 4104 686 4175 nonculpa
709 4110 807 4159 nostra
830 4112 883 4174 est,
915 4109 963 4163 sed
1019 4106 1082 4160 soni
1109 4106 1206 4159 oculos
1233 4106 1315 4173 tulit3
1344 4106 1394 4176 qui
1420 4106 1510 4158 Etiam
1549 4103 1732 4176 perumque¹

118 4195 178 4256 tua,
207 4190 329 4261 quinos
352 4190 479 4260 coegisti,
503 4196 530 4244 et
555 4192 736 4247 centnmeliis
765 4193 850 4264 plena
877 4197 963 4253 verba
1020 4193 1234 4248 concussistis
1256 4193 1408 4265 scirequis
1429 4193 1501 4247 tanti
1527 4199 1626 4247 auctor
1650 4193 1763 4246 estmal

119 4277 294 4349 prompsisti.
983 4257 1005 4310 ὓ
1021 4283 1109 4350 mina,
1124 4299 1188 4354 quae
1203 4286 1245 4336 est
1260 4282 1350 4336 animi
1366 4287 1393 4336 et
1407 4282 1535 4352 corporis
1545 4284 1630 4336 tinea.
1649 4282 1683 4334 Et
1697 4295 1763 4351 quot

157 4369 199 4421 15.
224 4366 305 4431 Quod
328 4371 424 4421 antem
445 4367 574 4439 pejorem
595 4367 739 4426 Christum
761 4371 854 4428 dicere
878 4389 964 4429 ausus
1018 4371 1139 4442 coepisti,
1155 4387 1206 4425 cur
1220 4370 1333 4442 perficis
1355 4374 1418 4424 actu
1433 4371 1543 4442 pejori?
1559 4387 1609 4424 cur
1629 4385 1763 4424 venereas

120 4471 160 4521 es,
184 4460 241 4510 ture
265 4455 369 4509 animas
384 4455 529 4511 homicida
557 4472 595 4523 es,
619 4457 669 4530 qni
693 4459 811 4515 veritate
836 4461 965 4532 neglecta
1009 4465 1109 4531 piatas
1124 4467 1247 4525 secutus,
1267 4458 1384 4514 Veneris
1405 4461 1495 4514 frictus
1510 4475 1540 4513 es
1555 4460 1670 4513 servus‘l
1682 4458 1711 4513 Si
1733 4463 1764 4513 te

120 4543 214 4597 verbis
240 4543 464 4615 tepurgandnm
490 4546 579 4616 cupis,
596 4548 647 4619 qui
676 4550 762 4604 rebus
776 4550 898 4622 urgeris,
922 4552 966 4606 di·
995 4576 996 4580 ι
1020 4548 1152 4611 delectat,
1181 4553 1210 4602 et
1237 4548 1386 4619 virginitas
1413 4549 1572 4618 ssoridaqnc
1609 4548 1723 4602 castitas
1758 4547 1763 4601 l

119 4647 207 4687 cens:
228 4631 273 4686 illi
294 4648 347 4687 nec
374 4632 468 4705 legem
487 4633 623 4703 habuere,
645 4653 698 4692 nec
712 4638 770 4692 illis
790 4640 863 4694 Deus
878 4640 964 4710 quid·
1020 4654 1078 4692 nou
1092 4638 1216 4704 Judreos,
1232 4638 1279 4692 sed
1296 4637 1501 4691 ldameutianos
1521 4636 1528 4680 l
1554 4637 1678 4707 inquire,
1699 4634 1749 4689 ubi

120 4734 207 4792 quam
228 4719 365 4792 requiret,
391 4720 469 4791 quod
492 4737 640 4795 nunquam
662 4725 884 4781 commendavit.
909 4729 966 4782 Hac
1020 4728 1089 4782 dum
1108 4727 1244 4781 saeculnm
1267 4727 1387 4796 fulgens,
1413 4732 1443 4779 et
1465 4741 1521 4779 non
1549 4740 1636 4779 unam
1660 4739 1763 4807 uxorea

155 4872 168 4898 ⁸
187 4863 245 4929 lia,
259 4862 346 4918 ducis.
1020 4867 1208 4922 vocabulario
1228 4866 1326 4921 Bibliae
1347 4864 1558 4935 Complutansis
1573 4867 1702 4935 apparet.
1719 4862 1763 4917 liiv

155 4934 247 5003 bita,
261 4934 452 5002 prelibcttura.
1020 4945 1093 4992 tasse
1109 4937 1229 4992 idithum
1249 4937 1279 4991 in
1298 4953 1379 4990 versu
1405 4936 1481 5007 apud
1497 4936 1619 4991 Glossar.
1642 4936 1763 5004 Cangear

155 5013 166 5039 ⁰
186 5004 246 5072 lis,
266 5004 443 5060 suedelubris
458 5005 553 5074 derteot
567 5021 659 5072 causa,
676 5008 696 5062 i.
714 5023 822 5063 casum.
1020 5025 1074 5063 ma
1097 5008 1200 5062 latinit.
1226 5011 1318 5077 Atque
1342 5011 1537 5077 prophetorum
1569 5006 1698 5074 psalmos,
1721 5005 1763 5059 Idi

154 5073 271 5144 dApud
307 5076 457 5131 Persium:
480 5078 608 5146 Etiquot3
638 5083 663 5132 et
688 5084 776 5134 tenero
805 5080 967 5150 supplantat
1022 5080 1123 5134 libellos
1142 5095 1148 5133 :
1166 5079 1214 5133 ubi
1234 5095 1285 5147 per
1299 5078 1410 5133 libellos
1431 5078 1519 5133 ldttlvi
1545 5076 1705 5131 Salomonis
1734 5077 1763 5129 vi

118 5147 202 5201 acrba
216 5147 320 5216 potato.
337 5146 397 5202 Sat.
410 5164 430 5214 ι,
445 5163 471 5201 v.
484 5151 528 5204 35.
1020 5150 1087 5205 libri
1116 5150 1293 5219 significari:
1321 5150 1403 5219 quasi
1439 5148 1547 5202 diceres
1571 5148 1664 5202 dilecti
1688 5146 1732 5199 vel
1760 5171 1763 5200 ι

155 5218 306 5285 ⁸Ms.,est.
1021 5221 1067 5286 lis,
1084 5226 1114 5274 ut
1143 5221 1188 5275 hic
1217 5221 1337 5274 Alvarus
1364 5219 1500 5274 Salomon
1526 5218 1605 5271 idida
1639 5218 1756 5271 Domini.

157 5286 607 5357 ¹1.0os,vetf0rtezontsqae.
1022 5294 1118 5346 Poem.
1147 5308 1206 5354 vru,
1242 5306 1299 5344 ver.
1328 5293 1360 5345 35
1392 5289 1537 5343 inculcat:
1564 5287 1657 5354 idida,
1691 5287 1742 5359 qui

136 5369 172 5435 ¹v
191 5357 220 5411 ld
236 5363 287 5424 est,
311 5357 388 5428 quod
414 5359 518 5412 nostris
539 5361 624 5428 punio
639 5376 657 5429 p
672 5375 756 5425 como,
778 5361 889 5435 virgula
911 5363 968 5417 sci·
1021 5363 1167 5419 Christum
1184 5377 1259 5416 nunc
1270 5361 1330 5431 ipse
1346 5360 1490 5415 Salomon.

122 5426 190 5480 licat
203 5435 394 5498 oumpuncto.
1057 5431 1108 5486 il..
1128 5440 1289 5502 parcumque
1316 5447 1349 5485 ex
1375 5432 1423 5485 lib.
1447 5448 1478 5484 111
1506 5431 1575 5498 ch.
1593 5445 1654 5499 cap.
1671 5444 1728 5496 ιιι,
1743 5443 1762 5480 v

158 5496 277 5551 hidido
303 5498 434 5553 hebraica
460 5515 524 5566 vox,
552 5499 628 5555 idem
655 5517 687 5556 ac
713 5502 851 5572 amabilis,
878 5507 910 5557 nt
935 5520 966 5558 ex
1052 5531 1059 5573 t
1087 5502 1180 5571 idest,
1197 5502 1723 5575 quosrulgodieimusMobomctouos.
