3930 6098
504 281 551 336 DE
571 280 747 338 cuneatur
766 283 834 340 PER
854 285 950 341 autu
972 285 1212 343 unannrtonn.
1677 296 1745 348 1078

85 411 106 466 ιι
128 411 241 482 generis
263 426 357 465 massa
379 410 524 477 damnata,
547 410 587 465 ita
602 411 692 466 dicit:
708 412 832 482 [Quanto
851 416 875 469 A
891 434 905 463 α
919 430 953 468 ιι
969 414 1068 469 ιιιιιι
1081 430 1175 469 massa
1188 415 1255 471 fecit
1269 416 1346 472 aliud
1363 433 1410 471 ras
1422 417 1460 486 ,in
1483 419 1633 488 honorem,
1658 421 1736 477 aliud

85 499 177 570 magis
191 500 279 554 homo
303 499 451 554 fruebatur
467 501 535 565 lieo,
558 505 638 554 tanto
654 503 764 572 majore
778 502 833 557 im·
888 502 919 556 in
943 502 1145 557 coutumeliam
1171 505 1255 573 (Rom.
1281 507 1343 574 nrt:
1368 525 1383 554 ι
1404 506 1485 576 prins
1506 512 1603 562 autem
1628 508 1737 563 lactrrm

85 604 93 643 ι
113 588 269 660 dereliquit
293 589 399 655 Deum3
413 592 442 642 et
463 588 553 642 factus
572 593 615 642 est
637 589 713 644 malo
730 591 834 660 diguus
889 595 934 645 est
949 607 997 645 vas
1012 589 1043 645 in
1055 590 1271 657 contumeliam,
1286 598 1352 663 post
1371 610 1437 649 reru
1452 595 1574 651 alterum
1600 596 1629 650 in
1644 597 1736 652 hono-

85 693 103 744 ι,
120 677 171 748 qni
183 677 237 731 hoc
251 677 281 730 iu
292 693 322 731 se
337 676 460 748 peremit
469 676 589 738 bonum,
606 677 684 748 qnod
695 693 756 731 esse
770 693 835 747 pos·
889 678 972 748 rem]
987 680 1050 734 lam
1071 695 1147 747 vero,
1163 679 1193 733 ιι
1210 679 1290 734 libris
1315 681 1349 736 de
1365 683 1511 753 Baptismo
1534 685 1735 752 parvulorum,

85 765 723 836 eruum.Hincestuuiversageucrishumani
741 782 834 820 massa
887 771 965 823 tanto
994 768 1077 838 plura
1105 767 1141 822 de
1169 768 1221 821 hac
1257 782 1287 823 re
1317 770 1456 842 loquitur,
1489 778 1596 843 quanto
1624 773 1734 844 majore

84 859 121 910 rte
137 871 144 908 ε
162 855 299 926 quoniam
313 855 363 925 qni
377 855 431 909 hoc
451 854 563 925 primus
578 854 693 910 admisit
708 870 773 909 cum
788 870 831 919 ea,
888 854 1048 909 intentione
1065 861 1137 925 opus
1152 860 1223 920 erat,
1240 860 1272 909 ut
1286 856 1420 912 adversus
1433 859 1566 928 praefatos
1584 860 1734 914 haereticos

85 943 162 998 nillu
177 944 271 998 luerat
295 943 430 1008 radicata,
447 959 498 997 sua
521 945 610 1014 stirpe
624 944 744 1015 punitus
767 947 831 999 est:
888 943 1069 1014 Pelagianos,
1096 948 1124 998 et
1152 959 1268 1014 poeuam
1304 944 1495 1000 damnationis
1529 947 1655 1018 autiquae
1683 963 1735 1018 per

85 1033 126 1087 lus
142 1032 176 1086 ab
191 1033 245 1087 hoe
257 1032 334 1102 justo
348 1031 505 1103 debitoque
523 1033 663 1103 supplicio
678 1033 734 1087 nisi
747 1033 832 1087 mise·
887 1032 978 1087 Adam
994 1036 1022 1086 et
1040 1032 1250 1103 indulgentiam
1270 1048 1350 1087 novae
1375 1034 1581 1104 redemptionis
1607 1052 1659 1106 per
1678 1037 1733 1090 lto-

84 1120 110 1175 ia
130 1125 159 1175 et
182 1120 311 1176 indebita
333 1120 426 1191 gratia
449 1120 594 1185 liberetur,
618 1126 704 1192 atque
725 1122 765 1176 ila
787 1121 831 1176 di·
887 1119 1000 1173 minum
1023 1121 1120 1175 lesum
1155 1120 1299 1176 Christum
1329 1121 1487 1176 euidentius
1511 1123 1732 1190 demonstraret,

85 1215 140 1265 rtur
165 1226 256 1281 genus
281 1209 452 1274 humanum,
480 1214 512 1262 ut
538 1209 568 1264 in
590 1210 762 1280 quibusdam
786 1210 833 1265 de
888 1208 1033 1278 probaret,
1049 1212 1373 1279 alqnecommendaret.

84 1304 162 1353 retur
184 1298 255 1370 quid
271 1298 363 1352 valeat
386 1297 546 1352 misericors
562 1298 653 1368 gratia
671 1297 703 1351 ιι
721 1296 832 1351 caeteris
923 1298 959 1350 Er
975 1296 1020 1350 his
1035 1296 1130 1367 itaque
1143 1297 1222 1362 libris
1238 1299 1299 1353 hoec
1322 1302 1388 1352 sunt
1413 1315 1478 1370 quac
1503 1299 1539 1353 ad
1563 1302 1735 1355 nostramet

85 1390 145 1442 usta
168 1386 301 1441 vindicta.
319 1387 418 1455 Neque
441 1385 519 1440 enim
535 1391 689 1457 utrumque
712 1385 832 1440 demon·
887 1400 986 1439 eorum
1002 1386 1050 1457 qui
1064 1387 1160 1457 legere
1174 1387 1318 1441 noluerint
1334 1387 1565 1455 instructionem,
1582 1392 1611 1442 et
1625 1388 1734 1443 contir-

85 1490 109 1530 rr
132 1474 163 1528 in
184 1475 329 1530 omnibus.
352 1473 424 1540 Quia
447 1474 470 1528 si
486 1490 585 1528 omncs
599 1478 782 1529 remanerent
801 1474 832 1528 in
887 1473 1043 1529 mationem
1060 1474 1234 1542 adnotanda,
1247 1480 1276 1529 et
1286 1476 1474 1546 proponenda
1487 1476 1671 1532 credidimus.
1688 1477 1736 1532 Ait

89 1564 173 1635 justae
196 1562 398 1629 damnationis,
413 1563 444 1618 iu
460 1563 539 1617 nullo
554 1567 706 1634 appareret
719 1561 831 1616 miseri·
887 1564 995 1634 ergoin
1023 1563 1117 1634 primo
1139 1563 1212 1618 libro
1236 1566 1307 1634 (cap.
1327 1565 1379 1633 ll),
1406 1564 1509 1618 dehac
1531 1580 1562 1619 re
1584 1565 1735 1636 disputans

85 1651 165 1706 ratic.
186 1651 303 1718 Rursus,
320 1651 342 1705 si
357 1666 457 1706 omnes
479 1651 831 1705 transferrenturatene-
887 1652 941 1706 hoe
966 1652 1069 1707 modo:
1102 1650 1166 1724 [Sed
1193 1670 1207 1702 ι
1236 1651 1376 1723 regnavit,
1404 1672 1418 1700 a
1442 1650 1540 1722 inquit
1568 1653 1732 1723 Apostolus,

85 1759 89 1794 l
108 1740 212 1805 lucem,
229 1739 259 1793 in
272 1740 352 1794 nullo
372 1744 524 1810 appareret
537 1738 641 1793 raritas
655 1738 785 1806 ultionis,
801 1739 830 1793 iu
849 1711 872 1768 Β
887 1760 902 1790 «
917 1756 993 1795 mors
1007 1739 1043 1795 ab
1057 1741 1255 1811 Adamsusque
1269 1739 1304 1794 ad
1321 1740 1434 1810 ldoysen
1447 1740 1535 1810 (Rom.
1554 1757 1590 1807 vr,
1608 1739 1661 1811 tl),
1682 1740 1731 1796 ιιι

85 1834 212 1899 ropterea
223 1829 314 1883 multo
329 1828 426 1899 plures
440 1844 527 1899 qnam
543 1827 637 1882 inille
653 1833 729 1892 sunt,
746 1832 778 1881 ut
792 1828 832 1883 sio
885 1834 937 1895 est,
954 1845 970 1883 a
985 1828 1080 1899 primo
1096 1828 1213 1883 homine
1239 1844 1329 1899 usque
1352 1828 1389 1882 ad
1412 1828 1504 1899 ipsam
1523 1828 1610 1882 etiam
1624 1828 1729 1899 legem,

85 1919 154 1971 ,etur
168 1915 238 1987 qnid
253 1916 388 1971 omnihus
407 1916 569 1972 deberetur.
586 1916 667 1982 Quod
692 1917 716 1969 si
738 1916 831 1971 omni·
884 1933 949 1988 (ιιι
964 1917 1099 1972 divinitus
1121 1918 1304 1988 promulgata
1319 1921 1380 1982 est;
1398 1916 1467 1988 quia
1488 1932 1541 1970 uec
1555 1916 1616 1987 ipsa
1639 1916 1733 1987 potuit

85 2003 231 2072 ιιιιιιιι,
245 2004 388 2075 justitiam
403 2005 574 2060 vindicantis
584 2006 662 2075 juste
684 2021 770 2060 nemo
786 2021 831 2060 re·
885 2021 1034 2076 «reguum
1058 2006 1158 2060 mortis
1183 2025 1197 2058 ι
1221 2006 1343 2061 auferre.
1370 2007 1502 2076 Regnum
1527 2005 1605 2059 euim
1628 2005 1729 2059 mortis

85 2093 187 2163 rderet,
204 2093 272 2164 quia
284 2100 421 2148 voratam
434 2093 532 2149 multis
544 2094 645 2149 exinde
660 2094 830 2161 liberantur,
883 2093 945 2148 vult
965 2092 1098 2164 intelligi,
1122 2092 1237 2165 quando
1260 2093 1300 2148 ita
1323 2092 1489 2148 dominatur
1511 2092 1542 2146 in
1567 2091 1733 2147 hominibus

85 2179 116 2234 de
131 2186 253 2252 agantur
267 2181 514 2252 maximoegratiae
529 2181 653 2253 gratuito
670 2181 784 2236 muneri
801 2181 832 2235 li·
884 2185 980 2236 reatus
996 2181 1113 2252 peccati,
1131 2185 1162 2235 ut
1177 2196 1224 2235 eos
1247 2181 1385 2236 advitam
1412 2187 1561 2247 aeternam,
1586 2197 1651 2252 quae
1665 2197 1731 2236 vera

85 2266 131 2340 is}
884 2269 943 2324 rita
958 2273 1009 2337 est,
1024 2269 1122 2324 venire
1148 2285 1206 2323 non
1224 2269 1314 2336 siuat;
1332 2269 1380 2324 sed
1396 2269 1432 2324 ad
1453 2270 1607 2324 secundam
1631 2269 1730 2336 etiam,

85 2354 173 2410 tibi:
197 2354 279 2426 [Cum
308 2371 376 2427 crgo
410 2355 575 2426 requiritur,
605 2356 711 2428 inquit,
744 2373 831 2428 quam
884 2373 949 2430 quae
965 2358 1116 2428 poenaliter
1138 2361 1245 2412 aterna
1259 2362 1312 2427 est,
1335 2362 1458 2412 mortem
1482 2357 1596 2412 trahat:
1615 2357 1670 2413 hoc
1685 2373 1729 2412 re·

85 2458 108 2498 m
123 2445 197 2498 Deua
218 2444 320 2514 primis
343 2444 511 2500 homiuibus
525 2445 613 2499 luerit
628 2445 829 2514 comminatus,
884 2462 974 2518 gnum
991 2445 1090 2501 mortis
1104 2445 1165 2499 sola
1178 2445 1207 2500 in
1224 2445 1352 2516 quolibet
1366 2445 1483 2500 homine
1499 2445 1592 2517 gratia
1607 2446 1730 2501 destruit

86 2533 285 2588 amandatum
302 2533 575 2604 transgrederentur
597 2538 756 2603 acceptum,
779 2548 832 2588 uec
884 2535 1037 2590 salvatoris
1051 2549 1117 2605 quse
1132 2537 1250 2603 operata
1262 2537 1304 2587 ast
1317 2533 1405 2588 etiam
1419 2533 1449 2587 in
1474 2534 1601 2604 antiquis
1615 2534 1729 2589 sanctis.

85 2620 178 2675 utiam
190 2620 380 2691 custodirent,
396 2626 493 2676 utrum
506 2620 620 2687 animae,
637 2637 674 2675 an
691 2620 829 2691 corporis,
883 2623 958 2695 Ergo
972 2623 1003 2678 ιι
1018 2622 1152 2677 omnibus
1168 2643 1183 2670 «
1208 2621 1347 2692 regnavit,
1373 2637 1450 2676 mors
1474 2622 1509 2677 ab
1528 2622 1618 2678 Adam
1640 2639 1730 2693 nsque

85 2724 123 2764 ,ιι
137 2709 263 2765 hominis
279 2725 316 2764 ιι
332 2709 412 2764 illam
427 2725 491 2781 quae
507 2708 665 2780 appellatur
680 2709 831 2764 secunda?
883 2711 918 2766 ad
935 2713 1058 2782 Moysen,
1074 2730 1088 2760 n
1106 2709 1155 2781 qui
1171 2709 1276 2765 Christi
1289 2709 1382 2780 gratia
1406 2726 1465 2765 nou
1488 2711 1580 2782 adjuti
1604 2716 1681 2778 sunt,
1700 2716 1731 2766 ut

85 2797 227 2853 edendum
252 2803 314 2852 est:
351 2814 462 2853 omnes.
496 2798 592 2852 Prima
619 2797 697 2852 enim
720 2802 832 2852 constat
882 2815 1006 2870 regnum
1020 2799 1120 2853 mortis
1144 2797 1174 2851 in
1196 2798 1238 2852 eis
1262 2797 1466 2861 destrueretur,
1491 2799 1578 2854 etiam
1598 2822 1609 2849 ι
1626 2800 1657 2854 ιι
1676 2801 1728 2868 ιιι,

85 2885 164 2953 abus,
188 2902 223 2941 ex
244 2886 380 2941 omnibus
404 2890 472 2940 tota.
499 2884 578 2940 Sicut
599 2884 677 2939 enim
698 2884 830 2939 universa
884 2888 1006 2959 quinon
1020 2891 1210 2956 peceaverunt
1224 2886 1255 2940 in
1275 2886 1493 2941 similitudinem
1515 2889 1728 2958 praevaricatio-

85 2989 108 3028 ιι
128 2973 225 3028 multis
239 2973 323 3028 terris
346 2977 374 3027 et
397 2972 532 3026 universa
554 2971 677 3026 Ecclesia
700 2987 735 3026 ιι
750 2971 829 3026 mul-
849 2975 928 3062 cuis
942 2975 1010 3030 Αιιι
1025 2973 1129 3046 (ιιι),
1151 2974 1213 3028 »id
1237 2978 1289 3039 ιιι,
1314 2974 1364 3045 qui
1387 2973 1515 3028 nondum
1537 2991 1588 3029 sna
1610 2980 1639 3029 et
1660 2992 1728 3047 pro-

86 3061 162 3118 lesiis
178 3066 297 3131 constat,
312 3061 352 3115 sic
374 3060 507 3114 universa
526 3075 604 3115 mors
625 3076 660 3115 ιι
676 3059 827 3128 omnibns;
883 3064 947 3136 pria
973 3063 1130 3130 voluntate,
1155 3061 1227 3116 sicut
1250 3060 1299 3115 ille
1322 3066 1522 3132 peceaverunt,
1548 3062 1597 3117 sed
1620 3063 1656 3118 ab
1679 3063 1728 3119 illo

85 3166 120 3206 un
146 3150 242 3222 prima
269 3153 380 3205 constat
407 3148 530 3214 duabus,
560 3164 618 3202 una
646 3148 759 3214 animm,
783 3149 828 3202 al-
882 3157 1031 3224 peceatum
1046 3150 1187 3221 originale
1203 3155 1362 3210 traxerunt,
1379 3170 1394 3199 ι
1410 3149 1460 3221 qui
1474 3141 1622 3205 estlorma
1637 3151 1727 3206 futuri

85 3239 220 3311 ‚orporis:
251 3243 281 3294 nt
306 3238 343 3293 ait
372 3237 465 3308 prima
484 3237 572 3291 totius
603 3237 738 3306 hominis,
762 3252 826 3292 cum
881 3239 987 3310 (ιιιι.);
1005 3257 1019 3290 n
1036 3237 1207 3310 quiainillo
1222 3236 1727 3313 constitutaestformacondemna·

91 3327 152 3382 sinc
170 3329 238 3396 Deo,
264 3331 292 3381 et
315 3326 376 3380 siue
400 3341 519 3397 corpore
542 3325 576 3379 ιι
591 3329 705 3395 tempus
727 3341 827 3396 poenas
880 3327 967 3384 tionis
982 3327 1085 3382 futuris
1100 3325 1233 3397 posteris,
1252 3325 1302 3396 qni
1326 3325 1388 3396 ejus
1411 3325 1571 3396 propagine
1592 3343 1725 3382 crearen-

85 3416 189 3472 acuuda
203 3432 270 3470 rero
282 3414 330 3469 ubi
346 3413 442 3469 anima
457 3414 519 3468 sine
537 3415 595 3468 Deo
618 3429 683 3468 cum
708 3429 827 3486 corpore
880 3419 939 3484 tur,
955 3418 987 3467 ut
1004 3430 1039 3468 ιι
1063 3428 1121 3467 ιιι
1136 3428 1237 3467 οιιιιι
1259 3412 1289 3466 ιι
1313 3413 1551 3468 condemnatione
1576 3429 1723 3470 nasceren-

93 3510 214 3560 aeternas
229 3503 292 3559 luit.
314 3503 433 3568 Quando
457 3518 525 3574 ergo
550 3502 623 3558 dixit
644 3504 718 3558 Deus
731 3502 827 3574 primo
880 3506 936 3569 tur,
952 3517 985 3556 ex
999 3517 1056 3573 qua
1071 3517 1129 3554 non
1145 3500 1248 3555 liberat
1260 3500 1316 3554 nisi
1331 3501 1424 3571 gratia
1437 3500 1614 3574 Salvatoris.]

85 3593 156 3662 nini,
173 3609 259 3665 quem
276 3593 306 3646 in
331 3591 464 3663 paradiso
491 3592 680 3647 constituerat
702 3592 738 3647 de
762 3591 826 3647 cibo
915 3591 988 3645 ltem
1011 3589 1080 3661 (cup.
1106 3588 1173 3659 lll:
1202 3586 1246 3659 [ln
1269 3587 1458 3643 similitudine
1485 3589 1727 3659 prevaricationis

98 3703 112 3732 ι
128 3681 304 3752 Quocunque
319 3680 365 3734 die
388 3679 505 3734 ederitis
529 3696 562 3733 ex
578 3678 639 3745 illo,
656 3683 748 3733 morte
763 3694 824 3732 mo·
879 3677 948 3732 Adae
964 3693 1094 3747 peccasse
1106 3676 1287 3748 accipiuntur
1309 3676 1403 3747 quiin
1418 3677 1468 3732 illo
1483 3681 1681 3748 peceaverunt,
1695 3683 1726 3733 ut

85 3769 185 3842 i(Gcn.
215 3785 245 3836 11,
274 3768 357 3839 rt)‚·
384 3784 442 3822 non
466 3772 579 3823 tantum
599 3768 701 3839 primae
724 3767 825 3822 mortis
879 3764 1028 3819 eisimiles
1049 3769 1224 3830 crearentur,
1245 3763 1319 3818 sicut
1337 3779 1372 3818 ιι
1391 3764 1508 3818 homine
1527 3765 1669 3831 homines,
1685 3765 1725 3819 ita

85 3875 92 3914 ι
112 3859 240 3931 priorem
264 3857 313 3912 nbi
329 3856 426 3911 anime
441 3856 571 3927 privatur
591 3858 660 3923 Deo,
685 3870 738 3910 nac
762 3859 825 3909 tan·
880 3868 914 3908 ιι
928 3858 1077 3924 peccatore
1093 3857 1268 3923 peccatores,
1285 3868 1318 3906 ιι
1341 3851 1481 3907 morituro
1505 3851 1647 3919 morituri,
1671 3850 1724 3906 da-

85 3944 256 4001 ·oateriorem
283 3943 332 3998 nbi
359 3959 463 4014 corpus
493 3943 623 4014 privatur
643 3943 750 4007 anima,
773 3959 826 4000 ιιι
879 3946 1036 4012 muatoqne
1051 3939 1199 4011 damuati]

85 4033 176 4106 ipsam
192 4037 283 4088 totam
298 4032 433 4103 primam,
456 4031 504 4087 nbi
518 4032 614 4087 anima
629 4038 657 4087 et
672 4050 688 4087 a
707 4047 826 4104 corpore
916 4032 987 4086 ltem
1003 4031 1072 4100 (cup.
1090 4033 1131 4098 ιι)
1152 4046 1158 4083 :
1173 4029 1278 4103 [Potest
1292 4028 1416 4100 proinde
1431 4031 1508 4082 recte
1521 4028 1577 4083 dici
1590 4029 1724 4099 parvulos

85 4127 254 4194 inseparata
277 4120 406 4191 punitur,
424 4121 473 4176 sed
490 4121 630 4193 quidquid
658 4123 761 4177 mortis
784 4127 826 4177 est
880 4119 941 4174 siue
962 4118 1104 4189 baptismo
1132 4118 1167 4172 de
1188 4132 1308 4187 corpore
1328 4120 1465 4174 exeuntes
1486 4116 1516 4169 in
1538 4116 1724 4171 damnatione

85 4212 120 4268 ιι
139 4210 327 4266 novissimam
341 4225 406 4280 qnoe
434 4211 558 4265 secunda
581 4210 696 4278 dicitur,
712 4215 826 4283 quaest
880 4206 1009 4261 οιιιιιιι
1035 4205 1185 4260 mitissima
1208 4205 1327 4259 futuros.
1350 4204 1470 4259 llultum
1491 4208 1587 4258 autem
1611 4204 1724 4259 lallitet

85 4301 225 4367 rosterior,
241 4298 425 4354 comminatio
441 4298 490 4353 illa
504 4299 651 4370 complexa
666 4300 730 4370 est]
844 4295 997 4361 Dlallitur,
1013 4295 1063 4366 qui
1076 4311 1125 4348 eos
1138 4293 1361 4349 indemnatione
1375 4291 1513 4364 praedicat
1527 4308 1585 4346 uon
1600 4293 1721 4361 futuros,

89 4430 98 4457 ,
118 4404 183 4443 cum
199 4387 235 4442 de
257 4386 374 4443 exordio
396 4386 520 4441 duarum
542 4386 691 4440 civitatum
715 4391 823 4457 agerat,
878 4384 991 4439 dicente
1006 4384 1163 4453 apostolo:
1182 4404 1192 4431 ι
1209 4381 1352 4436 iudicium
1367 4397 1400 4435 ιι
1421 4397 1479 4435 uno
1495 4381 1598 4436 delicto
1614 4380 1644 4435 in
1658 4397 1724 4435 con-

85 4493 101 4532 ι
121 4492 179 4532 ιιι
201 4481 245 4532 ιιι
267 4477 328 4544 Dei,
346 4476 436 4530 altera
456 4474 571 4540 diaboli,
594 4475 643 4529 illa
668 4473 718 4529 Ilei
733 4475 825 4545 gratia
877 4470 1109 4526 damnationem:
1127 4491 1141 4520 ι
1157 4475 1185 4524 ιι
1199 4470 1285 4541 paulo
1301 4473 1373 4540 post,
1393 4490 1407 4518 ι
1422 4485 1475 4540 per
1488 4469 1574 4525 unius
1586 4469 1723 4525 delictum

85 4581 107 4630 a,
123 4565 177 4620 iste
191 4565 269 4635 justa
284 4565 393 4621 ultione
414 4563 558 4630 damnata,
589 4564 619 4618 in
643 4564 705 4635 ipso
729 4565 823 4618 statim
877 4558 908 4613 in
920 4573 1021 4612 omnes
1035 4557 1166 4612 homiues
1181 4556 1216 4611 ad
1231 4557 1510 4612 condemnationem.
1528 4558 1554 4628 a]

85 4653 143 4708 lem
170 4657 274 4708 exortu
297 4659 454 4724 utrumqne
485 4651 654 4707 mirabiliter
678 4657 824 4707 ostensum
914 4646 985 4701 ltem
1001 4649 1073 4714 (cup.
1090 4644 1381 4717 20):[ePanisquem
1395 4646 1565 4716 egodedero
1579 4663 1645 4702 caro
1659 4663 1724 4702 mea

85 4741 234 4807 amendat,
262 4741 376 4797 dicens:
406 4740 491 4814 [Cum
516 4741 644 4812 primum
671 4741 737 4808 dure
763 4741 825 4796 istae
878 4733 1095 4805 estprosoeeuli
1119 4733 1176 4787 rita
1200 4733 1288 4802 (loon.
1310 4749 1347 4798 rr,
1370 4734 1412 4798 54,
1437 4737 1493 4804 52).
1510 4755 1524 4784 n
1544 4734 1611 4799 Quis
1626 4739 1722 4790 autem

85 4832 125 4883 rut
139 4828 292 4894 nascendo,
317 4833 402 4900 atque
425 4827 575 4882 moriendo
600 4842 769 4897 procurrere
784 4827 823 4881 ci·
876 4822 1005 4893 ambigat
1032 4821 1128 4877 saculi
1157 4821 1274 4876 nomine
1307 4821 1433 4877 hominis
1460 4823 1644 4894 significasse,
1673 4823 1724 4893 qui

85 4917 184 4988 ,prior
198 4921 241 4972 est
255 4919 339 4970 natus
358 4916 426 4971 ciris
448 4915 535 4987 hujus
557 4914 663 4981 secuti,
681 4915 824 4986 posterius
876 4912 1021 4967 nascendo
1037 4912 1068 4966 in
1089 4912 1143 4966 hoc
1161 4910 1297 4965 ιιιιιιιιι
1319 4911 1450 4965 veniunt.
1474 4911 1543 4964 Nam
1567 4910 1641 4965 sicut
1654 4910 1723 4964 alibi

86 5004 367 5077 istoperegriuusin
388 5005 503 5071 saeculo,
520 5008 549 5059 et
569 5004 717 5075 pertinens
733 5005 768 5059 ad
784 5004 823 5059 ci·
878 5001 935 5057 ait:
953 5022 967 5051 ι
995 5000 1059 5056 Filii
1087 5000 1183 5054 saecoli
1213 4999 1300 5069 hujus
1328 5002 1468 5070 generant
1495 5003 1522 5052 et
1547 5003 1723 5069 generantur

85 5111 94 5150 ι
124 5096 175 5151 Dei
202 5094 296 5166 gratia
321 5094 550 5167 praedestinatus.
583 5094 676 5165 gratia
705 5094 822 5161 electus,
878 5090 955 5162 (Luc.
972 5106 1045 5157 xrvr,
1070 5087 1151 5158 34).»
1173 5090 1210 5142 ιι
1225 5087 1345 5159 perhoc
1365 5086 1452 5141 etiam
1467 5102 1520 5157 pro
1536 5086 1721 5157 parvulorum

84 5183 255 5254 peregrinus
267 5184 412 5248 deorsum,
428 5181 519 5254 gratia
530 5182 598 5236 ciris
612 5198 736 5237 sursum.
752 5184 824 5237 Nam
876 5179 936 5233 rita
949 5193 1015 5232 caro
1029 5177 1096 5232 data
1111 5180 1163 5244 est,
1182 5192 1247 5248 quoe
1262 5176 1328 5230 data
1342 5178 1385 5229 est
1406 5190 1458 5244 pro
1481 5173 1578 5229 saeeuli
1598 5174 1656 5228 rita
1671 5190 1678 5227 :
1695 5178 1724 5228 et

89 5287 116 5326 m
132 5271 278 5342 adipsum
294 5272 425 5327 attinet«
444 5287 478 5325 ex
501 5272 601 5326 eadem
626 5287 720 5326 massa
737 5292 748 5320 ι
765 5271 823 5327 ori·
877 5267 975 5322 sinon
990 5266 1237 5321 manducaverunt
1250 5279 1366 5317 carnem
1380 5262 1433 5318 filii
1450 5262 1584 5329 hominis,
1600 5278 1653 5316 nec
1667 5261 1723 5332 ipsi

85 5374 122 5412 ιιι
144 5359 324 5430 originaliter
346 5363 387 5412 est
410 5361 468 5411 tota
489 5358 643 5414 damnata:
668 5359 717 5414 sed
734 5380 746 5408 a
764 5365 824 5415 tan-
877 5356 1025 5411 habebunt
1039 5353 1150 5423 vitam]

85 5444 185 5515 igulus
201 5447 276 5499 Deus
292 5466 304 5492 ι
327 5444 409 5512 (ιιιι
432 5443 510 5497 enim
534 5444 750 5499 similitudinem
767 5461 824 5500 uon
914 5445 985 5498 ltem
1000 5443 1072 5514 (cup.
1088 5442 1135 5512 at)
1151 5461 1159 5496 :
1176 5439 1261 5515 [Bene
1285 5444 1382 5494 autem
1398 5455 1457 5494 non
1472 5439 1522 5506 ait,
1539 5460 1549 5486 ι
1574 5439 1618 5494 lra
1645 5437 1692 5494 uei
1709 5461 1722 5487 »

85 5533 171 5597 enter,
199 5531 248 5585 sed
282 5529 442 5600 prudenter
469 5529 636 5584 introduieit
661 5532 824 5601 Apostolus)
878 5532 973 5586 reniet
986 5547 1073 5602 snper
1088 5546 1166 5598 cnm,
1181 5530 1230 5585 sed
1246 5551 1259 5578 «
1275 5530 1375 5584 manet
1389 5542 1476 5599 anper
1489 5542 1565 5583 enm.
1583 5548 1598 5578 ι
1613 5527 1656 5582 ιιι
1671 5527 1724 5583 hae
