3930 6098
53 260 106 312 '205

411 257 640 316 uissttutitto
661 260 694 314 ill
714 260 779 314 tte.
801 260 845 314 tiu
865 258 1030 316 CORPORE
1051 261 1095 316 ut
1114 259 1291 318 sanctitati
1311 261 1440 319 voulut.

52 397 194 463 capiatur.
220 395 283 449 larii
310 408 376 448 vero
400 394 466 464 quis
490 393 544 447 nisi
561 395 667 464 populo
693 395 802 450 differri
825 394 901 463 velit,
921 399 1032 450 Alam.
1048 399 1084 448 tlt
1099 412 1164 449 vero
1188 403 1371 465 percontarer
1386 398 1421 451 ali
1435 414 1469 452 eo
1489 399 1665 468 perlibenter
1681 417 1732 455 cur
1753 402 1806 456 boc

54 466 174 534 altinget
187 465 271 519 beato
294 464 398 535 algero
415 465 578 519 suasionem
604 466 781 534 hujusmodi,
798 466 906 519 seilicet

52 551 105 605 pro
119 538 262 605 explorato
276 551 330 589 nori
343 551 420 605 posse
432 551 487 589 esse
500 537 604 591 Christi
618 552 713 605 eorpus
729 540 836 605 uspiam
850 539 906 591 iiisi

54 609 187 660 atterutro
210 606 288 660 modo
316 622 348 659 ac
372 622 422 675 per
448 610 620 675 conspicuam
644 610 903 674 manifestationem,

55 683 106 730 aut
115 693 167 747 per
178 676 386 731 similitudinem
401 677 540 731 duntaaat
554 693 600 731 seu
613 680 742 745 ppriram.

90 749 165 803 xllx.
189 750 345 818 Postquam
367 747 544 812 dissertator,
559 764 625 818 pag.
653 751 697 803 l8t
722 749 789 802 edit.
814 748 904 802 Paris.

56 824 85 871 et
97 821 150 873 ies
172 818 242 873 edil.
259 819 394 886 amstel„
412 834 468 871 uon
484 818 627 872 dubitavit
648 823 718 890 quin
735 820 906 874 Ratramnus

56 888 188 944 docuerit
197 892 387 943 mutationem
402 889 484 958 panis
495 895 524 943 et
533 890 591 943 vini
603 906 684 944 nuru.
698 893 741 958 lii,
752 893 906 961 plusquam

55 965 150 1029 potest
175 961 296 1014 enititur
319 959 441 1030 probare
465 960 559 1030 ipsum
584 962 773 1015 Ratramniim
798 962 862 1015 ficte
878 966 907 1015 et

55 1032 189 1084 simulate
205 1046 268 1084 esse
282 1031 423 1098 locutum,
438 1045 489 1084 nec
510 1030 588 1084 aliud
602 1031 765 1100 intelligere
778 1047 831 1102 per
845 1047 905 1085 cor.

56 1118 109 1171 pus
133 1102 164 1155 iu
190 1101 367 1155 Eucharistia
385 1117 472 1172 quain
494 1101 651 1171 figuratum
674 1110 702 1156 et
725 1119 777 1172 pei·
802 1102 906 1155 inentis

57 1172 264 1242 cogitationem
284 1172 422 1237 existens,
437 1173 563 1242 citatque
590 1175 675 1226 verba
700 1181 848 1243 assumpta
872 1188 906 1226 ex

57 1259 137 1297 num.
162 1245 214 1297 te:
242 1247 277 1296 At
298 1244 366 1310 quia
391 1245 550 1312 conplentur
577 1258 673 1312 corpus
698 1249 722 1297 et
746 1247 907 1312 sanquinem

57 1317 113 1376 liei,
130 1316 180 1368 hoc
192 1329 247 1368 nou
264 1328 320 1367 esse
333 1316 454 1383 patuisse
472 1317 527 1368 uisi
539 1316 615 1379 sacta
630 1316 658 1367 in
674 1315 769 1369 melius
789 1330 906 1368 commu-

58 1389 169 1451 tatione,
193 1399 279 1454 neque
298 1386 353 1438 ista
377 1389 548 1439 commutatio
569 1388 745 1454 corporaliter·
763 1386 810 1439 seat
829 1388 907 1454 spiri·

59 1457 171 1508 tuatitei·
185 1458 262 1520 {acta
284 1458 331 1519 sit,
345 1470 448 1509 necesse
465 1461 490 1509 et
505 1458 566 1523 jam
584 1460 614 1508 ut
630 1458 747 1523 fipuinte
760 1459 836 1522 facta
852 1471 907 1510 esse

57 1526 178 1590 dicatur,
194 1527 323 1594 quoniam
346 1525 395 1580 sut
416 1527 563 1579 retamenta
586 1530 707 1595 corporei
720 1529 802 1594 panis
816 1542 907 1595 carpe

58 1599 149 1666 reique
160 1599 222 1650 tini
235 1596 383 1666 spirituale
396 1611 492 1665 corpus
506 1598 615 1651 Christi
627 1598 836 1666 spiritualisque
847 1613 908 1651 sau-

57 1671 117 1734 auis
132 1670 240 1722 eristit.

404 1771 561 1810 ursionem.

90 1864 129 1916 Ex
157 1862 205 1916 liis
224 1861 413 1931 intelligimus
439 1863 626 1916 Hatramniim
652 1863 786 1932 probasse
813 1865 902 1916 muta-

58 1935 166 1989 tiouem
183 1933 288 1987 factam
309 1950 370 1986 esse
396 1935 425 1987 iu
450 1935 553 2002 ligura,
570 1949 628 1987 noii
646 1935 833 2004 corporaliter
856 1950 906 1987 seu

59 2005 144 2061 modo
158 2004 292 2057 sensibus
305 2004 440 2058 humanis
453 2004 677 2059 accommodato.
692 2005 746 2059 Sed
762 2005 825 2073 quis
841 2020 906 2074 pru-

59 2082 155 2146 pterea
172 2073 228 2129 sibi
244 2076 416 2144 persuadeat
429 2090 533 2145 eorpus
549 2075 658 2130 Christi
677 2076 858 2129 solummodo
875 2075 905 2128 in

60 2150 152 2217 ligura
166 2145 365 2201 existimasse?
382 2145 463 2200 ilatio
486 2156 705 2217 propterquam
730 2146 908 2213 recognoscit

60 2220 183 2288 liguram
201 2215 328 2287 aliquam
343 2217 374 2269 in
390 2217 442 2269 boc
456 2217 590 2286 mysterio
605 2217 764 2271 decretoria
774 2222 816 2270 est
829 2223 857 2270 et
871 2217 906 2270 ab

60 2288 196 2343 omnibus
213 2287 282 2341 siris
298 2287 443 2341 catholicis
464 2292 587 2357 recepta.
607 2309 617 2336 ι
636 2288 776 2351 Quoniam
800 2288 908 2341 scilicet

60 2361 109 2413 suli
124 2358 291 2414 velamento
305 2358 436 2428 corporei
451 2357 532 2427 panis
546 2359 735 2429 corporeique
748 2359 807 2411 riui
822 2359 907 2427 spiri·

60 2430 133 2484 tuate
148 2444 256 2499 corpus
271 2427 375 2483 Christi
399 2428 614 2499 spiritualisque
636 2428 752 2498 sanguis
770 2429 873 2483 existit.
891 2447 906 2480 r

60 2501 108 2555 Sed
132 2501 198 2554 baec
222 2515 281 2552 uon
296 2498 459 2570 significant
473 2499 600 2553 solitaria
616 2504 719 2553 mentis
734 2500 907 2569 cogitatione

60 2571 198 2643 symbolis
211 2571 334 2623 excitata
348 2586 453 2639 corpus
467 2575 495 2623 et
509 2570 681 2640 sanguinem
699 2571 802 2625 Christi
817 2571 846 2623 in
863 2587 907 2622 sa-

61 2646 207 2696 cramento
222 2641 356 2694 existere.
372 2642 442 2696 Cum
466 2641 631 2694 Paschasius
645 2642 721 2694 dicat
744 2641 772 2693 iii
787 2641 907 2710 epistula

61 2715 91 2767 sd
108 2711 313 2782 l'rudgardnm
327 2717 353 2764 et
371 2716 456 2765 totum
474 2712 619 2779 spirituale
638 2716 686 2766 est.
709 2713 800 2765 llomo
824 2711 907 2765 fallax

61 2789 86 2837 et
108 2783 268 2837 insidiosus
289 2782 395 2836 audiet.
421 2781 526 2836 Eadem
549 2780 723 2835 contumelia
748 2782 908 2851 explebitur

61 2854 160 2908 beatus
173 2853 299 2921 Algerus
321 2851 390 2923 quia
404 2852 444 2905 sie
467 2852 544 2906 fatur
558 2852 632 2907 lib.i
658 2854 693 2907 de
719 2852 905 2917 Eucharistia,

61 2941 119 2994 cap.
138 2927 166 2991 5,
183 2923 221 2978 ad
242 2925 369 2977 mentem
386 2923 553 2977 Ratramui:
581 2923 692 2986 «Quod
716 2923 828 2976 videtur
843 2939 906 2991 spe-

62 2998 131 3049 cii-iii
159 2994 248 3048 babet
266 2994 460 3064 corporalem,
483 2993 562 3064 quod
586 2993 759 3063 intelligitur
782 2995 906 3048 fructum

959 467 1005 534 jus
1020 481 1087 537 erga
1111 467 1299 521 Hatramnum
1324 469 1410 522 violet
1425 476 1452 522 et
1470 469 1544 524 hanc
1559 473 1702 542 aequitatis
1716 474 1805 526 ratiu-

961 552 1026 590 nem
1053 554 1109 590 iioii
1136 538 1252 603 haheat3
1270 538 1377 608 quippe
1401 555 1464 593 cum
1488 541 1617 610 pluribus
1642 543 1707 596 locis
1723 560 1805 598 suam

961 609 995 660 de
1013 609 1064 661 bac
1088 610 1241 677 prasentia
1261 609 1348 663 tidem
1373 610 1519 663 testificari
1544 628 1601 665 nun
1626 613 1766 668 destiterit
1788 631 1806 668 a

960 679 1041 731 nobis
1058 685 1143 731 antea
1162 680 1290 749 prolatis,
1306 685 1334 732 et
1357 681 1515 749 praesertim
1537 698 1617 735 nuni.
1634 684 1679 749 tl,
1695 684 1726 737 iu
1747 700 1805 755 quo

961 750 996 803 de
1021 749 1131 804 Christo
1148 751 1295 803 mentione
1310 750 1394 816 facta,
1411 753 1467 804 ait:
1485 769 1498 800 n
1514 751 1567 814 Qui
1589 759 1688 822 postea
1702 771 1805 826 corpus

961 821 995 873 de
1021 819 1137 888 Virgine
1166 826 1313 892 sumptum
1330 827 1358 874 et
1382 837 1433 890 pro
1457 821 1548 875 salute
1569 823 1746 879 credentium
1775 825 1804 880 iri

961 906 1044 943 cruce
1057 907 1227 961 suspensum
1244 892 1349 945 nostris
1365 891 1477 945 saeculis
1492 892 1622 946 exhihuit
1634 898 1661 947 et
1674 911 1724 964 per
1739 912 1804 949 sau·

961 961 1057 1032 guinis
1083 963 1188 1016 undam
1204 962 1314 1028 effudit,
1331 978 1387 1032 quo
1405 978 1461 1015 nou
1479 963 1570 1015 sulum
1586 963 1804 1033 redimeremur,

961 1033 1162 1086 verumetiam
1188 1043 1363 1102 potaremur.
1383 1052 1396 1082 i
1413 1032 1504 1102 lgitur
1528 1039 1606 1087 extra
1620 1050 1734 1088 omnem
1758 1053 1804 1088 su-

961 1102 1120 1184 spirionem
1138 1109 1166 1157 et
1181 1103 1397 1156 contentionem
1416 1103 1542 1172 positum
1560 1109 1602 1157 est
1616 1106 1806 1160 liutramnum

961 1173 1015 1226 sibi
1042 1174 1214 1241 persuasisse
1243 1175 1373 1228 homines
1401 1175 1578 1244 aequabiliter
1608 1191 1674 1228 rero
1703 1176 1807 1231 Christi

961 1245 1203 1313 sanguineelfuso
1219 1245 1382 1314 redemptos
1398 1250 1426 1298 et
1449 1251 1562 1314 potatos
1584 1245 1679 1299 fuisse.
1706 1265 1720 1297 n
1744 1247 1806 1311 Quo

960 1330 1019 1367 non
1035 1316 1128 1368 solum
1149 1315 1366 1376 redimeremur,
1381 1331 1480 1369 verum
1496 1316 1582 1368 etiam
1599 1321 1775 1385 potiremur.
1793 1338 1804 1365 ι

961 1389 1061 1438 hslute
1077 1386 1151 1439 cai-it
1173 1386 1339 1439 dissertator
1354 1402 1390 1438 ne
1406 1401 1535 1456 unquam
1559 1387 1700 1456 ejusmodi
1723 1389 1808 1442 verba

960 1457 1111 1526 proferret,
1127 1472 1217 1527 eaque
1243 1473 1259 1509 a
1280 1456 1492 1510 continentibus
1512 1457 1623 1525 scriptis
1648 1459 1706 1512 suis
1725 1457 1807 1529 quasi

962 1526 1086 1580 tabularii
1104 1527 1224 1580 secreuit
1240 1542 1353 1596 semper
1367 1534 1392 1579 ot
1411 1527 1603 1597 praetermisit.

996 1599 1095 1652 xxxii.
1118 1598 1193 1663 Quid
1216 1598 1288 1666 qirod
1312 1601 1371 1666 ipse
1391 1603 1472 1665 nepai
1494 1599 1604 1652 disertis
1623 1599 1712 1653 uerbis
1731 1615 1806 1654 num.

962 1670 1015 1722 ut:
1035 1690 1048 1717 a
1069 1671 1170 1723 dianna
1191 1669 1274 1735 istud,
1292 1671 1383 1738 inquit
1400 1670 1576 1736 ffatramrius,
1599 1670 1673 1738 quad
1686 1669 1808 1724 comede-

928 1749 947 1802 Β
961 1744 1035 1805 runt,
1045 1745 1070 1793 et
1085 1754 1185 1807 aquam
1197 1754 1279 1806 quam
1290 1739 1424 1800 hilarent,
1435 1742 1658 1807 corporeasuisse
1670 1755 1746 1793 nemo
1758 1740 1807 1793 du·

962 1811 1040 1863 citat.
1059 1829 1072 1860 i
1090 1814 1146 1880 Quo
1165 1810 1220 1863 loca
1237 1809 1349 1878 perinde
1364 1825 1395 1862 ae
1417 1809 1447 1862 iri
1461 1811 1638 1864 Eucharistia
1653 1824 1807 1879 corporeum

960 1880 1095 1934 contmdit
1110 1895 1165 1934 csse
1181 1881 1252 1947 qaod
1267 1881 1358 1934 editur
1369 1885 1450 1948 utque
1463 1883 1492 1933 in
1506 1895 1607 1934 manua
1616 1882 1681 1945 fuit.

1306 2001 1461 2041 RESPONSlO.

996 2093 1099 2157 Quaero
1116 2092 1177 2162 jairi
1203 2110 1217 2144 a
1242 2092 1427 2146 dissertatore
1450 2108 1486 2145 an
1510 2091 1564 2146 sibi
1586 2092 1676 2161 fingat
1698 2093 1808 2164 aliquid

960 2165 1072 2219 comedi
1086 2164 1272 2233 corporaliter
1293 2162 1400 2216 sensim
1424 2169 1531 2216 etcum
1556 2179 1642 2216 seusu
1659 2163 1689 2217 iii
1708 2179 1808 2234 perce·

960 2237 1057 2306 ptione
1073 2236 1242 2288 sacramenti
1266 2251 1315 2287 ore
1339 2249 1487 2303 corporeo,
1504 2234 1556 2286 nisi
1573 2235 1650 2304 quad
1676 2234 1808 2289 sensibus

959 2306 1203 2360 accommodatum
1226 2310 1253 2358 et
1268 2306 1424 2358 oliuoiiiiim
1440 2303 1501 2358 est?
1516 2305 1618 2358 Vultus
1635 2305 1807 2374 persuadere

960 2377 1044 2431 nohis
1059 2376 1155 2446 ipsum
1176 2392 1275 2428 verum
1301 2392 1404 2445 corpus
1425 2375 1530 2430 Christi
1555 2375 1668 2429 cuniedi
1692 2377 1726 2430 ad
1743 2392 1807 2430 mo-

960 2450 1029 2501 dum
1057 2447 1241 2500 obsoniorum
1267 2452 1482 2507 consuetorum,
1505 2445 1638 2499 dentibus
1660 2446 1806 2501 frustatim

961 2518 1129 2586 discerptae
1148 2517 1278 2586 partitim
1295 2516 1450 2585 iieglutirii
1465 2518 1528 2570 flac
1542 2517 1640 2585 opinio
1656 2533 1672 2569 a
1692 2517 1807 2572 nemine

961 2588 1078 2642 homine
1102 2594 1178 2640 arete
1207 2587 1300 2640 teneri
1325 2593 1375 2640 aut
1400 2592 1530 2640 accurate
1558 2587 1673 2641 defendi
1701 2595 1806 2658 potest.

960 2660 1033 2724 Quid
1048 2674 1115 2727 ergo
1136 2658 1179 2711 illi
1204 2658 1398 2712 incommodet
1412 2657 1442 2711 in
1467 2658 1511 2711 his
1527 2658 1676 2712 Batramni
1691 2659 1809 2714 verbis?

963 2729 1099 2800 Nunquid
1116 2745 1173 2782 nori
1191 2733 1299 2799 species
1319 2729 1539 2782 sacramentales
1555 2728 1692 2782 solitariae
1705 2745 1808 2800 corpo·

961 2801 1058 2854 ralitcr
1073 2801 1264 2853 comeduntur
1278 2815 1329 2852 seu
1344 2799 1684 2868 dentibusconteruntur,
1700 2805 1729 2854 et
1744 2816 1807 2870 par-

961 2870 1037 2924 titim
1055 2886 1106 2939 per
1129 2870 1257 2923 canalem
1282 2870 1408 2993 laryngis
1423 2870 1453 2923 in
1477 2871 1623 2923 thoracem
1651 2872 1756 2924 sensim
1782 2876 1810 2926 et

961 2957 1026 2995 cum
1041 2957 1125 2994 sensu
1139 2940 1213 2993 sicut
1234 2955 1338 2992 marina
1380 2941 1574 2994 emittuntur?
1598 2945 1641 2994 hii
1655 2940 1739 2995 aliam
1756 2942 1806 2996 do-

961 3012 1081 3065 ctrinam
1105 3010 1247 3080 explicant
1270 3011 1446 3075 Paschasius,
1463 3011 1582 3078 lligerns
1597 3015 1625 3063 et
1645 3027 1745 3065 omnes
1760 3028 1808 3082 ge-

62 3067 146 3120 htbel
170 3071 198 3119 εἰ
222 3064 420 3146 spiritualem
445 3064 625 3145 quia'igitur
646 3063 730 3144 iilud,
748 3070 791 3117 ⁰³²
806 3079 906 3144 9⁰FP0·
926 3083 1083 3154 eneratim
1101 3087 1129 3134 et
1146 3080 1318 3149 generaliter
1339 3080 1471 3133 homiues
1491 3079 1646 3133 Christiani
1661 3087 1690 3134 et
1704 3082 1806 3136 Catho-

62 3138 118 3191 rale
135 3136 214 3207 quod
231 3135 355 3196 videtur,
368 3135 443 3190 aliud
459 3136 607 3205 spirituale
627 3136 704 3206 quod
724 3134 906 3214 intelligitur,
964 3152 1010 3207 1101
1023 3152 1096 3204 viiii

63 3207 138 3272 aliud
155 3222 227 3278 ergo
243 3209 287 3261 est
305 3212 517 3260 sacramentam
532 3222 618 3275 quain
633 3222 679 3260 res
695 3209 875 3258 sacramenti.
894 3223 908 3254 i

62 3279 143 3332 ellib
169 3294 200 3343 ii,
226 3292 290 3347 cap.
315 3278 367 3331 30:
385 3296 400 3325 n
425 3275 510 3339 Quod
529 3277 651 3342 videtur,
677 3277 801 3346 speciem
823 3275 910 3328 habet

62 3349 260 3418 corporalem
275 3346 351 3418 quod
373 3346 554 3416 intelligitur,
569 3347 694 3401 fructum
719 3345 803 3400 habet
824 3345 909 3415 spiri-

63 3423 179 3473 tuatem.
197 3437 212 3468 i

96 3490 187 3547 litat.
208 3489 325 3543 Fatetur
349 3487 525 3554 dissertator,
551 3503 616 3558 pag.
640 3489 685 3542 l8l
714 3492 743 3541 et
766 3489 826 3552 itt,
854 3489 898 3554 §6

64 3561 198 3615 editionis
224 3558 323 3626 Paris,
349 3565 378 3613 et
401 3559 471 3613 edit.
493 3560 650 3613 amstelod.
676 3560 743 3622 293,
769 3556 784 3629 5
807 3561 834 3623 6,
861 3573 912 3610 seu

64 3648 143 3686 num.
172 3633 198 3689 e.
231 3645 315 3684 usum
336 3645 397 3683 esse
421 3630 610 3687 Ratramnum
638 3644 705 3682 voce
731 3630 912 3683 conrasionis

66 3719 141 3757 uum.
165 3701 212 3764 it,
228 3703 262 3755 25
276 3707 305 3754 et
318 3703 368 3767 im
385 3703 434 3754 sed
450 3706 482 3754 ut
496 3700 733 3754 dissimulationis
748 3706 777 3752 et
803 3699 912 3753 fraudis

65 3774 224 3837 cauriacut,
241 3771 350 3841 profert
363 3770 619 3840 comparationem,
635 3785 721 3841 quani
736 3770 771 3823 iis
783 3769 912 3823 numeris

66 3844 204 3912 prodidit,
227 3857 341 3896 manuue
365 3857 430 3895 cum
452 3842 648 3896 Eucharistia:
672 3840 832 3911 probatque
857 3839 912 3893 ibi·

66 3915 130 3968 dem
162 3913 303 3983 subjicere
340 3913 528 3967 Retramnum
557 3913 772 3965 couversionem
810 3912 912 3964 factam

67 3986 151 4040 luisse
174 3998 291 4038 marinas
307 3983 335 4036 iu
351 3998 454 4053 corpus
468 3982 583 4049 Christi,
601 3998 658 4036 riou
675 3998 755 4036 secus
776 3997 808 4035 ac
832 3981 914 4052 pariis

67 4062 95 4110 et
117 4055 177 4109 sirii
201 4054 232 4109 iu
254 4069 370 4108 caruem
392 4058 422 4107 et
446 4053 617 4123 sauguinem
637 4053 712 4106 solet
733 4052 833 4106 affieri.
859 4052 913 4106 Sed

68 4143 131 4180 cum
139 4127 202 4180 baec
210 4124 320 4194 opinio,
331 4139 396 4204 quie
404 4124 587 4194 presentiam
596 4121 914 4193 corporisetsanguinis

69 4199 97 4251 iii
111 4212 220 4252 marina
234 4194 370 4261 defendit,
385 4194 456 4248 falsa
474 4194 519 4261 sit,
534 4194 671 4261 insolens,
687 4198 716 4248 et
730 4193 765 4248 ab
781 4194 915 4247 omnibns

69 4267 215 4332 derelicta,
230 4280 330 4336 parem
354 4272 462 4319 sortem
485 4264 591 4319 babere
618 4264 722 4319 debere
746 4264 915 4335 opinionem

71 4338 218 4393 hatrauini
233 4337 269 4392 de
284 4336 438 4407 praeseutia
456 4335 585 4407 corporis
605 4335 711 4391 Christi
725 4341 754 4389 et
767 4335 916 4405 sauguinis

70 4412 99 4462 iu
112 4407 294 4464 Eucharistia
307 4407 474 4462 dissertator
487 4406 643 4461 contendit.

412 4545 571 4587 RESPONSIO.

105 4639 183 4694 aiiii
211 4636 289 4709 apud
317 4638 414 4692 Patres
444 4640 473 4690 et
498 4636 631 4691 doctores
661 4633 795 4690 Ecclesia
824 4633 917 4704 magis

72 4709 170 4764 tritum
185 4715 214 4763 et
229 4707 348 4778 vulgare
371 4711 414 4762 est
435 4706 580 4777 ejusmodi
602 4705 815 4778 comparatione
834 4720 914 4758 maii·

73 4797 115 4834 ua
134 4785 164 4834 et
187 4777 384 4846 Eucharistiae,
402 4777 483 4848 cujus
507 4777 665 4832 similitudo
687 4779 766 4848 J'usta
780 4780 808 4830 et
834 4790 918 4846 aequa

74 4857 113 4904 est
126 4851 264 4905 maxime.
280 4848 432 4902 Enimvero
449 4848 522 4902 sicut
543 4862 649 4902 manna
670 4851 731 4901 erat
754 4845 848 4917 figura
873 4846 916 4900 fu·

73 4928 165 4976 turam
193 4918 400 4975 Eucharistiam
427 4922 648 4990 representans,
671 4917 849 4972 Eucharistia
875 4922 919 4970 est

10 5032 12 5043 .
74 4993 158 5046 etiam
171 4990 267 5062 ligura
274 5005 380 5044 marine
389 4990 568 5060 praiteritum
579 4990 727 5044 exhibeas.
740 4989 874 5042 Attamen
884 5003 918 5041 ex

73 5063 117 5117 his
127 5077 187 5117 nori
197 5060 385 5131 consequitur
397 5061 493 5114 Patres
506 5059 711 5114 Eucharistiam
725 5063 862 5129 tauquam
878 5075 919 5111 so·

75 5133 196 5187 liudem
212 5133 336 5202 liguram
351 5130 520 5202 respexisse,
535 5134 585 5184 aut
604 5145 702 5183 resera
715 5145 818 5199 corpus
838 5129 918 5184 Chri-

76 5204 109 5256 sti
122 5218 251 5274 ptaesetts
264 5201 295 5256 iii
318 5205 496 5256 sacramento
510 5216 568 5255 iiuu
593 5206 739 5270 reputasse
760 5215 812 5253 nee
828 5199 918 5252 credi-

76 5273 161 5328 disse.
176 5274 349 5329 Dissertstor
368 5277 411 5326 est
430 5270 612 5341 magisteria
629 5271 723 5334 lsrael,
739 5283 792 5324 uec
807 5269 921 5339 ignorat

77 5359 161 5414 quam
179 5342 264 5399 fache
282 5341 356 5397 banc
377 5341 464 5396 fuisse
488 5341 574 5396 tidem
599 5343 716 5395 Petrum
741 5340 919 5393 demonstra-

77 5429 136 5469 rem
149 5415 174 5469 si
197 5412 331 5484 cupidius
346 5413 483 5468 adversus
504 5427 553 5465 eos
576 5411 697 5466 instaret
714 5416 833 5491 propter
847 5409 922 5464 lianc

78 5484 377 5612 sutura
390 5483 536 5610 Ψ
550 5482 922 5621 institituit·

77 5570 136 5611 ism
170 5572 188 5611 s
299 5569 331 5610 re
495 5569 543 5607 iiie
589 5569 606 5606 o
639 5569 648 5606 i
753 5569 763 5606 i
848 5595 853 5606 .
908 5579 922 5592 -

78 5627 218 5699 telligerst
238 5569 329 5689 arigim.
345 5638 412 5680 cum
432 5568 556 5680 iugliluitis
570 5624 640 5679 locis
674 5622 836 5677 recentiam
855 5635 922 5674 cor-

77 5697 155 5767 poris
166 5695 278 5753 Christi
290 5708 389 5752 isram
402 5695 434 5750 iii
450 5696 630 5751 meremeuto
644 5638 804 5760 secuerint,
820 5707 856 5746 ex
868 5690 922 5746 bae

78 5766 293 5842 comparatione
304 5765 419 5823 nahum
431 5764 475 5820 sis
486 5762 616 5820 neddere
630 5776 715 5836 passe
725 5761 923 5817 intertrimen-

998 3221 1221 3286 titutionem
1245 3235 1318 3274 num.
1343 3221 1395 3283 tt,
1421 3218 1515 3289 inquit
1539 3219 1715 3282 dissertator,
1741 3236 1806 3291 pag.

963 3295 1015 3348 aaa
1043 3293 1111 3346 edit.
1136 3291 1309 3357 Amstelod.,
1333 3292 1498 3357 inutraque
1524 3291 1641 3356 symbola
1671 3291 1808 3346 Christum

964 3365 1102 3417 duntaaat
1119 3365 1199 3416 innui
1218 3362 1302 3426 docet,
1325 3362 1374 3429 qui
1391 3361 1557 3414 credentium
1577 3367 1674 3429 pascat
1688 3364 1807 3427 cuimos;

965 3435 1182 3502 dissimulatque,
1206 3433 1247 3486 uel
1268 3435 1350 3499 nepai
1371 3433 1475 3500 precise
1493 3433 1593 3500 potius,
1609 3447 1638 3486 eo
1658 3433 1738 3487 uerte
1752 3434 1808 3486 cal·

902 3528 909 3552 i
965 3505 1038 3559 lidus
1060 3509 1204 3570 reluctor,
1229 3506 1259 3556 iri
1281 3505 1366 3556 altero
1389 3503 1527 3557 Christum
1553 3505 1634 3556 innui
1656 3504 1752 3568 solam,
1778 3506 1808 3556 in

965 3577 1051 3630 altera
1062 3578 1144 3630 eliam
1165 3576 1309 3637 casilinum
1331 3573 1409 3642 cujus
1429 3576 1470 3626 rei
1487 3574 1592 3628 nullum
1610 3576 1640 3627 iri
1664 3579 1717 3628 toto
1731 3589 1810 3642 apere

964 3648 1006 3700 uel
1031 3651 1108 3699 tenue
1129 3647 1272 3712 uestipium
1292 3648 1341 3697 est.
1366 3644 1453 3710 Nepai
1475 3648 1500 3696 et
1522 3645 1656 3698 malarum
1683 3645 1810 3699 dentibus

963 3719 1059 3784 primi,
1075 3731 1135 3769 eum
1149 3717 1276 3768 honorum
1288 3712 1453 3767 solummodo
1467 3716 1572 3767 ariimos
1584 3721 1691 3782 pascat.

1310 3834 1467 3874 ussaunein.

1002 3925 1116 3982 hliuime
1146 3925 1227 3980 docet
1255 3925 1428 3978 Retramuus
1456 3939 1537 3977 num.
1561 3924 1611 3990 26,
1640 3926 1670 3978 in
1697 3928 1812 3993 utroque

966 3998 1084 4067 symbolo
1110 3997 1247 4053 Christum
1281 3996 1419 4049 duatairat
1450 3996 1539 4048 innui.
1570 3996 1678 4049 Revera
1704 3995 1754 4059 ait,
1780 3995 1811 4049 in

967 4075 1092 4138 utroque
1116 4068 1239 4122 Christus
1262 4069 1397 4120 innuitur.
1423 4064 1476 4120 Sed
1501 4066 1545 4118 liae
1571 4081 1651 4119 voces
1675 4065 1812 4119 duntaxat

968 4146 997 4193 et
1019 4138 1201 4192 solummodo
1229 4137 1259 4190 in
1285 4135 1402 4191 cerebro
1428 4135 1628 4205 dissertatoris,
1650 4136 1812 4207 anticipatis

968 4209 1152 4280 opinionibus
1166 4209 1301 4262 adversus
1319 4207 1508 4262 Italiamnuui
1528 4211 1664 4276 occupato
1678 4212 1707 4276 et
1721 4223 1812 4277 vapo-

969 4284 1042 4348 rato,
1057 4281 1204 4338 inventum
1221 4278 1393 4343 habueruut,
1411 4293 1475 4347 quae
1492 4277 1593 4332 nullibi
1609 4277 1639 4331 iii
1655 4294 1739 4349 opere
1756 4279 1812 4334 lia-

969 4350 1076 4405 tramui
1092 4353 1254 4403 occurrunt.
1272 4349 1300 4401 Si
1312 4348 1353 4400 eis
1367 4364 1435 4402 usus
1447 4348 1556 4413 fuisset,
1568 4348 1623 4402 sibi
1635 4349 1690 4419 ipsi
1703 4354 1814 4403 contra·

936 4423 1029 4497 prius
1045 4421 1185 4474 existeret.
1204 4420 1274 4473 Nam
1291 4418 1331 4472 ait
1344 4433 1466 4472 numeru
1477 4420 1493 4472 9
1506 4435 1512 4472 :
1531 4440 1544 4467 a
1555 4419 1683 4472 Exterius
1698 4419 1812 4490 quidem

970 4491 1054 4563 panis
1069 4492 1145 4562 quod
1165 4495 1232 4543 ente
1248 4490 1341 4543 fuerat
1355 4489 1448 4542 forma
1463 4488 1659 4560 pretenditur,
1676 4491 1755 4543 color
1768 4506 1812 4544 os·

971 4561 1110 4625 tenditur,
1134 4576 1220 4631 sapor
1243 4559 1396 4630 accipitur,
1420 4564 1463 4612 ast
1481 4559 1603 4612 interius
1627 4560 1711 4630 longe
1736 4560 1814 4615 aliud

970 4634 1060 4687 multo
1090 4630 1244 4701 pretiosius
1265 4631 1412 4701 multoque
1435 4629 1621 4684 excellentius
1646 4630 1813 4698 intimatur,

972 4704 1040 4774 quia
1058 4704 1182 4767 coeleste,
1208 4702 1277 4770 quia
1301 4700 1442 4761 divinum,
1457 4701 1486 4754 id
1510 4706 1552 4754 est
1573 4700 1678 4755 Christi
1700 4717 1750 4755 cor
1769 4718 1813 4769 us,

972 4773 1139 4838 ostenditur,
1154 4773 1229 4842 qaod
1245 4788 1304 4825 nou
1319 4771 1447 4825 sensibus
1461 4773 1564 4836 carnis,
1578 4771 1626 4825 sed
1642 4772 1732 4826 animi
1745 4719 1815 4826 iue-

972 4846 1006 4898 lis
1021 4843 1150 4898 contuitu
1173 4845 1218 4897 vel
1234 4842 1380 4912 aspicitur,
1398 4842 1441 4895 vel
1458 4842 1605 4912 accipitur,
1621 4844 1664 4896 rel
1688 4841 1814 4896 comedi·

972 4921 1028 4970 tur.
1046 4935 1056 4962 ι
1073 4915 1106 4968 Et
1121 4929 1201 4968 num.
1221 4915 1271 4966 l0:
1290 4933 1304 4960 a
1315 4913 1419 4966 Vinum
1430 4927 1544 4997 quoque
1559 4913 1635 4983 quod
1649 4910 1815 4967 sacerdotali

972 4982 1183 5040 consecratione
1200 4983 1302 5037 Christi
1322 4982 1438 5053 sanguis
1458 4982 1589 5048 eflicitur,
1606 4986 1814 5037 sacramentum

973 5057 1048 5111 aliud
1066 5055 1217 5126 superficie
1239 5059 1322 5108 terius
1342 5052 1477 5119 ostendit,
1494 5053 1572 5107 aliud
1587 5052 1708 5106 interius
1722 5050 1815 5104 couti-

972 5141 1032 5181 nei.
1049 5146 1063 5176 ii
1079 5125 1147 5190 Quis
1162 5125 1345 5179 adsumente
1363 5129 1460 5194 eaptus
1475 5130 1507 5177 ut
1526 5123 1579 5177 sibi
1592 5124 1684 5192 tingat
1696 5120 1741 5175 his
1753 5137 1816 5174 ier-

974 5198 1016 5252 bis
1031 5197 1169 5253 Christum
1191 5198 1221 5249 in
1242 5196 1326 5249 attera
1349 5195 1464 5260 necari?
1478 5194 1557 5249 Sicut
1576 5194 1644 5247 duni
1668 5192 1707 5246 ait
1721 5193 1816 5247 coati-

974 5267 1054 5322 nenti
1073 5267 1198 5347 scriptu:
1223 5287 1233 5314 ι
1258 5270 1293 5318 tlt
1313 5266 1434 5318 interius
1449 5265 1473 5316 si
1495 5263 1668 5330 consideres,
1681 5263 1741 5333 jain
1757 5279 1817 5318 non

974 5339 1070 5409 liquor
1083 5337 1152 5402 vini,
1168 5336 1216 5391 sed
1232 5335 1327 5406 liquor
1345 5334 1494 5404 sauguinis
1516 5331 1616 5390 Christi
1638 5335 1817 5388 credentium

974 5406 1151 5463 mentibus...
1182 5407 1257 5478 sapit
1284 5406 1352 5460 dum
1381 5410 1523 5474 gustatur.
1555 5422 1569 5452 s
1595 5404 1632 5458 Et
1657 5422 1736 5460 num.
1764 5406 1816 5460 li:

976 5497 990 5530 a
1006 5478 1085 5532 Unde
1100 5477 1218 5546 sanguis
1230 5481 1258 5531 et
1272 5492 1375 5546 corpus
1394 5474 1497 5530 Christi
1521 5473 1656 5528 dicuntur
1670 5477 1738 5547 quia
1761 5491 1819 5530 non

975 5548 1052 5620 quod
1066 5548 1191 5604 exterius
1204 5546 1339 5602 ridentur
1357 5545 1456 5600 divino
1471 5543 1578 5615 Spiritu
1595 5552 1733 5614 operante
1747 5546 1821 5601 tactu¹

976 5623 1052 5687 sunt,
1068 5618 1258 5690 accipiuntur.
1276 5618 1311 5671 Et
1320 5616 1389 5688 quia
1402 5615 1489 5686 louge
1503 5615 1581 5670 aliud
1595 5618 1821 5687 perpotentiam

976 5689 1149 5744 invisibilem
1173 5688 1299 5745 existam
1321 5702 1407 5758 quam
1433 5685 1586 5741 visibiliter
1608 5689 1776 5769 appareant.
1805 5703 1820 5738 r

976 5758 1049 5826 Quid
1064 5760 1132 5815 fidei
1151 5758 1300 5814 catholicae
1320 5756 1526 5829 coagmentius
1542 5756 1700 5828 excogitari
1710 5755 1825 5824 putasti

1753 271 1896 324 206·
