3930 6098
154 251 201 304 tat
833 242 963 299 navant
982 241 1221 302 [ORDUBENSIS
1851 251 1905 303 55'2

156 380 320 445 custodivit;
333 379 400 433 inde
414 377 449 431 ad
465 375 523 430 ima
537 375 676 441 detinens,
690 374 776 429 etiam
792 375 845 430 sub
861 375 1000 430 creaturis
1018 380 1041 431 Α
1055 391 1111 447 que
1133 374 1212 430 aliud
1235 374 1437 444 Antichristus,
1457 369 1544 448 quarn
1561 375 1664 432 Christi
1680 380 1841 433 contrarius
1861 379 1905 433 di-

157 471 248 525 licum
263 466 426 523 timentium
448 465 516 518 ruit.
540 464 622 520 Omne
636 466 750 519 sublime
764 465 847 519 uidet.
876 466 936 520 Non
958 465 1002 518 in·

157 565 225 614 tra·
240 557 336 611 ornnia
350 554 513 608 desiderans
524 569 592 618 esse,
609 554 657 607 sed
669 570 755 624 super
767 553 865 608 omnia
888 558 1003 607 tumens

77 655 79 660 ’
157 651 241 701 aerato
250 644 396 713 jactantiae
409 641 505 696 extolli
516 642 682 696 desiderans
693 642 853 696 sublimiori
869 642 1004 696 omnibus

156 738 304 806 potestate.
319 731 374 786 Sed
397 737 425 785 et
441 732 475 785 de
498 731 628 784 membro
649 731 711 800 ejus
733 735 826 800 potest
841 731 901 785 haec
925 730 1003 783 clair-

156 824 217 877 sula
234 837 294 876 nun
307 821 527 890 incongruenter
539 819 664 874 tractari.
680 820 770 874 Omne
786 835 910 890 namque
926 820 1002 890 quud

155 910 308 984 pretiosior
323 910 352 963 in
369 907 456 963 rebus
474 907 629 962 mundanis
642 909 774 975 habetur,
789 923 889 961 eorum
901 906 1004 962 ditioni

156 1000 298 1065 subditur,
324 1003 352 1051 et
381 997 510 1051 offertur.
539 998 602 1066 Ipse
624 1001 663 1050 est
685 1011 735 1050 rea
760 1011 842 1064 super
862 997 1004 1050 uniuersos

154 1090 227 1158 illios
244 1087 385 1156 superbiae.
407 1086 481 1139 blora
506 1101 557 1138 suo
586 1086 731 1156 Scriptura
755 1101 833 1138 sacra
856 1083 1002 1139 multoties

156 1179 245 1231 semel
260 1177 335 1230 dicta
349 1175 468 1245 replicat
483 1179 513 1229 et
534 1173 659 1228 intentat
674 1190 680 1228 :
707 1178 736 1228 et
751 1174 912 1245 superbiam
929 1173 1002 1242 ejas,

157 1272 186 1321 et
209 1272 350 1319 tumorem
367 1265 448 1318 elatae
474 1263 590 1331 mentis,
610 1263 699 1317 semel
721 1262 843 1316 infirmis
859 1262 1005 1316 mantibus

1057 464 1150 518 citur?
1165 465 1199 518 Et
1215 464 1282 536 quid
1300 465 1364 530 iste,
1388 466 1443 518 nisi
1462 465 1644 520 adversarius
1660 466 1762 521 Christi
1778 466 1838 521 est?
1855 466 1907 538 qui

1058 559 1158 606 eontra
1178 553 1255 605 illius
1275 553 1452 607 sanctissima
1477 555 1613 624 dogmata
1635 555 1739 609 exertis
1764 552 1908 610 lacertisl

1058 642 1205 712 praetiavit.
1231 642 1420 712 inspiciamus
1445 645 1500 698 hoc
1524 646 1596 709 loco,
1621 644 1644 697 si
1670 644 1795 714 expedit,
1821 660 1908 698 suum

1058 729 1281 784 machinationis
1297 746 1330 784 ex
1345 732 1443 802 aliqua
1458 737 1538 801 parte
1552 737 1757 786 commentum.

1093 821 1136 874 33.
1153 818 1403 874 Resurrectionem
1419 819 1534 873 Domini
1551 820 1626 874 diem
1640 820 1777 874 feriarum
1793 822 1908 892 gaudiis

1058 909 1177 979 respuit,
1191 912 1221 961 ct
1233 914 1340 961 sextam
1356 907 1457 961 leriam
1476 908 1617 978 passionis
1633 909 1747 964 llomini
1762 910 1908 964 moestitiae

1057 995 1103 1050 vel
1114 997 1227 1067 J'eJ'unio
1243 997 1382 1062 deditum,
1400 998 1493 1050 ventri
1508 1003 1536 1051 et
1551 997 1667 1052 libidini
1683 998 1835 1053 dedicavit.
1854 999 1908 1052 Pa-

1058 1100 1120 1140 cem
1135 1086 1274 1151 Christus,
1291 1091 1319 1139 et
1337 1086 1506 1156 patientiam
1527 1086 1625 1141 docuit
1644 1103 1651 1141 z
1674 1087 1722 1141 ille
1745 1086 1854 1141 bellum
1879 1094 1909 1142 et

1058 1174 1187 1245 gladium
1202 1174 1389 1228 innocentum
1407 1175 1563 1229 cervicibus
1583 1175 1709 1229 acuendo
1730 1175 1850 1237 limavit,
1877 1180 1909 1228 ut

1058 1263 1093 1318 da
1115 1263 1283 1329 aedictum,
1308 1263 1351 1316 vel
1376 1263 1410 1318 de
1434 1263 1502 1331 sais,
1528 1280 1588 1318 esse
1610 1264 1766 1318 firmaret:
1792 1267 1909 1333 Dissipa

156 1371 215 1410 non
236 1353 342 1408 sufficit
365 1353 538 1423 designasse.
565 1352 620 1406 Nec
635 1368 700 1406 eum
716 1352 874 1422 superbum
896 1350 1006 1421 simpli·
1058 1357 1148 1420 pentes
1169 1367 1229 1421 qua
1248 1352 1318 1406 bello
1341 1352 1435 1406 uolunt
1459 1352 1544 1421 (Paul.
1570 1368 1653 1419 uvir,
1679 1353 1723 1424 at)
1744 1368 1752 1406 ι
1776 1353 1805 1406 bi
1828 1353 1907 1406 enim

157 1443 419 1499 eitersolummodo
436 1441 590 1508 vacat,sed
607 1456 1005 1510 eumsaperomnessuper·
1059 1440 1220 1494 intantum
1247 1441 1320 1494 bella
1346 1439 1520 1505 desiderant,
1550 1445 1583 1494 ut
1608 1442 1669 1495 haec
1697 1440 1741 1494 vel
1765 1441 1850 1511 quasi
1874 1456 1908 1494 ex

157 1534 208 1589 bos
230 1533 364 1587 ducatum
387 1531 492 1584 habere
514 1530 674 1583 confirmat.
702 1530 854 1584 Universos
880 1545 1004 1598 namque
1056 1529 1186 1599 jussione
1215 1529 1264 1582 bei
1289 1530 1319 1582 in
1348 1529 1456 1583 cunctis
1489 1529 1623 1599 gentibus
1652 1536 1747 1600 agant.
1778 1529 1910 1583 Christus

157 1623 316 1687 haereticos,
332 1626 360 1674 et
375 1620 554 1674 diversorum
564 1624 693 1673 auctores
704 1633 835 1672 errorum
853 1617 1004 1688 iniquosb,
1058 1617 1231 1687 virginitatis
1254 1618 1331 1671 dono
1356 1622 1385 1671 et
1408 1618 1547 1672 castitatis
1571 1618 1656 1686 bono,
1680 1618 1820 1688 populum
1851 1618 1908 1672 sibi

157 1711 209 1765 isle
226 1716 325 1764 auctor
340 1708 453 1762 sceleris
471 1707 558 1774 rexit;
575 1712 604 1761 et
623 1707 674 1779 qui
688 1722 739 1777 per
753 1706 840 1777 hujus
856 1722 888 1759 os
902 1711 1003 1776 paten·
1023 1677 1189 1761 Bdeditum
1208 1706 1371 1760 candidavit
1392 1722 1399 1760 τ
1426 1707 1473 1760 illo
1495 1707 1684 1776 pinguissima
1700 1707 1905 1770 oblectatione,

157 1804 225 1855 tere
241 1815 270 1853 se
285 1797 423 1869 prodidit,
440 1796 701 1867 pcrhoereticorum
718 1795 826 1849 dadum
842 1801 1006 1848 commenta
1060 1799 1093 1848 ut
1112 1794 1179 1860 dixi,
1197 1802 1225 1848 et
1246 1810 1341 1848 crasso
1363 1794 1519 1864 voluptatis
1542 1795 1666 1865 liquore,
1686 1794 1910 1866 incestuosoque

157 1890 231 1944 clam
247 1902 401 1959 suggerens
423 1884 553 1956 ingentia
568 1885 692 1938 sibilavit
705 1885 728 1938 d.
753 1885 786 1938 ln
808 1882 865 1938 illis
883 1883 1006 1937 latenter
1059 1883 1226 1950 concubitu,
1255 1882 1475 1954 obsequentium
1502 1890 1612 1937 mentes
1638 1889 1667 1937 et
1695 1899 1815 1955 corpora
1844 1900 1910 1937 sor-

148 1979 212 2032 ·sub
232 1977 325 2049 specie
345 1974 460 2029 latitans
478 1990 483 2027 :
499 1973 547 2027 isti
561 1976 661 2042 aperta
673 1977 734 2025 tota
755 1971 830 2026 bella
845 1971 1004 2026 denudans.
1059 1970 1175 2025 didavit.
1200 1971 1329 2025 Christus
1349 1971 1526 2042 conjugium,
1549 1972 1603 2026 iste
1625 1972 1780 2026 divortium
1801 1987 1808 2026 :
1827 1972 1909 2026 Chri·

158 2068 276 2123 lllorum
301 2081 353 2135 per
375 2064 488 2133 linguas
502 2063 596 2132 legem
611 2065 738 2114 sanctam
761 2060 893 2113 malivole
917 2060 1006 2114 disse·
1060 2064 1119 2112 stus
1136 2060 1343 2130 parcimoniam
1361 2066 1390 2114 et
1402 2060 1548 2131 jejunium
1570 2061 1679 2128 docuit,
1704 2061 1752 2114 ille
1777 2061 1910 2115 convivia

158 2171 244 2210 reus:
262 2167 314 2223 per
338 2150 420 2205 istius
435 2165 578 2221 organum
594 2165 681 2202 navas
697 2164 883 2219 componens.
908 2148 1006 2203 Sedet
1060 2155 1089 2204 et
1118 2149 1268 2219 epularum
1297 2149 1471 2215 inlecebras;
1503 2151 1678 2221 protendens
1708 2150 1853 2204 ternariam
1883 2154 1910 2204 at

158 2260 209 2299 rex
233 2254 436 2312 superomues
457 2237 534 2292 lilios
553 2237 695 2307 superbiae
726 2237 820 2306 aptius
847 2235 1005 2290 confirma·
1059 2237 1182 2293 dilatans
1205 2238 1408 2306 oblectamina,
1429 2239 1566 2293 indecora
1583 2239 1665 2292 freno
1680 2239 1759 2292 utillo
1773 2239 1847 2305 legis
1861 2255 1909 2293 co·

159 2332 247 2396 bitur,
266 2330 289 2384 si
304 2329 397 2383 cuncti
413 2335 424 2362 ⁶
442 2326 491 2398 qui
506 2326 559 2381 sub
575 2327 638 2397 ejus
654 2326 795 2397 regimine
811 2325 1005 2392 continentur,
1060 2325 1165 2381 hibuit.
1192 2327 1320 2380 Christus
1341 2326 1371 2380 in
1394 2328 1504 2382 cunctis
1525 2328 1708 2382 continentiae
1731 2328 1857 2399 legibus,
1883 2332 1912 2382 et

161 2420 269 2492 liquide
283 2421 505 2490 pertractentur.
521 2415 593 2469 Sunt
606 2414 711 2468 etenim
727 2413 757 2467 ia
772 2413 907 2485 superbia
922 2412 1008 2467 tumi-
1060 2416 1257 2486 temperantia
1280 2415 1415 2483 terminu,
1441 2416 1603 2471 naturalem
1623 2425 1745 2480 motam,
1768 2417 1830 2470 sina
1853 2434 1911 2488 qao

159 2507 199 2572 di,
216 2507 246 2559 in
266 2511 378 2559 tumore
393 2504 488 2558 cordis
502 2503 578 2570 alati,
602 2503 631 2556 in
646 2503 832 2556 delectatione
848 2502 1007 2556 carnalium
1060 2505 1188 2560 humana
1210 2505 1325 2560 difficile
1347 2511 1450 2559 natura
1470 2505 1627 2572 invenitur,
1653 2502 1848 2557 constrinxit:
1866 2501 1912 2554 hic

160 2610 281 2666 operum
297 2592 389 2660 lluidi,
411 2591 440 2645 iu
454 2591 630 2645 comestione
645 2590 794 2661 superllui,
812 2591 842 2644 in
860 2591 1006 2661 conquisi-
1060 2594 1168 2665 passim
1193 2594 1413 2660 lascivientibus,
1429 2594 1520 2648 frenis
1540 2593 1677 2664 disruptis
1696 2591 1851 2663 pellicandi
1867 2591 1911 2644 in·

158 2683 237 2738 hone
261 2697 358 2736 rerum
380 2685 410 2734 et
433 2680 594 2751 direptione
624 2695 784 2750 pauperum
812 2679 957 2735 invasores
981 2683 1009 2733 et
1061 2683 1283 2737 numerositates
1312 2683 1456 2737 licentiam
1485 2682 1596 2736 tribuit.
1626 2681 1753 2737 Christus
1779 2684 1912 2748 tempore

158 2771 265 2842 cupidi,
281 2770 388 2841 absque
413 2768 518 2839 pietate
541 2774 666 2834 tenaces,
689 2769 749 2822 siue
766 2767 871 2823 rubore
886 2767 1007 2822 menda·
1058 2771 1163 2842 jejunii
1178 2788 1195 2826 a
1208 2771 1325 2843 proprio
1340 2771 1476 2842 licitoque
1496 2770 1641 2825 connubio
1666 2770 1810 2824 abstinere
1833 2767 1912 2823 ordi·

159 2878 216 2929 ces,
238 2860 300 2914 sine
315 2858 485 2913 discretione
501 2856 626 2923 fallaces,
639 2857 746 2927 absque
763 2855 905 2910 modestia
928 2872 1009 2910 mea·
1061 2866 1113 2916 nat
1128 2877 1134 2915 :
1149 2860 1198 2914 ille
1213 2876 1299 2930 quam
1316 2861 1440 2914 maxime
1454 2861 1483 2914 in
1503 2859 1560 2915 illis
1580 2859 1681 2915 diebus
1695 2875 1743 2913 seu
1764 2863 1831 2911 vota
1845 2858 1912 2928 pin·

159 2948 355 3017 lisprocactts,
373 2942 803 3010 sinemisericordiaerudeleS,
820 2930 881 2997 sine
898 2941 1130 3029 justitiacguia
1155 2949 1314 3003 cultoribus
1341 2949 1370 3002 in
1401 2949 1553 3019 praemium
1586 2949 1721 3001 Venerem
1750 2952 1910 3000 consecrat.

158 3036 314 3097 invasores,
329 3034 391 3087 sine
407 3034 515 3087 honore
528 3033 636 3103 absque
651 3032 783 3098 veritate,
800 3031 984 3102 benignitatis
999 3029 1008 3065 ¹

159 3125 317 3179 nescientes
343 3123 487 3178 allectum.
511 3123 679 3193 ignorantes
707 3120 819 3191 pietatis
837 3120 1006 3178 conflexum.

160 3213 279 3285 troposi,
305 3212 410 3279 ornati,
432 3211 538 3278 callidi,
562 3209 679 3274 versati,
702 3210 744 3263 vel
770 3215 937 3263 cunctarum
956 3207 1009 3261 im·

161 3303 301 3374 pietatum
324 3301 442 3355 faecibus
458 3315 517 3353 non
534 3299 637 3362 medie,
652 3298 698 3352 scd
714 3298 920 3369 principaliter,
945 3312 1007 3349 sor·

162 3391 261 3446 didati.
281 3389 477 3444 Humilitatem
490 3387 566 3440 velut
580 3387 722 3440 insaniam
738 3387 912 3453 deridentes,
928 3385 1008 3438 easti-

160 3485 248 3534 tatem
264 3477 346 3549 quasi
367 3476 535 3547 spurcitiam
550 3481 728 3545 respuentes,
744 3474 938 3544 virginitatem
957 3489 1007 3526 seu

160 3567 258 3621 sordes
275 3564 475 3620 scrabedinum
491 3576 506 3619 a
522 3562 715 3632 detrahentes,
731 3566 760 3617 et
774 3563 901 3629 virtutes,
918 3561 1008 3616 animi

1061 3037 1189 3093 Christus
1206 3037 1295 3089 servis
1310 3037 1368 3089 suis
1388 3036 1551 3105 angelicum
1572 3036 1788 3107 spiritalemque
1804 3040 1912 3089 statum

1062 3124 1195 3196 pollicit:
1211 3125 1259 3178 ille
1273 3124 1331 3177 sais
1347 3124 1467 3194 perditis
1484 3126 1674 3195 corporalem,
1691 3124 1750 3177 imo
1770 3124 1910 3194 equinum

1062 3213 1170 3268 liuram
1194 3212 1313 3266 inducit.
1339 3213 1394 3266 Sed
1417 3218 1445 3266 et
1464 3228 1564 3266 omncs
1580 3212 1718 3266 haetenus
1733 3213 1868 3277 haereses,
1884 3217 1911 3265 et

1062 3301 1188 3358 universi
1205 3307 1281 3354 retro
1298 3316 1440 3355 errorcsa
1463 3305 1591 3372 tempore
1614 3301 1771 3355 nativitatis
1796 3301 1910 3354 Domini

1062 3390 1153 3446 nostri
1175 3395 1203 3443 et
1227 3389 1277 3444 hei
1304 3389 1366 3443 Filii
1392 3389 1603 3459 liedemptoris,
1622 3390 1751 3444 atudaea
1767 3393 1796 3444 et
1818 3390 1908 3443 Eccle·

1062 3480 1104 3533 sia
1119 3494 1281 3546 manavere,
1299 3479 1351 3532 hoc
1367 3483 1409 3532 est
1423 3478 1459 3534 ab
1479 3479 1519 3532 eis
1543 3494 1615 3549 quus
1637 3478 1689 3532 sub
1710 3478 1822 3532 ditione
1841 3478 1910 3549 legis

1063 3584 1144 3622 mera
1173 3567 1277 3621 veritas
1308 3566 1460 3621 retinebat.
1494 3568 1651 3638 Nullusque
1684 3566 1759 3620 alius
1787 3582 1910 3636 reguum

160 3655 288 3727 corporis
312 3653 380 3707 vitio
406 3653 610 3725 percalcantes,
634 3655 716 3721 gestu
737 3651 894 3722 habituque
912 3667 1007 3705 mores
1062 3661 1164 3712 contra
1184 3655 1290 3711 Christi
1318 3659 1378 3709 toto
1405 3656 1514 3709 mando
1540 3656 1649 3709 clarum
1677 3655 1793 3710 advexit
1820 3656 1910 3726 impe·

161 3742 475 3816 propriosindicantes.
1063 3745 1150 3812 rium,
1175 3743 1231 3798 nisi
1254 3743 1301 3798 hie
1322 3744 1522 3814 iniquissimus
1540 3744 1700 3799 somniator
1714 3742 1847 3797 inanium
1870 3759 1911 3797 va·

197 3837 242 3889 32.
258 3834 322 3888 hec
343 3848 407 3902 quae
422 3832 457 3885 de
473 3831 547 3886 libro
561 3829 638 3885 beati
662 3829 715 3884 lob
730 3829 895 3884 summatim
915 3828 1007 3898 ῒθῑίεῑ,
1064 3835 1197 3899 rutatum,
1227 3834 1303 3887 hunc
1327 3833 1534 3886 antichristum
1563 3833 1695 3887 dolosum
1723 3832 1859 3900 tendens,
1886 3836 1915 3885 et

160 3922 367 3979 imbecillatum
384 3923 397 3963 h
420 3920 524 3974 viriam
547 3935 677 3974 nicarum
692 3919 828 3984 sentiens,
849 3917 923 3972 beati
938 3918 1007 3972 Gre-
1063 3923 1197 3978 callidum
1213 3921 1376 3991 inreptione
1391 3922 1513 3976 nefanda
1529 3938 1580 3992 per
1595 3926 1686 3975 totum
1702 3920 1806 3975 mundi
1822 3922 1914 3974 circu.

161 4012 235 4084 gorii
250 4008 470 4065 commentarios
486 4024 548 4062 sum
562 4013 685 4062 secatus.
699 4009 731 4062 Et
741 4007 818 4078 quod
834 4007 882 4061 ille
895 4006 1008 4077 copiose
1063 4011 1124 4065 lum
1149 4010 1224 4064 male
1246 4014 1418 4080 porrectum.
1444 4010 1476 4063 Et
1495 4010 1559 4063 ideo
1583 4010 1651 4081 quia
1674 4010 1811 4064 adversus
1831 4009 1930 4064 Chri-

161 4101 309 4170 eloquens,
324 4103 353 4151 el
367 4097 536 4167 el⁰tlt¹⁰¹¹¹0t
552 4094 714 4156 inttssissm·
728 4094 758 4148 in
773 4094 902 4149 membra
918 4093 1008 4165 ipsius
1063 4103 1138 4154 stum
1161 4098 1334 4153 humilitatis
1360 4097 1529 4169 magistrum
1552 4105 1662 4151 erectus
1686 4102 1738 4164 est,
1764 4104 1793 4152 et
1812 4104 1936 4151 contra

161 4184 294 4239 draconis
308 4183 479 4254 quibusdam
503 4182 696 4237 schematibus
711 4183 884 4252 generaliter
899 4187 927 4236 et
946 4197 1009 4252 spe·
1063 4188 1140 4241 illius
1165 4187 1312 4240 lenissima
1335 4193 1363 4240 et
1383 4185 1514 4257 jucunda
1538 4191 1688 4257 praecepta,
1717 4187 1957 4253 coutumacia..

162 4273 271 4329 cialiter
284 4272 419 4342 inipsum
432 4271 563 4342 regulum
578 4270 720 4336 diribavit,
737 4287 790 4341 ego
805 4271 940 4341 contigue
955 4270 962 4304 ¹
977 4270 1007 4324 in
1026 4273 1190 4343 Dverhere,
1207 4280 1237 4330 et
1255 4276 1361 4347 gladio,
1382 4292 1451 4330 usus
1474 4282 1529 4342 est3
1555 4281 1630 4331 recte
1653 4275 1845 4331 Antichristus
1867 4292 1957 4330 iro-

161 4361 236 4415 hanc
250 4360 368 4415 bestiam
387 4360 493 4413 nostris
515 4358 692 4429 temporibus
716 4363 809 4413 ortum
824 4368 923 4413 nactus
943 4373 1006 4412 sum
1061 4369 1140 4419 catus
1156 4369 1207 4431 est,
1224 4364 1275 4436 qui
1289 4364 1458 4419 Christianae
1472 4365 1621 4436 religionis
1644 4364 1845 4435 apertissimus
1868 4365 1957 4418 in·-

162 4450 315 4520 explicare‚
337 4449 506 4503 auctoritate
522 4447 572 4502 ills
587 4463 643 4520 qua
658 4447 723 4502 novi
740 4447 776 4502 ab
790 4448 1007 4518 explanatorum
1060 4451 1194 4517 famator,
1215 4457 1244 4505 et
1261 4451 1464 4506 subtilissimus
1489 4468 1601 4506 eversor
1623 4451 1758 4505 inventus
1780 4457 1833 4506 est.
1858 4454 1957 4508 lla-

161 4537 269 4610 regulis
291 4553 348 4591 non
373 4537 554 4608 aliquatenus
574 4535 707 4591 deviare:
728 4536 795 4608 quia
816 4551 868 4590 nec
892 4534 1009 4606 propria
1062 4540 1126 4596 buit
1147 4539 1273 4595 Christus
1299 4540 1439 4593 hominus
1460 4540 1596 4611 quicum
1619 4539 1792 4611 quibusdam
1809 4540 1957 4612 liguris

162 4625 325 4683 temeritate
341 4642 419 4694 usus,
436 4641 523 4680 novas
540 4625 625 4680 rebus
639 4625 843 4695 intelligentias
859 4625 938 4689 linai,
959 4623 1008 4677 sed
1062 4634 1128 4683 ante
1152 4628 1329 4682 nativitatem
1356 4645 1522 4699 corpoream
1549 4633 1640 4699 gestu.
1665 4628 1837 4699 habituque,
1863 4631 1957 4682 tir-

162 4717 286 4789 majores
308 4732 430 4788 aequans
445 4715 501 4770 illis
516 4715 776 4785 significationibus
790 4714 926 4779 serviens,
948 4713 1010 4784 qui·
1063 4721 1156 4772 maret
1178 4722 1331 4772 venturum
1353 4733 1360 4772 :
1381 4717 1467 4771 habet
1489 4717 1579 4772 atille
1594 4718 1730 4787 nequitiae
1753 4734 1814 4772 sum
1836 4733 1957 4788 pra*

162 4807 216 4862 bus
236 4805 363 4861 imbutus
386 4820 449 4858 sum
476 4802 645 4874 disciplinis.
670 4803 725 4857 Nec
745 4802 874 4856 insensu
897 4817 1008 4868 eorum,
1064 4821 1204 4871 cursores,
1229 4804 1278 4876 qui
1301 4821 1369 4859 eum
1392 4805 1499 4877 integri
1519 4804 1711 4859 versationis¹
1732 4805 1801 4859 dolo
1820 4810 1957 4860 lotan!

162 4909 216 4949 nec
232 4893 261 4947 in
283 4908 380 4948 rerum
395 4891 628 4963 prefiguratione
644 4891 820 4956 discordans,
845 4889 1010 4945 antichristi
1064 4899 1247 4966 praesentent.
1270 4893 1351 4958 Qirod
1377 4896 1495 4949 lectores
1515 4894 1572 4948 niei
1592 4894 1615 4947 si
1636 4894 1850 4963 reprehendere
1866 4910 1957 4947 voae

162 4988 252 5039 totam
269 4983 299 5037 in
313 4983 385 5037 hanc
410 5008 417 5051 ι
438 4981 594 5052 imaginem
611 4981 828 5049 transplantavi.
845 4978 918 5042 Quid
934 4995 1011 5033 nam·
1064 4982 1181 5050 luerint,
1200 4982 1280 5053 prius
1296 4983 1444 5037 doctorum
1462 4983 1606 5037 volumina
1623 4988 1754 5048 currant,
1776 4987 1805 5038 et
1821 4982 1957 5038 media

198 5135 211 5160 ⁸
223 5125 253 5180 ld
270 5128 313 5179 est
328 5124 393 5178 inlr.
412 5125 496 5177 llum.
511 5127 606 5177 autem
617 5124 723 5188 thius.
737 5137 789 5192 pro
802 5123 877 5176 iutra
888 5121 1009 5193 scripsit.
1101 5126 1115 5168 h
1131 5125 1322 5192 imbecillatum,
1343 5141 1397 5180 vor
1413 5125 1543 5181 addenda
1560 5125 1700 5181 Glossario
1723 5125 1837 5181 intimae
1853 5126 1940 5181 lati‘

198 5199 211 5239 b
227 5197 287 5262 tls,
304 5198 459 5249 uniuersi...
476 5196 619 5248 lteretici...
634 5195 735 5260 iniqui.
1065 5195 1163 5250 nitatis
1179 5212 1186 5249 :
1202 5195 1278 5249 idem
1294 5212 1325 5249 ac
1339 5197 1520 5252 imbeciltitus.

199 5276 210 5300 ⁶
225 5268 288 5331 tls,
302 5282 352 5336 per
362 5265 444 5335 liujus
460 5267 523 5319 liure
537 5269 672 5332 parentes.
1100 5265 1182 5330 ilis,
1199 5270 1326 5321 cavaticae.

199 5335 291 5402 atta,
307 5338 439 5391 sivttauit.
1098 5336 1225 5390 lillelius
1251 5353 1257 5390 :
1282 5340 1312 5392 tu
1336 5338 1417 5406 laune,
1446 5338 1474 5393 id
1500 5343 1542 5394 est
1568 5339 1720 5404 llahomet,
1745 5339 1915 5394 Antichristi

199 5412 211 5438 ⁴
226 5407 286 5472 lla..
302 5410 327 5461 si
341 5412 448 5461 coarctus
463 5407 512 5474 qui
526 5405 576 5460 sub
590 5405 647 5474 ejus
658 5406 799 5472 reptmiae.
1065 5417 1282 5478 praecursorem.

200 5475 210 5510 ¹
226 5477 286 5542 us,
301 5478 502 5544 beniqnitutem.
1101 5477 1114 5511 ¹¹
1129 5478 1189 5538 tls..
1203 5479 1356 5533 lacertilus.

201 5559 216 5602 a
231 5547 260 5603 h.
276 5550 435 5616 uirqiattatt
447 5562 493 5602 seu
507 5546 633 5602 cordibus
647 5546 846 5601 aeuhmdiuum.
1100 5543 1107 5578 ¹
1125 5549 1153 5602 Ρ.
1171 5551 1201 5603 tu
1216 5551 1457 5614 terpiucrsatiouis.
