3930 6098
64 241 114 292 irs
619 238 664 292 uit
683 236 849 294 CORPORE
870 239 913 294 ET
932 237 1108 294 siuouiitu
1129 237 1259 293 notititt.
1762 242 1815 298 lto

61 367 195 422 sensibus
208 370 354 439 appareat,
369 367 445 423 aliud
461 371 557 423 autern
582 368 657 440 quod
674 367 744 423 tides
767 368 908 441 aspiciat:
925 381 946 436 Α
966 369 1061 440 agitur
1074 370 1104 425 iii
1129 369 1367 425 manifestationis
1391 372 1452 426 luca
1479 371 1614 429 clarescat
1631 380 1681 431 :at
1710 381 1807 432 utrum

60 472 120 511 nou
135 472 225 528 parra
240 456 390 512 diversitas
416 457 555 511 intercus
580 456 767 527 dignoscitur.
797 459 910 514 Etcum
963 460 1057 529 ipsum
1073 475 1178 531 corpus
1192 458 1269 531 quod
1284 459 1320 514 de
1337 459 1422 514 liaris
1435 466 1533 516 natum
1555 468 1606 530 est,
1629 469 1658 518 et
1678 479 1805 535 passum,

58 546 217 615 Apostolus
241 544 377 600 fidelibus
406 544 508 599 scribat
538 547 561 610 (l
579 546 674 609 Cori,
693 545 744 615 lo),
775 551 805 600 ut
833 546 909 601 ideni
963 553 1110 603 mortuum
1123 553 1151 603 et
1165 549 1321 619 sepultum,
1348 549 1481 620 quodque
1498 567 1648 623 resurgens
1672 557 1700 608 et
1721 555 1807 610 caelos

57 632 218 702 suplantet
239 630 317 686 idem
341 630 438 685 dicam
459 647 571 700 omues,
595 638 624 686 et
646 631 768 688 schisma
796 633 909 688 nullum
962 636 1337 703 ascendens,addexteram
1353 637 1611 694 Patrisconsideat.

56 720 135 774 inter
149 735 200 774 eos
213 724 360 791 appareat,
377 735 435 774 non
450 734 539 791 parvo
551 720 703 774 schismate
729 720 909 789 dividuntur,
999 726 1041 779 vt.
1068 725 1176 780 ilerum
1200 725 1323 780 duarum
1348 725 1540 796 quaestionum
1567 727 1689 798 primam
1718 729 1807 802 inspi-

56 808 157 879 quide
183 807 319 879 mysterio
344 808 471 879 corporis
495 807 701 881 sanguinisque
723 808 827 864 Christi
850 825 910 865 non
962 814 1085 880 ciamus;
1102 818 1130 868 et
1144 829 1180 868 ne
1207 812 1361 868 dubictatis
1385 813 1505 884 ambago
1527 813 1718 883 detineamur,
1735 817 1806 872 dell·

57 896 161 952 eadem
176 896 335 952 sentientes
350 899 537 969 eloquuntur.
962 902 1077 957 niamus
1087 902 1156 973 quid
1170 901 1206 956 sit
1229 904 1330 971 lipara
1346 901 1414 974 quid
1428 904 1541 970 auitos,
1564 908 1595 957 ut
1615 910 1724 959 certum
1752 906 1805 960 ali·

91 985 140 1040 iti.
157 985 340 1058 Quapropter
354 991 449 1040 restra
460 986 566 1057 regalis
579 985 743 1041 sublimitas
766 985 827 1040 zelo
842 984 909 1041 fidei
962 991 1031 1062 quid
1045 996 1224 1058 contuentes,
1240 992 1406 1045 noverimus
1421 1007 1478 1062 quo
1490 991 1609 1046 rationis
1624 991 1680 1048 iter
1690 999 1808 1049 conteu-

55 1079 223 1144 prorocata,
238 1088 298 1128 uon
318 1074 521 1145 equanimiter
534 1073 588 1129 ista
611 1075 803 1147 perpendens,
817 1079 845 1129 et
864 1091 907 1128 se·
961 1081 1029 1135 dere
1043 1080 1208 1135 debeamus.

55 1161 184 1217 cundum
199 1162 332 1232 Apostoli
356 1169 532 1234 praeceptum
555 1164 673 1234 cupiens
689 1169 721 1218 ut
745 1163 822 1219 idem
843 1178 909 1218 seii-
997 1171 1054 1225 Vll.
1069 1172 1178 1237 Figura
1197 1173 1241 1223 est
1268 1166 1449 1224 obumbratio
1476 1167 1608 1238 quaedam
1633 1166 1807 1240 quibusdam

54 1250 129 1305 liant
144 1254 173 1305 et
188 1249 266 1305 idem
286 1250 382 1306 dicarit
407 1267 516 1320 omnes,
538 1251 667 1307 veritatis
694 1252 851 1324 diligenter
865 1253 907 1307 in·
960 1258 1150 1314 velaminibus
1174 1257 1252 1330 quod
1271 1257 1394 1312 intendit
1413 1255 1580 1324 ostendens;
1596 1256 1676 1311 verbi
1703 1257 1805 1329 gratis,

56 1339 147 1410 quirit
160 1347 315 1406 secretum,
331 1344 363 1396 ut
373 1341 410 1395 ad
426 1356 490 1396 esni
503 1341 651 1396 deviantes
664 1357 797 1397 revocare
808 1341 906 1413 possit.
962 1347 1086 1402 Verbum
1101 1347 1228 1401 volentes
1243 1344 1348 1412 dicere,
1371 1359 1470 1414 pariam
1494 1359 1695 1417 nuncupamus
1711 1362 1718 1400 ε
1734 1345 1808 1401 sicut

55 1428 134 1482 Unde
149 1442 210 1483 non
226 1428 410 1483 contemnitis
424 1429 511 1484 etiam
528 1429 563 1484 ab
576 1429 749 1485 humillimis
763 1430 851 1502 hujus
866 1429 908 1485 rei
960 1435 990 1490 in
1004 1435 1140 1492 Oratione
1155 1433 1303 1490 [lominica
1316 1449 1420 1506 panem
1436 1433 1635 1505 quotidianum
1651 1434 1713 1490 dari
1723 1434 1807 1490 nobis

54 1517 207 1572 veritatem
241 1518 419 1590 perquirere,
449 1517 571 1574 scientes
599 1519 676 1591 quod
702 1519 774 1573 tanti
807 1517 907 1573 secreti
961 1524 1175 1594 expostulamus
1205 1525 1281 1591 (tue.
1313 1539 1352 1589 ai,
1369 1523 1414 1590 3),
1448 1523 1494 1576 vel
1526 1538 1591 1577 cum
1621 1523 1749 1579 Christus
1775 1523 1807 1578 iii

54 1606 226 1677 mysterium
260 1622 320 1661 non
353 1606 408 1661 nisi
443 1607 596 1662 Divinitate
634 1606 779 1661 revelante
816 1606 909 1678 possit
962 1612 1116 1682 Evangelio
1132 1612 1261 1683 loquitor
1275 1611 1469 1679 dioscurus
1488 1626 1547 1666 sum
1560 1614 1642 1681 pariis
1654 1614 1742 1681 airus,
1758 1614 1808 1681 qui

54 1694 183 1766 agnosci,
198 1694 342 1766 quaesitae
356 1711 545 1767 personarum
565 1696 741 1766 acceptione,
757 1710 809 1766 pei
821 1710 906 1767 quos·
921 1684 941 1739 Β
961 1700 994 1755 de
1004 1703 1067 1756 culo
1078 1698 1304 1769 descuadidloon.
1317 1714 1355 1764 ri,
1369 1699 1430 1769 4¹l;
1446 1700 1488 1753 vel
1499 1714 1564 1753 cum
1578 1700 1703 1769 seipsum
1713 1701 1804 1767 uitem,

55 1797 169 1853 ‘unque
184 1781 337 1852 dssl‘sseffli
357 1798 416 1837 ³⁰⁸2
430 1783 558 1837 Veritatis
571 1782 670 1836 lumen
684 1782 816 1837 ostendii·
960 1789 1116 1859 discipulos
1144 1793 1240 1842 autem
1271 1787 1399 1857 palmites
1426 1786 1576 1857 appellat:
1594 1789 1647 1854 iios
1659 1801 1719 1841 sum
1739 1788 1806 1841 uitis

87 1870 137 1924 lt'.
155 1870 347 1925 Nostraerero
363 1871 494 1925 tenuitati
510 1885 597 1943 quam
621 1869 832 1941 sitjucuiiduni
855 1886 907 1925 re·
959 1894 1033 1943 sera,
1051 1892 1097 1932 uos
1128 1883 1217 1931 autem
1239 1875 1369 1946 palmites
1399 1876 1494 1945 (doen.
1509 1891 1554 1938 xv,
1568 1877 1605 1943 5).
1635 1877 1699 1930 ilaec
1727 1874 1804 1930 enini

55 1963 111 2012 stro
125 1973 233 2030 parere
246 1958 381 2031 imperio,
399 1964 459 2014 tam
483 1962 526 2014 est
552 1960 674 2014 arduum
701 1975 789 2030 super
810 1975 840 2014 re
853 1960 906 2014 bu·

56 2047 150 2101 manis
163 2046 298 2101 sensibus
312 2047 516 2115 remotissima,
528 2052 557 2103 et
578 2048 633 2102 nisi
657 2063 710 2119 per
734 2047 824 2103 sancti
840 2048 906 2118 Spi-

57 2137 127 2190 ritus
152 2134 349 2191 eruditionem
375 2153 432 2191 nori
454 2152 537 2208 possa
560 2142 723 2209 penetrare,
750 2137 906 2208 disputare.

57 2223 192 2279 Subditus
207 2222 297 2294 igitur
324 2229 425 2279 restrae
450 2224 656 2296 magnitudinis
677 2224 809 2295 jussioni,
839 2241 906 2280 con·

57 2313 124 2368 tisias
138 2316 241 2368 antem
256 2312 347 2384 ipsius
362 2313 397 2368 de
413 2329 470 2385 quo
486 2313 610 2369 locuturi
635 2330 735 2369 sumus
758 2313 906 2385 suffragio,

58 2401 161 2472 quibus
184 2405 307 2472 potuero
334 2400 437 2470 verbis,
465 2401 584 2474 quidex
613 2399 675 2474 [ol.,
700 2398 748 2474 de]
765 2402 819 2457 boc
841 2416 906 2457 seii·

57 2491 123 2543 tiam
149 2486 267 2560 aperire
290 2488 415 2552 tentabo,
435 2505 494 2545 non
517 2493 635 2561 proprio
663 2490 752 2546 iratus
777 2490 906 2562 ingenio,

960 1965 1058 2021 omnia
1067 1965 1144 2020 aliud
1156 1965 1255 2019 dicunt
1269 1968 1298 2018 et
1310 1963 1387 2018 aliud
1403 1963 1539 2018 innuunt.

997 2054 1067 2108 viii.
1087 2055 1194 2108 Veritas
1210 2067 1278 2106 reio
1292 2054 1335 2105 est
1355 2050 1396 2105 rei
1413 2051 1563 2105 manifesta
1588 2050 1804 2116 demonstratio,

960 2142 1048 2198 nullis
1063 2141 1230 2197 umbrarum
1245 2139 1421 2212 imaginibus
1439 2139 1587 2206 obvelatae,
1612 2139 1661 2194 sed
1682 2139 1762 2208 puris
1776 2144 1807 2193 et

961 2231 1077 2303 apertis,
1093 2234 1182 2302 utque
1211 2229 1326 2300 planius
1355 2228 1535 2298 eloquamur,
1563 2226 1740 2281 naturalibus
1765 2226 1804 2279 si·

960 2318 1192 2389 gnificationibus
1206 2317 1375 2384 insinuatae,
1390 2320 1499 2388 utpote
1513 2330 1577 2369 cum
1601 2315 1705 2370 dicitur
1729 2314 1806 2369 Chri·

961 2407 1116 2458 stusnatus
1135 2402 1170 2457 de
1197 2401 1322 2472 Virgine,
1351 2416 1462 2471 passus,
1488 2398 1648 2465 crucifixus,
1673 2405 1805 2453 mortuus

961 2496 989 2547 et
1012 2492 1151 2563 sepultus.
1182 2490 1257 2546 Nibil
1290 2489 1368 2545 enim
1402 2488 1449 2543 bio
1476 2487 1578 2559 llguris
1607 2486 1805 2542 obvelantibus

59 2578 100 2632 sed
116 2582 287 2632 sanctorum
300 2576 420 2648 vestigia
436 2579 552 2633 Patrum
568 2578 780 2649 prosequendo.
960 2581 1161 2647 adumbratur;
1185 2593 1284 2633 rerum
1309 2578 1351 2633 rei
1370 2577 1473 2632 raritas
1493 2576 1668 2631 naturalium
1694 2574 1806 2646 signill-

91 2667 121 2720 tl.
136 2665 222 2731 Quod
241 2666 272 2720 in
289 2667 411 2721 Ecclesia
424 2682 474 2723 ore
489 2667 619 2722 fidelium
643 2667 777 2734 sumitur,
802 2683 906 2738 corpus
960 2669 1121 2727 cationibus
1143 2667 1295 2724 verborum
1326 2667 1506 2732 ostenditur,
1535 2682 1630 2736 neque
1654 2663 1730 2719 aliud
1758 2665 1806 2720 bio

60 2758 84 2806 et
103 2753 225 2825 sanguis
244 2754 361 2823 Christi,
384 2755 488 2827 quaerit
512 2761 613 2811 vestre
636 2755 844 2828 magnitudinis
858 2772 907 2811 ex·
960 2757 1158 2828 licetintelligi
1173 2771 1259 2828 quani
1280 2754 1393 2810 dicitur.
1411 2758 1446 2809 st
1476 2754 1506 2808 iu
1531 2753 1727 2825 superioribus
1745 2768 1805 2807 non

59 2842 223 2909 salientia,-
238 2842 270 2898 in
299 2845 434 2914 mysterio
455 2844 507 2900 flat
528 2845 620 2914 an,in
647 2844 776 2899 veritate.
807 2845 838 2900 ld
852 2850 906 2914 est,
959 2848 1101 2902 italiam
1129 2843 1367 2909 substantialiter,
1397 2857 1450 2897 nec
1475 2841 1557 2914 panis
1585 2841 1723 2908 Christus,
1752 2856 1805 2895 nec

62 2936 151 2986 utrum
167 2930 281 3004 aliquid
296 2933 397 2988 secreti
422 2933 575 2995 contiueat,
591 2933 667 3005 quod
692 2933 782 2988 oculis
799 2935 905 2989 solum·
959 2935 1025 2990 ritis
1039 2934 1177 3000 cbristus,
1193 2947 1245 2987 nec
1259 2931 1393 3004 palmites
1411 2928 1543 3001 apostoli.
1563 2928 1741 3001 Quapropter
1758 2927 1806 2983 bic

63 3019 138 3074 niodo
153 3019 226 3074 fidei
256 3024 363 3090 pateat,
386 3037 424 3076 an
453 3020 514 3076 sine
539 3022 735 3093 cujuscunque
764 3022 905 3077 relatione
960 3025 1062 3096 ligura,
1077 3021 1208 3093 superius
1222 3019 1449 3075 veroreritasin
1473 3019 1638 3072 narratione
1662 3020 1804 3071 monstra-

63 3108 184 3177 nrsterii
199 3108 257 3163 boc
282 3114 413 3180 aspectus
436 3109 588 3165 intueatur
614 3109 743 3183 corporis
771 3112 903 3178 exterius,
958 3117 1016 3180 tur,
1032 3112 1060 3169 id
1075 3115 1118 3165 est
1132 3110 1210 3165 nuda
1225 3112 1253 3162 et
1266 3112 1366 3180 aperta
1378 3105 1560 3176 significatio.

64 3196 129 3267 quod
140 3194 253 3251 mentis
267 3196 344 3252 visus
365 3197 484 3269 aspiciat
498 3198 678 3267 interius3ut
708 3203 800 3255 totum
829 3198 905 3271 qood
994 3202 1036 3256 ix.
1054 3199 1134 3254 Nunc
1152 3197 1304 3253 redeamus
1319 3194 1355 3251 ad
1381 3194 1432 3249 illa
1459 3207 1584 3266 quorum
1613 3205 1699 3245 cansa
1727 3189 1804 3245 dicta

64 3367 156 3409 unere
170 3358 292 3409 coactus
306 3358 348 3409 est
363 3355 551 3427 berengarius
572 3357 603 3411 iii
626 3356 747 3415 concilio
763 3358 905 3428 Romano,
959 3359 1013 3414 loci
1027 3356 1178 3429 significat,
1207 3353 1337 3419 sensibus
1365 3352 1536 3422 subjectam
1553 3349 1594 3406 sic
1615 3348 1709 3404 verbis
1733 3363 1803 3403 con·

66 3438 130 3479 anno
143 3424 255 3481 Christi
272 3427 350 3493 tosa,
366 3428 613 3508 temporeNicolai
623 3428 648 3483 ll
660 3444 753 3501 papae,
769 3430 812 3483 uti
827 3434 906 3500 patet
960 3430 1049 3502 ceptis
1064 3427 1252 3501 sequentibus
1266 3426 1390 3498 explicat
1409 3424 1591 3480 ltatramnus:
1612 3421 1658 3476 itii
1679 3422 1739 3475 sirie
1757 3434 1804 3504 ou·

66 3494 101 3549 bis
116 3496 215 3551 verbis
230 3497 375 3567 conceptis
387 3498 494 3569 quibus
506 3514 607 3571 passus
626 3505 678 3568 est,
702 3515 793 3553 ceum
809 3515 905 3570 corpas
955 3504 1108 3571 jussusque
1132 3499 1265 3554 relatione
1291 3498 1417 3569 mysterii
1446 3496 1494 3550 ioc
1518 3496 1658 3548 intueatur
1680 3505 1801 3560 corporis

67 3569 258 3636 rtsmiguirierii
270 3568 378 3622 llomirii
400 3571 488 3623 nostri
512 3571 575 3624 lesu
589 3570 696 3625 Christi
720 3585 776 3624 esse
801 3577 825 3624 et
844 3585 904 3625 scri·
959 3573 1089 3632 euterius,
1106 3569 1179 3639 quod
1193 3570 1289 3624 mentis
1305 3571 1380 3623 uisus
1403 3567 1523 3636 aspiciet
1541 3565 1666 3618 interius.
1683 3563 1803 3632 insuper

67 3639 179 3704 sialiter,
202 3642 230 3692 et
258 3652 313 3692 aori
338 3639 424 3694 solum
454 3645 630 3707 sacramento,
656 3638 704 3695 sed
728 3642 757 3694 iu
778 3643 905 3709 ueritate,
960 3658 995 3697 ex
1014 3640 1116 3696 abbate
1131 3640 1270 3695 abbaudo
1290 3638 1367 3692 idem
1391 3635 1604 3716 intelligimus,
1618 3633 1694 3705 apud
1718 3647 1803 3713 quem

68 3710 181 3764 auitas
191 3709 365 3765 sacerdotum
379 3708 504 3776 tractari,
519 3715 544 3766 et
559 3711 656 3779 (roupi
669 3709 825 3779 etpdeli'um
842 3711 906 3766 deii-
959 3713 1021 3767 bec
1035 3727 1088 3765 vox
1103 3710 1237 3764 eumdem
1253 3724 1368 3763 sensum
1385 3713 1414 3762 et
1427 3721 1511 3761 usum
1532 3706 1620 3760 subiit
1636 3721 1643 3758 ι
1658 3702 1712 3759 8εά
1727 3701 1806 3756 aliud

69 3780 124 3834 tiliis
145 3782 243 3834 atteri.
258 3784 293 3835 At
307 3797 373 3836 reru
390 3782 415 3835 si
441 3782 503 3836 baec
526 3782 669 3835 sententia
696 3781 859 3836 communis
875 3787 903 3836 et
959 3788 999 3837 est
1018 3796 1078 3837 cum
1091 3780 1248 3835 deaeritate
1261 3777 1405 3847 cujuslibet
1424 3778 1465 3831 rei
1482 3776 1628 3832 secuudum
1648 3775 1804 3843 proprieta-

69 3851 147 3921 nagis
166 3850 286 3920 vulgata
301 3850 355 3905 init
371 3856 500 3923 tempore
521 3850 697 3923 Berengarii,
721 3867 778 3906 nou
796 3867 830 3905 eo
845 3851 905 3923 pri-
960 3860 1012 3908 terri
1031 3854 1102 3920 sacti
1114 3848 1350 3919 queritur;oli'ud,
1366 3862 1426 3902 cam
1445 3848 1516 3927 sacti
1539 3844 1658 3913 ejusdem
1686 3845 1803 3925 mystico

70 3933 133 3974 nium
148 3935 165 3974 e
185 3922 306 3975 cerebro
333 3921 483 3976 bominum
503 3937 654 3993 erumpere
669 3922 763 3994 coapit,
797 3924 904 3994 quippe
959 3926 1031 3980 ratio
1046 3923 1187 3989 otteuoii'ce
1199 3921 1354 3975 discutitur.
1377 3918 1411 3972 Et
1429 3920 1617 3970 continetur:
1639 3917 1709 3994 Quia
1725 3927 1804 3966 oera-

71 4002 120 4044 cum
135 3990 166 4045 in
185 3989 314 4057 instanti
334 3996 364 4045 et
385 3993 534 4048 confestim
560 3993 712 4064 opiniones
735 4008 905 4049 communes
959 3997 1026 4050 citer
1039 4006 1136 4064 corpus
1151 3992 1255 4048 Christi
1267 3989 1393 4044 monibus
1409 3987 1553 4054 frangitur
1570 3982 1728 4064 secedatis,
1746 3997 1803 4036 non

72 4072 117 4135 non
129 4061 266 4116 eradant.
281 4061 449 4134 insuperab
463 4065 517 4120 bac
535 4063 675 4118 sententia
690 4079 749 4118 non
766 4064 904 4131 alienum,
959 4080 1039 4119 secus
1058 4080 1090 4118 ac
1103 4061 1183 4135 prior
1210 4061 1298 4116 sancti
1326 4057 1444 4114 Victoris
1474 4056 1644 4136 Gualterius,
1670 4067 1735 4133 cum
1758 4050 1806 4106 ob·

74 4131 209 4186 inoralde
224 4146 347 4187 concors
361 4133 486 4205 prodidit
505 4151 569 4188 cum
586 4135 626 4188 ait
651 4135 726 4205 quod
743 4134 774 4188 in
803 4135 905 4189 eucha-
960 4140 1054 4190 serrat
1085 4133 1288 4202 tta-rengerium
1322 4134 1451 4185 coactum
1488 4127 1576 4182 tuisse
1604 4123 1804 4207 lateriuuerum

74 4200 302 4257 sitammam
324 4217 387 4258 coro
407 4209 456 4259 out
470 4208 584 4277 sanquis
611 4206 758 4262 christiin
784 4209 905 4260 rostram
960 4219 1055 4275 corpus
1077 4209 1102 4258 et
1113 4205 1275 4270 soupiiiuem
1304 4201 1407 4257 christi
1430 4212 1504 4265 esse;
1534 4197 1559 4251 et
1584 4194 1755 4277 auisuobter·
1780 4196 1806 4248 et

73 4278 382 4329 murtamerccruem
404 4275 708 4343 retransmisimus.
733 4275 766 4330 de
789 4277 939 4345 corporali
958 4291 1011 4331 aori
1025 4276 1110 4329 sotum
1137 4278 1314 4338 sacramento,
1340 4269 1388 4326 sed
1415 4271 1496 4323 etium
1525 4268 1650 4349 ueritate,
1679 4263 1805 4348 moribus

75 4341 253 4418 edomuisse
290 4344 406 4414 Christi,
438 4347 531 4418 capite
579 4349 625 4412 20,
659 4351 687 4400 et
720 4346 823 4401 eodem
856 4362 901 4400 ca·
957 4346 1126 4401 sacerdotum
1154 4345 1280 4410 tracturi,
1305 4346 1330 4396 et
1358 4342 1465 4408 frangi,
1487 4341 1513 4393 et
1538 4334 1805 4415 fideliumlderitibus

75 4416 128 4485 pite,
148 4414 284 4467 observat
311 4420 466 4471 suauitate
494 4416 635 4471 exstitisse
663 4421 851 4471 monumenta
876 4421 905 4472 et
958 4415 1135 4472 sterilium
1150 4428 1267 4468 sensum
1291 4410 1416 4466 subierat
1438 4406 1514 4480 apud
1540 4407 1722 4462 Paschasiiim
1748 4404 1798 4486 lib.

75 4480 145 4536 libros
158 4498 211 4537 seu
224 4483 339 4539 codices
354 4501 388 4540 ex
411 4487 517 4557 quibus
531 4492 592 4542 erat
613 4487 786 4559 intelligere,
805 4489 903 4557 plures
958 4503 994 4541 xii
1030 4484 1220 4556 Expositionis
1271 4481 1302 4536 iii
1351 4481 1543 4536 llattliaeum:
1579 4474 1711 4559 Quaado·
1740 4490 1807 4544 rom

76 4552 198 4608 risuum
225 4553 359 4610 bomines
380 4557 537 4628 theologos.
568 4557 618 4629 qui
647 4557 677 4612 in
707 4575 741 4613 ea
769 4557 903 4612 suasione
956 4560 1031 4612 altro
1062 4572 1115 4610 riou
1142 4558 1220 4609 eruru
1256 4552 1312 4607 liaeo
1339 4551 1455 4621 mystico
1487 4552 1667 4631 socrumque,
1699 4560 1728 4599 iu
1752 4545 1806 4629 pile

75 4628 287 4692 permanserant,
303 4624 472 4682 scilicetcor
494 4644 526 4682 us
551 4628 655 4684 ebriati
680 4628 710 4682 in
730 4628 904 4683 eucharistia
956 4631 1047 4697 reipsa
1061 4627 1171 4689 veritos,
1192 4638 1251 4694 qaae
1271 4623 1361 4676 adbuc
1385 4626 1455 4676 recte
1482 4620 1576 4686 agitur
1601 4633 1631 4671 ui
1658 4621 1801 4700 mysterio,

75 4699 221 4766 saepiam
241 4709 305 4750 esse
328 4696 480 4768 digestioni
495 4704 523 4753 et
541 4698 689 4753 aflectibus
708 4703 902 4753 excremento·
957 4698 1280 4761 taceaturiusreseretur,
1298 4697 1323 4746 ct
1352 4694 1404 4746 erit
1433 4690 1555 4745 omnibus
1577 4689 1671 4758 putam
1691 4702 1721 4768 rii
1734 4688 1806 4753 sriii·

75 4775 123 4840 iuni
135 4765 304 4821 obnoxium.
321 4767 389 4831 Quae
406 4769 487 4824 ressi
511 4768 628 4835 itasiut,
652 4768 738 4839 hujus
760 4769 904 4840 opinionis
956 4767 1114 4837 tioaequod
1132 4781 1202 4820 auno
1220 4765 1392 4819 sumimusiu
1421 4763 1564 4843 musteriq.
1593 4758 1807 4842 ltessatisvul·

74 4834 171 4890 initium
189 4842 320 4910 tempore
334 4839 427 4894 Caroli
441 4839 668 4895 Calviconstitui
686 4855 765 4911 posse
781 4840 901 4907 videtur,
957 4848 1022 4911 gaia
1036 4839 1089 4892 tuit
1103 4837 1203 4892 media
1219 4835 1311 4889 estatis
1324 4846 1479 4887 ususvocis
1496 4834 1635 4898 ueritatis,
1664 4827 1698 4908 ud
1715 4842 1805 4897 sigm-

74 4916 117 4972 quo
135 4907 244 4962 scilicet
266 4924 351 4964 snum
376 4915 529 4966 tractatum
552 4912 712 4982 composuit
737 4910 903 4965 Paschasius
957 4908 1098 4965 licandam
1127 4907 1169 4962 rei
1193 4904 1391 4976 probationem
1427 4918 1477 4957 sau
1505 4901 1802 4981 demonstrationem:

74 4975 273 5033 iiuauimaus
289 4995 375 5035 suum
389 4981 511 5052 scripsit.
522 4981 561 5037 Er
577 4997 634 5054 quo
647 4985 725 5052 patet
738 4981 903 5051 planissime
957 4982 1065 5053 quippe
1084 4994 1149 5033 cum
1169 4979 1300 5031 constans
1316 4978 1390 5029 esset
1404 4972 1525 5054 hujusce
1538 4985 1618 5052 vocis
1632 4983 1701 5048 usus
1717 4966 1751 5020 ad
1766 4981 1804 5017 si·

74 5042 188 5118 lugere
204 5053 233 5103 et
244 5049 393 5105 confutare
407 5052 530 5107 voluisse
553 5052 624 5108 duas
636 5052 798 5124 opiniones,
821 5067 903 5122 aeque
957 5050 1133 5122 guiticandas
1146 5045 1363 5102 testificationes
1379 5060 1450 5116 quas
1477 5059 1517 5123 iri.
1533 5056 1581 5121 Jus
1602 5044 1694 5094 vocati
1718 5039 1804 5114 testes

74 5121 94 5167 et
105 5120 209 5185 pariter
236 5120 369 5175 adversas
396 5121 534 5178 doctrinae
560 5123 689 5178 Ecclesiae
716 5121 861 5176 catholice
875 5127 904 5175 et
958 5119 1202 5193 prolerresolent,
1231 5115 1335 5188 quibus
1363 5125 1600 5194 reapsaflcrimina
1629 5123 1687 5163 uon
1711 5120 1805 5159 consi-

73 5188 177 5243 somniis
205 5194 291 5245 seete
320 5191 516 5248 calvinisticae.
551 5191 662 5264 Quippe
686 5209 751 5247 cuni
778 5193 904 5246 enitatur
957 5190 1079 5246 stuntin
1097 5206 1137 5253 se,
1159 5187 1207 5243 sed
1237 5201 1337 5241 eornm
1367 5201 1419 5258 pro
1441 5190 1552 5238 atrones
1575 5185 1609 5261 'et
1637 5180 1804 5259 argumenta

73 5259 178 5323 probare
190 5259 222 5314 in
234 5269 414 5317 sacramento
426 5264 554 5334 corporis
569 5263 674 5321 Christi
701 5263 827 5335 aliquam
843 5278 904 5317 esse
957 5262 1042 5316 tlrma
1055 5266 1084 5315 et
1097 5259 1211 5314 invicta.
1234 5257 1269 5313 Ut
1287 5257 1466 5312 abundanter
1481 5257 1559 5324 patet
1573 5266 1602 5303 in
1622 5245 1803 5328 Consuetudi-

74 5326 181 5396 tissiiram
196 5337 226 5385 et
240 5332 296 5386 boe
315 5348 365 5387 cor
387 5350 421 5388 us
435 5334 540 5389 tibristi
564 5335 639 5406 quod
659 5335 689 5389 in
705 5350 739 5388 eo
769 5333 803 5388 sit
814 5332 903 5387 sensi·
957 5334 1035 5386 uitus
1051 5330 1220 5395 insularum,
1235 5328 1279 5382 tit.
1303 5345 1323 5396 i,
1338 5327 1446 5381 articul.
1469 5328 1501 5378 is
1515 5327 1544 5376 et
1570 5322 1614 5400 20,
1632 5323 1661 5373 et
1677 5333 1708 5372 iii
1721 5315 1805 5371 liber-

74 5393 116 5451 liis
128 5416 183 5456 non
210 5402 325 5474 subjici,
341 5350 477 5460 alrersus
489 5421 540 5459 eos
566 5404 617 5476 qui
631 5404 770 5460 tuendum
788 5403 904 5475 recipie·
958 5404 1064 5456 tatibus
1080 5398 1158 5454 urbis
1172 5399 1261 5454 sancti
1272 5396 1456 5478 llesiderii,in
1468 5394 1625 5475 (lamponis
1640 5402 1716 5443 auno
1736 5390 1805 5475 1238

74 5464 250 5528 bintnullem
280 5474 312 5529 in
337 5491 373 5531 eo
398 5490 462 5531 esse
488 5474 624 5548 figuram,
649 5475 785 5547 quoniam
800 5489 904 5546 corpus
960 5473 989 5527 in
1006 5468 1244 5541 concilioCoyaci
1263 5468 1371 5536 babito,
1399 5467 1428 5522 in
1454 5465 1599 5536 Hispania,
1629 5475 1707 5544 anno
1737 5460 1805 5514 luat)

76 5536 164 5597 ibristi
176 5541 209 5598 in
222 5559 258 5599 ea
272 5550 332 5601 erat
347 5546 479 5603 sensibus
494 5547 654 5617 subjectum
668 5550 698 5601 et
710 5544 831 5600 risibile.
958 5557 1066 5599 canone
1080 5544 1107 5605 s,
1124 5542 1214 5597 relato
1228 5538 1304 5611 apud
1318 5534 1648 5610 tliicangiiim,Glossarii
1657 5535 1738 5585 tomo
1754 5530 1803 5591 lit.

102 5632 153 5687 ⁸1¹
166 5637 360 5708 muueriofiot
386 5654 424 5693 aa
450 5641 480 5693 iii
500 5640 625 5694 raritate.
652 5635 759 5691 Veritas
789 5627 904 5689 remeo
959 5629 1025 5686 Μ·
1042 5614 1120 5667 ¹²⁸3·
