3930 6098
104 236 156 289 237
625 232 759 288 CONTRA
781 232 979 288 GRAEGODUll
999 232 1177 289 opposuit.
1190 264 1224 273 -
1240 234 1308 290 tlh.
1331 234 1353 289 l.
1806 242 1859 296 238

102 366 220 436 epistota
232 367 298 420 estis
309 365 422 426 Christi,
440 366 598 419 ministrato
612 364 727 432 anobis,
744 369 769 419 et
782 367 886 436 scriptu
902 381 954 420 non
972 364 1096 420 ¹tritum
1121 365 1235 421 Domini
1262 367 1456 432 ministratum
1474 369 1551 442 quod
1575 368 1608 424 fit
1630 386 1695 425 cum
1711 370 1746 426 de
1763 371 1858 427 littera

104 459 267 521 attramento,
295 453 343 508 sed
370 453 477 524 Spiritu
501 453 555 506 Dei
575 455 633 508 ciui
661 452 781 525 (licor.
809 470 839 521 u,
867 457 895 520 i,
916 453 953 523 3).
1008 455 1146 508 transitur
1169 455 1203 508 ad
1228 454 1387 524 spiritalem
1408 455 1639 528 intelligentiam,
1665 464 1694 512 et
1712 457 1746 512 da
1770 460 1857 512 servi-

104 544 177 598 Cum
192 543 270 597 dicat
297 541 375 613 quod
390 541 528 597 Corinthii
544 542 600 596 sint
617 542 739 613 epistola
757 541 871 611 Christi,
889 557 954 612 quae
1008 548 1068 597 tute
1082 544 1174 598 carnis
1190 544 1219 597 in
1243 544 1365 614 Spiritus
1389 545 1551 600 libertatem
1572 547 1695 602 venitur.
1724 547 1858 606 Videmus

105 631 261 703 scriptasit
285 630 392 700 Spiritu
423 630 472 684 Dei
488 629 553 698 vivi,
578 646 664 685 unam
689 631 887 703 operationem
906 633 953 686 de·
1009 631 1038 686 in
1054 632 1098 686 his
1113 633 1250 702 Spiritum
1265 633 1379 687 Domini
1403 633 1541 704 Spiritum
1567 636 1670 690 Christi
1694 637 1759 693 dici.
1787 640 1859 694 ilinc

105 725 248 774 monstrat
262 718 353 774 sancti
372 717 495 789 Spiritus
523 722 552 772 et
574 719 696 786 Christi3
721 720 768 774 sed
792 735 878 791 quem
905 735 955 790 ap·
1009 725 1038 774 et
1073 721 1388 792 inconsequentibus:
1421 724 1475 778 Nos
1505 729 1593 778 autern
1617 740 1707 779 ornnes
1739 728 1858 782 reuelato

105 809 194 880 pellat
215 807 271 862 huc
291 807 355 860 loco
382 807 472 860 Deum
487 805 607 860 vivum?
626 806 773 878 iltimirum
800 807 954 873 Christum,
1008 811 1081 877 prcic
1108 811 1224 878 pierium
1252 814 1359 866 Domini
1379 812 1559 880 speculantes,
1591 814 1734 869 incudem
1758 818 1857 883 incopi-

106 896 353 968 cnjnsepistolam
383 894 453 949 dicit
476 910 538 948 esse
565 895 740 961 Corinthios,
771 896 956 950 manifestans
1009 901 1528 966 nrmtransformamurocturitoter'n
1548 901 1858 973 clrrritotem,tanquum

107 985 247 1057 Spiritum
263 1000 324 1038 esse
341 983 455 1050 Christi,
469 983 520 1054 qui
542 984 687 1064 scripserit
701 984 731 1038 in
746 984 881 1038 cordibus
900 985 956 1038 Co·
1009 989 1152 1043 uDomini
1178 989 1286 1058 Spiritu
1306 989 1347 1059 (lt
1365 990 1488 1055 Cer.1u,
1507 992 1560 1057 18).
1594 991 1664 1060 Ergo
1689 1006 1754 1046 cum
1782 1009 1859 1046 rere-

107 1073 282 1128 rinthiorum
299 1071 448 1144 epistolam
474 1088 532 1126 non
563 1076 724 1126 atramento
747 1072 887 1143 corporis,
907 1071 956 1125 sed
1010 1076 1078 1130 latio
1105 1075 1187 1131 faciei
1209 1093 1260 1148 per
1287 1077 1430 1132 Christum
1459 1077 1520 1142 liat,
1542 1094 1595 1132 nos
1622 1081 1860 1135 transformemur

108 1162 299 1216 illustratione
313 1160 369 1215 sui.
386 1162 439 1215 Per
451 1161 506 1215 hoc
522 1175 591 1231 ergo
605 1161 683 1232 qrrod
702 1161 833 1216 eamdem
848 1160 956 1231 episto·
1010 1164 1168 1219 eeleritate
1184 1164 1213 1219 in
1227 1165 1385 1221 claritatem
1399 1183 1416 1221 a
1430 1166 1544 1220 Domini
1558 1166 1679 1237 Spiritu,
1697 1170 1858 1223 communis

109 1251 160 1304 lam
197 1249 328 1304 scribunt
354 1248 484 1303 Christus
513 1250 550 1304 et
569 1249 691 1319 Spiritus
720 1254 845 1316 sanctus,
885 1248 957 1303 sicut
1010 1253 1139 1323 operatio
1156 1255 1221 1308 lesu
1247 1255 1364 1321 Christi,
1380 1255 1529 1325 sanctique
1551 1254 1675 1325 Spiritus
1686 1256 1857 1311 ostenditur.

110 1340 192 1392 tinius
208 1336 396 1408 operationis,
417 1337 457 1391 sic
482 1342 753 1392 essemonstrantur
776 1339 861 1394 unius
890 1341 957 1395 sub·
1012 1342 1090 1397 Unde
1107 1343 1185 1413 quud
1200 1344 1428 1399 ait2ADomini
1439 1346 1558 1414 Spiritu,
1576 1344 1681 1399 Christi
1695 1346 1757 1399 sine
1774 1344 1860 1401 dubio

110 1427 218 1481 stantiae
237 1441 245 1482 ε
261 1426 338 1498 quod
354 1426 429 1480 enim
446 1426 546 1481 scribit
558 1426 696 1492 Christus,
713 1427 768 1482 hoc
789 1433 818 1484 et
835 1430 958 1500 Spiritus
1011 1445 1164 1502 personam
1185 1433 1320 1488 ostendit.
1342 1433 1396 1498 Qui
1420 1449 1485 1486 cum
1501 1433 1538 1487 sit
1551 1432 1674 1503 Spiritus
1687 1433 1788 1504 ipsius,
1805 1449 1859 1505 pa·
1911 1417 1913 1420 ⁵

110 1522 232 1584 sanctus,
249 1521 278 1570 et
303 1516 378 1587 quod
406 1515 528 1586 Spiritus
543 1520 666 1582 sanctus,
690 1517 743 1571 boc
767 1521 796 1572 et
819 1518 955 1578 Christus.
1012 1519 1081 1574 riter
1102 1523 1199 1575 umen
1228 1537 1293 1576 cum
1322 1522 1468 1577 salvatore
1490 1522 1696 1578 revelationem
1727 1529 1862 1594 operatur

111 1623 162 1660 non
176 1604 370 1659 alternatione
397 1604 545 1675 temporis,
577 1620 629 1659 nec
657 1605 785 1660 locorum
816 1613 955 1678 permuta·
1012 1608 1116 1662 veteris
1138 1609 1277 1664 lectionis.
1308 1610 1386 1674 Qurrd
1402 1627 1471 1681 ergo
1495 1612 1580 1666 simul
1596 1616 1754 1682 operantur
1776 1612 1879 1667 unius

112 1696 195 1762 tione,
212 1711 267 1749 nec
283 1693 379 1766 operis
404 1695 560 1760 varietate;
585 1694 722 1765 qnoniam
741 1695 815 1750 sicut
829 1697 956 1767 ejusdem
978 1665 1179 1752 Bsubstantiae
1206 1697 1325 1752 societas
1352 1698 1523 1754 ostenditur.
1555 1699 1635 1763 Quod
1653 1716 1721 1754 vero
1747 1700 1861 1756 Domini

111 1791 172 1839 srrnt
188 1783 355 1851 voluntatis,
379 1783 418 1837 sic
440 1784 568 1855 ejusdem
585 1783 772 1853 operationis,
794 1801 846 1840 nec
870 1785 957 1841 dissi·
1011 1783 1134 1856 Spiritus
1148 1785 1263 1852 dicitur,
1278 1787 1355 1857 quod
1379 1787 1493 1857 abipso
1510 1787 1649 1858 procedit,
1673 1787 1859 1844 insinuatur:

111 1872 955 1945 milispolentiae,quoniamnonsuntdissimilisessentiae.
1013 1873 1165 1928 Dominum
1204 1890 1329 1946 nemque
1358 1875 1534 1930 Salvatorem
1580 1876 1635 1929 hoc
1658 1875 1689 1930 in
1723 1877 1786 1931 loco
1822 1876 1860 1931 si·

110 1962 357 2028 Quemadmodum
390 1967 485 2016 autern
520 1961 631 2015 dicatur
673 1961 796 2033 Spiritus
834 1968 958 2029 sanctus,
1012 1962 1141 2032 gniticeri
1173 1963 1371 2018 cirumstantia
1400 1964 1533 2019 lectionis
1557 1964 1702 2019 evidenter
1722 1965 1859 2020 insinuat.

110 2052 230 2122 Spiritus
259 2050 363 2106 Christi
388 2050 555 2122 frequenter
582 2054 625 2105 est
664 2050 788 2118 dictum3
821 2054 956 2124 quoniam
1425 2106 1432 2124 ,
1491 2105 1497 2117 ,

112 2157 165 2195 non
182 2140 260 2195 sicut
284 2139 409 2209 relpars
430 2138 519 2207 illius,
547 2140 589 2195 vel
607 2139 739 2210 qualitas,
768 2141 812 2195 rel
843 2141 957 2213 aliquod
1342 2106 1456 2161 (ΖΛΜ
1475 2105 1532 2160 ΠΙ·

111 2229 281 2299 subjectum,
301 2228 349 2282 sed
375 2226 449 2282 sicut
467 2227 626 2299 procedens
648 2243 665 2281 a
684 2228 807 2283 Christo.
828 2230 899 2284 ilem
922 2230 957 2286 ad
1314 2215 1477 2267 T9⁸²fm⁰llfll
1501 2214 1566 2267 αὕθ’

111 2317 274 2373 Corinthios
302 2317 333 2371 in
366 2317 465 2371 eadem
482 2333 489 2369 :
507 2317 595 2386 Usque
617 2315 776 2372 hodiernum
798 2316 869 2372 diem
899 2334 958 2374 eum
1049 2319 1150 2374 Beatus
1179 2320 1280 2373 Petrus
1303 2320 1449 2390 apostolus
1484 2318 1582 2374 scribit
1612 2320 1794 2376 credentibus
1833 2321 1863 2376 in

111 2409 209 2475 lepitur
229 2407 344 2473 lloyses,
373 2406 501 2460 velamem
523 2410 563 2459 cst
594 2409 714 2475 positum
733 2406 824 2476 fereper
848 2422 894 2462 ror
918 2421 959 2459 ro·
1015 2407 1244 2480 Epistolaprima
1260 2423 1266 2461 :
1280 2408 1773 2479 Dequusclutcecquisieruntutque
1787 2425 1863 2464 scru-

111 2509 186 2565 rrun3
202 2510 265 2549 cum
279 2499 368 2548 nutem
382 2509 524 2549 cenerum
543 2496 629 2562 suerit
643 2494 680 2549 ud
701 2495 796 2560 Deum,
819 2498 960 2562 auferetur
1014 2495 1068 2547 toti
1077 2496 1140 2548 sunt
1148 2493 1296 2562 prophetae,
1312 2494 1362 2562 qui
1379 2492 1413 2547 de
1425 2495 1522 2561 sartura
1537 2495 1566 2546 in
1590 2494 1666 2549 uobis
1682 2496 1774 2561 pretia
1797 2509 1861 2564 pro·

110 2582 230 2637 acumen
257 2583 291 2652 til
316 2582 377 2638 Gor.
396 2598 437 2650 ru,
455 2585 497 2648 l5,
518 2584 569 2650 tlt).
586 2582 676 2648 Quem
698 2583 745 2638 hie
763 2583 840 2639 dicat
868 2584 958 2639 Deum
1011 2583 1202 2652 plantaverunt,
1224 2586 1375 2635 scrutantes
1395 2583 1425 2636 in
1444 2581 1516 2650 priori
1538 2581 1581 2636 ret
1595 2583 1676 2651 quote
1698 2586 1802 2652 tempus
1822 2587 1862 2636 rt·

113 2672 194 2739 paulo
214 2670 347 2743 superius
360 2671 650 2738 manifestet3dicens
669 2671 704 2724 de
721 2672 823 2726 eodem
841 2671 957 2726 velami-
1015 2669 1158 2740 puificnrct
1176 2671 1206 2722 in
1232 2671 1270 2723 cis
1287 2670 1411 2738 Spiritus
1439 2671 1542 2726 Christi
1557 2671 1589 2738 (I
1608 2673 1679 2726 Petr.
1705 2688 1723 2738 r,
1741 2673 1784 2737 til,
1809 2674 1862 2742 ll).

114 2777 146 2814 ue
159 2759 310 2833 quomodo
323 2760 354 2818 in
376 2759 486 2816 Christo
501 2764 664 2815 esuriretur.
686 2760 715 2816 Si
738 2777 806 2832 ergo
828 2763 959 2817 velamen
1016 2759 1151 2828 Princeps
1171 2758 1366 2828 apostolorum
1381 2757 1427 2813 cui
1442 2758 1570 2813 Salvator
1591 2758 1743 2830 loquitur:
1771 2761 1810 2814 Tu
1837 2773 1864 2813 rs

114 2849 215 2904 veteris
232 2848 364 2903 lectionis
392 2851 547 2903 evacuatur
571 2849 602 2903 in
629 2849 751 2918 Christo,
776 2849 958 2904 manifestum
1015 2848 1119 2908 Petrus,
1150 2851 1176 2901 et
1201 2861 1284 2916 super
1308 2847 1377 2901 horre
1408 2852 1515 2916 petrum
1532 2846 1671 2916 aedificabo
1714 2848 1863 2903 Ecclesium

114 2937 187 3009 quia,
210 2952 279 2992 cnm
299 2951 454 2992 conversus
471 2936 535 3008 quis
549 2936 636 2991 tuerit
651 2937 686 2991 ad
708 2937 863 3005 Christum,
878 2939 957 2994 aule·
981 2949 1100 3021 emenrn
1116 2934 1232 3003 (hlatlh.
1249 2950 1292 3000 xv,
1319 2937 1373 3002 l8),
1390 2934 1483 2988 dicere
1501 2950 1558 2988 nou
1584 2934 1695 2988 dubitet
1725 2934 1864 3006 Spiritum

116 3033 192 3082 retur
205 3027 349 3082 velamen.
1016 3028 1156 3088 sanctum,
1173 3022 1223 3093 qui
1235 3024 1346 3077 locutus
1361 3027 1403 3076 est
1417 3022 1447 3076 ih
1458 3021 1618 3093 prophetis,
1640 3021 1777 3093 Spiritum
1803 3038 1865 3077 esse

147 3114 229 3181 Quod
245 3113 386 3169 elbertus
405 3115 528 3168 loannes
542 3113 573 3169 in
598 3113 768 3186 Apocalypsi
792 3130 843 3168 sua
868 3113 960 3168 dicit:
1017 3110 1121 3165 Christi
1138 3127 1145 3164 :
1162 3115 1189 3164 et
1205 3109 1298 3164 nescio
1321 3110 1371 3181 qui
1392 3110 1522 3164 saeculari
1544 3110 1610 3163 elati
1631 3109 1770 3179 dignitate
1794 3116 1867 3180 prie-

119 3203 327 3273 h'tepofleburn
339 3203 464 3271 multum,
481 3205 547 3273 quio
568 3202 756 3269 nemodipuus
781 3204 963 3257 irroratus-est
1017 3204 1136 3253 sumunt
1160 3197 1380 3269 reprehendere,
1405 3198 1484 3269 quod
1507 3197 1542 3252 ab
1573 3197 1710 3269 apostolis
1734 3198 1865 3252 Ecclesia

117 3290 602 3361 operirelibrum,nccoidcrecum.
621 3293 739 3346 Etrrnus
761 3290 794 3344 ria
813 3292 963 3346 senioribus
1018 3286 1122 3342 Christi
1151 3285 1331 3341 didicerunt!
1355 3288 1427 3357 Ergo
1453 3286 1477 3340 si
1500 3285 1622 3358 Spiritus
1655 3289 1770 3339 sanctus
1806 3301 1865 3339 non

117 3379 486 3447 diaitrnitvizNefleoeris3
508 3393 566 3433 ecce
586 3379 709 3434 vicitleo
739 3378 771 3433 dc
788 3379 863 3432 tribu
880 3378 962 3447 tudo,
1018 3374 1323 3446 procedita2chust0,
1347 3374 1493 3446 quamodo
1519 3373 1643 3446 Spiritus
1673 3373 1778 3429 dicitur
1805 3389 1866 3428 esse

118 3467 199 3520 rudia
213 3464 319 3531 Dauid,
332 3467 440 3534 aperire
452 3466 561 3532 librum,
577 3470 603 3520 et
616 3470 716 3534 septem
738 3466 880 3533 sipunculis
907 3481 964 3535 epus
1019 3462 1143 3519 Christi?
1157 3463 1285 3534 procedit
1299 3462 1388 3534 igitur
1403 3480 1419 3517 n
1438 3463 1560 3531 Christo,
1587 3462 1656 3535 quia
1671 3478 1730 3517 non
1745 3478 1779 3517 ex
1799 3461 1867 3516 sub·

119 3555 214 3623 lupae.
225 3570 256 3621 r,
275 3554 303 3620 4,
319 3553 356 3622 5).
373 3553 490 3624 Apertio
506 3554 582 3618 libri,
600 3554 750 3609 velaminis
770 3558 813 3608 est
833 3554 938 3609 ablatio
957 3570 963 3609 :
1016 3545 1152 3623 jectione,
1165 3567 1216 3606 nec
1227 3568 1261 3606 ex
1273 3551 1440 3622 particulari
1451 3552 1575 3606 sectione
1590 3551 1696 3606 dicitnr
1715 3551 1777 3623 eins
1796 3566 1867 3618 esse,
1947 3596 1955 3615 ,

121 3645 316 3712 quemeutcm
336 3640 413 3696 dicat
434 3641 488 3696 ista
511 3641 665 3708 iacturum,
689 3658 749 3697 non
771 3647 838 3713 eget
857 3642 965 3713 exposi·
1020 3641 1069 3696 sed
1093 3640 1169 3711 quod
1205 3640 1266 3711 ejus
1292 3641 1327 3695 de
1357 3640 1516 3694 substantie
1545 3639 1770 3695 substantialiter
1800 3655 1868 3710 pro-

121 3731 208 3800 tione,
221 3745 289 3786 cum
308 3729 490 3785 manifestum
505 3728 543 3784 sit
556 3729 671 3785 leonem
692 3730 817 3786 detribu
839 3731 921 3795 tuda,
939 3734 967 3785 et
1021 3729 1110 3784 cedat.
1735 3744 1739 3751 ’

122 3820 245 3875 radicem
278 3818 378 3886 David,
402 3818 565 3890 significare
593 3818 749 3888 Christum,
777 3819 827 3892 qui
856 3824 965 3891 septem
1058 3818 1147 3872 Cerne
1169 3832 1282 3888 quoque
1308 3816 1423 3872 beatum
1450 3817 1589 3873 loannem
1605 3816 1635 3870 in
1650 3816 1780 3870 eamdem
1800 3832 1868 3871 con-

124 3923 235 3980 qaoqne
256 3907 405 3979 signacula
428 3908 490 3979 ejus
516 3909 686 3979 perhibetur
714 3909 836 3980 aperire.
860 3908 967 3973 Quibus
1022 3920 1137 3961 currere
1168 3905 1350 3971 sententiam,
1378 3910 1407 3959 et
1435 3904 1575 3975 Spiritum
1604 3911 1734 3959 sanctuni
1763 3903 1869 3959 Christi

124 4002 227 4068 septem
243 3995 399 4068 signaculis
418 3996 542 4068 Spiritus
566 4001 680 4051 sanctus
710 3996 871 4052 insinuatur
899 4013 967 4068 pro·
1022 3993 1161 4066 Spiritum
1177 4008 1238 4048 esse
1250 3995 1489 4064 proclamantem
1507 3992 1547 4047 ait
1561 3992 1637 4047 enim
1654 3992 1684 4047 in
1699 3992 1870 4064 Apocalypsi

126 4092 183 4154 pter
190 4084 411 4156 septemplicem
426 4084 516 4156 ipsius
530 4084 693 4140 donationis
702 4084 832 4157 gratiam.
848 4086 910 4156 lpse
920 4089 969 4155 ¹est
1025 4087 1058 4140 Et
1072 4083 1132 4138 uidi
1142 4086 1171 4137 in
1186 4083 1273 4138 medio
1291 4083 1391 4150 throni,
1407 4088 1432 4137 et
1454 4087 1572 4152 quotuor
1598 4083 1769 4149 arrimoliurn,
1798 4085 1824 4136 et
1842 4084 1871 4134 in

127 4188 248 4246 namque
275 4172 399 4242 Spiritus
426 4160 568 4242 sapientie
590 4177 616 4227 et
637 4174 799 4240 intellectus,
828 4174 936 4228 consilii
945 4176 971 4228 et
1023 4172 1111 4227 medio
1143 4174 1279 4226 seniorum
1308 4186 1409 4239 opaurn
1437 4176 1553 4225 stentem
1584 4176 1714 4238 terrionem
1742 4172 1870 4230 arcuum.

128 4260 309 4329 tortitudinis,
325 4262 444 4316 scientiae
459 4266 490 4316 et
502 4263 627 4331 pietatis,
642 4260 703 4333 ipse
718 4277 834 4332 qnoque
848 4260 970 4331 Spiritus
989 4266 1010 4321 E
1024 4262 1165 4316 habentem
1181 4275 1282 4315 cornua
1294 4266 1404 4330 septem,
1418 4264 1443 4314 et
1459 4260 1546 4314 oculos
1561 4264 1660 4328 septem
1673 4260 1768 4328 (Aper.
1786 4274 1813 4325 v,
1823 4261 1870 4325 tlt.

67 4411 69 4433 Ι
131 4352 230 4405 timoris
246 4351 365 4417 mentri,
380 4349 453 4405 sicut
473 4350 612 4422 propheta
639 4349 768 4421 loquitur
795 4349 880 4405 isaias
906 4351 969 4414 (isa.
1026 4351 1058 4406 Et
1073 4365 1217 4421 exponens
1240 4348 1308 4419 quid
1323 4348 1436 4415 dixerit,
1459 4347 1587 4419 adjecit:
1613 4349 1666 4414 Qui
1683 4352 1748 4403 sunt
1771 4354 1873 4418 septem

131 4451 161 4504 u,
176 4440 215 4505 t).
238 4438 340 4510 Aperit
362 4443 458 4494 autem
489 4443 597 4510 septem
624 4438 772 4511 signacula
796 4437 861 4493 libri
886 4438 973 4509 hujus
1025 4440 1140 4509 spiritus
1157 4439 1203 4492 Dei
1224 4438 1302 4492 missi
1314 4439 1343 4491 in
1357 4452 1459 4491 ornnem
1484 4442 1585 4491 terrum
1612 4435 1726 4506 libid).
1758 4439 1872 4507 Agnnm

133 4527 202 4581 radix
237 4526 340 4594 David,
365 4527 394 4582 id
418 4531 461 4582 est
487 4527 639 4583 Salvator:
670 4527 807 4600 quoniam
839 4526 974 4599 mysteria
1028 4527 1152 4581 occisum
1180 4541 1274 4593 nemo,
1303 4532 1382 4595 puto,
1411 4525 1527 4596 negabit
1555 4525 1712 4579 catholicus
1750 4524 1875 4597 intelligi

134 4629 189 4683 quee
211 4615 399 4671 continentur
425 4617 456 4672 in
481 4632 515 4672 eo
543 4616 715 4687 spiritualia,
749 4620 918 4672 reseruntur
944 4615 975 4670 in
1029 4614 1173 4670 Christum
1198 4613 1303 4667 dehere
1318 4629 1324 4667 :
1340 4615 1374 4667 de
1399 4630 1456 4684 quo
1484 4614 1609 4684 Baptista
1635 4614 1782 4670 loannes:
1809 4617 1876 4671 Ecce

135 4703 246 4772 Christo,
264 4720 330 4761 eum
345 4705 476 4761 aulertur
489 4706 620 4761 velamen
636 4706 713 4778 qnod
733 4705 764 4760 in
780 4705 853 4760 libro
868 4704 976 4759 Veteris
1029 4718 1115 4773 opnus
1133 4703 1194 4769 Dei,
1210 4718 1266 4756 ecce
1282 4704 1331 4772 qut
1347 4703 1416 4757 tellit
1430 4707 1542 4772 peccato
1556 4703 1652 4756 rnrrurti
1669 4705 1757 4769 (toan.
1783 4720 1802 4771 r,
1819 4704 1873 4772 te).

137 4788 301 4848 Testamenti
342 4794 455 4847 constet
496 4792 652 4864 signatum,
698 4796 727 4847 et
767 4791 912 4847 revelatur
947 4790 976 4845 in
1031 4795 1081 4850 llic
1096 4807 1187 4865 agnus
1201 4791 1251 4847 Dei
1267 4792 1432 4846 immolatus
1444 4796 1487 4845 est
1499 4797 1619 4863 propter
1633 4798 1749 4862 peccata
1764 4791 1874 4854 mundi,

139 4875 249 4936 Christo.
1031 4886 1061 4936 el
1090 4881 1244 4937 resurrexit
1268 4886 1387 4952 propter
1423 4880 1657 4952 justificationom
1687 4879 1798 4934 mundi.
1828 4879 1876 4932 llic

164 4966 320 5039 Subiungit
335 4983 402 5023 vero
424 4969 577 5040 Apostolus
598 4986 605 5024 ε
630 4971 758 5024 Dominae
779 4974 869 5024 eutem
891 4970 981 5039 Spiri·
1033 4983 1124 5039 agnus
1143 4969 1248 5023 habere
1263 4969 1368 5023 dicitur
1388 4969 1486 5023 oculos
1502 4973 1624 5039 septem,
1649 4968 1753 5039 quibus
1768 4970 1877 5036 septem

142 5057 290 5122 tueatubi
304 5057 544 5128 outemSpiritum
558 5060 677 5126 Domini,
690 5057 846 5112 ibilibcrtos
861 5058 978 5129 (11cor.
1035 5057 1085 5111 Dei
1112 5057 1241 5128 spiritus,
1277 5057 1386 5111 loanne
1415 5056 1791 5129 docente,signis1centur:
1819 5069 1877 5107 non

143 5155 173 5210 ιιι,
189 5145 241 5215 Π).
258 5145 346 5215 Cujus
367 5146 503 5201 Domini?
522 5146 664 5202 Nimirum
684 5145 761 5221 illius
786 5145 815 5200 in
831 5162 889 5216 quo
910 5147 981 5201 vela·
1035 5145 1101 5216 quia
1117 5152 1228 5216 septem
1252 5144 1310 5200 sint
1332 5159 1521 5215 personarum
1550 5144 1791 5210 enumerationes,
1814 5157 1879 5197 cum

144 5242 198 5287 nen
222 5232 363 5300 aufertur,
383 5235 459 5306 quod
480 5228 514 5289 'in
537 5234 658 5289 lectione
680 5233 789 5289 Veteris
808 5234 981 5290 Testamenti
1035 5234 1072 5288 sit
1090 5249 1164 5288 viniis
1180 5233 1304 5304 Spiritus
1325 5239 1440 5289 sanctus
1458 5234 1488 5288 in
1510 5240 1614 5288 sanctes
1632 5230 1779 5286 Trinitatis
1799 5247 1883 5286 com·

144 5331 197 5375 tum
210 5322 317 5393 legitur
331 5325 451 5395 loyses,
471 5329 569 5379 menet
583 5339 642 5378 non
657 5322 814 5378 revelatum
833 5339 839 5378 ε
859 5322 982 5378 remotio
1036 5322 1246 5394 prehensione:
1266 5327 1376 5392 septem
1406 5328 1502 5377 autem
1526 5322 1671 5386 dicuntur,
1697 5323 1816 5390 propter
1838 5336 1884 5375 se·

146 5420 200 5464 reru
224 5410 387 5479 velaminis,
409 5411 534 5467 remotio
555 5411 699 5466 servitutis
723 5416 775 5480 est,
808 5428 873 5484 quae
896 5411 984 5466 conti·
1036 5411 1198 5482 ptenarium
1210 5410 1354 5466 donorum
1369 5408 1615 5475 distributionem
1630 5423 1697 5462 nem
1715 5408 1885 5466 substantie·

148 5502 222 5554 netnr
233 5498 263 5553 in
280 5499 376 5555 littere
397 5499 478 5571 legis,
494 5504 528 5555 nt
541 5498 593 5555 liat
615 5499 733 5555 libertos
756 5515 822 5571 quae
843 5515 894 5571 per
919 5498 981 5570 Spi-
1038 5498 1103 5554 liter
1119 5504 1254 5554 unusest.
1280 5499 1354 5571 Ergo
1381 5497 1574 5564 manifestum,
1599 5511 1665 5551 curn
1688 5496 1757 5553 dicit
1788 5500 1885 5553 oeulos
