<?xml version="1.0" encoding="UTF-8"?>
<!DOCTYPE html PUBLIC "-//W3C//DTD XHTML 1.0 Transitional//EN"
    "http://www.w3.org/TR/xhtml1/DTD/xhtml1-transitional.dtd">
<html xmlns="http://www.w3.org/1999/xhtml" xml:lang="en" lang="en">
 <head>
  <title>
</title>
<meta http-equiv="Content-Type" content="text/html;charset=utf-8" />
  <meta name='ocr-system' content='tesseract 3.04.00' />
  <meta name='ocr-capabilities' content='ocr_page ocr_carea ocr_par ocr_line ocrx_word'/>
</head>
<body>
  <div class='ocr_page' id='page_1' title='image "./patrologiaecurs04unkngoog/patrologiaecurs04unkngoog_0568.png"; bbox 0 0 3930 6098; ppageno 0'>
   <div class='ocr_carea' id='block_1_1' title="bbox 537 211 1751 313">
    <p class='ocr_par' dir='ltr' id='par_1_1' title="bbox 537 211 1751 313">
     <span class='ocr_line' id='line_1_1' title="bbox 537 211 1751 313; baseline 0.011 -13"><span class='ocrx_word' id='word_1_1' title='bbox 537 247 584 304; x_wconf 84' lang='lat' dir='ltr'><strong>nn</strong></span> <span class='ocrx_word' id='word_1_2' title='bbox 602 247 769 304; x_wconf 81' lang='lat' dir='ltr'><strong>rnnaaoa</strong></span> <span class='ocrx_word' id='word_1_3' title='bbox 789 248 992 306; x_wconf 77' lang='grc' dir='ltr'>ιιιιιιιιι</span> <span class='ocrx_word' id='word_1_4' title='bbox 1014 211 1206 306; x_wconf 79' lang='lat' dir='ltr'><strong>vennam.</strong></span> <span class='ocrx_word' id='word_1_5' title='bbox 1682 259 1751 313; x_wconf 79' lang='lat' dir='ltr'><strong>roos</strong></span> 
     </span>
    </p>
   </div>
   <div class='ocr_carea' id='block_1_2' title="bbox 85 378 1748 463">
    <p class='ocr_par' dir='ltr' id='par_1_2' title="bbox 85 378 1748 463">
     <span class='ocr_line' id='line_1_2' title="bbox 85 378 1748 463; baseline 0.007 -28"><span class='ocrx_word' id='word_1_6' title='bbox 85 379 184 446; x_wconf 75' lang='lat' dir='ltr'><strong>ustitia,</strong></span> <span class='ocrx_word' id='word_1_7' title='bbox 201 396 257 449; x_wconf 87' lang='lat' dir='ltr'><strong>qun</strong></span> <span class='ocrx_word' id='word_1_8' title='bbox 280 379 324 433; x_wconf 87' lang='lat' dir='ltr'><strong>vel</strong></span> <span class='ocrx_word' id='word_1_9' title='bbox 337 378 423 449; x_wconf 89' lang='lat' dir='ltr'><strong>justis</strong></span> <span class='ocrx_word' id='word_1_10' title='bbox 437 380 568 450; x_wconf 74' lang='lat' dir='ltr'><strong>praemia,</strong></span> <span class='ocrx_word' id='word_1_11' title='bbox 584 381 628 435; x_wconf 83' lang='lat' dir='ltr'><strong>rel</strong></span> <span class='ocrx_word' id='word_1_12' title='bbox 650 380 759 451; x_wconf 88' lang='lat' dir='ltr'><strong>iniquis</strong></span> <span class='ocrx_word' id='word_1_13' title='bbox 774 397 844 452; x_wconf 89' lang='lat' dir='ltr'><strong>sup·</strong></span> <span class='ocrx_word' id='word_1_14' title='bbox 864 383 941 437; x_wconf 83' lang='lat' dir='ltr'><strong>Atio</strong></span> <span class='ocrx_word' id='word_1_15' title='bbox 956 384 1032 453; x_wconf 62' lang='grc' dir='ltr'>(ιιι.</span> <span class='ocrx_word' id='word_1_16' title='bbox 1048 399 1068 450; x_wconf 91' lang='grc' dir='ltr'><strong>ι,</strong></span> <span class='ocrx_word' id='word_1_17' title='bbox 1086 382 1139 452; x_wconf 74' lang='lat' dir='ltr'><strong>li),</strong></span> <span class='ocrx_word' id='word_1_18' title='bbox 1155 405 1169 432; x_wconf 84' lang='lat'>»</span> <span class='ocrx_word' id='word_1_19' title='bbox 1185 388 1214 437; x_wconf 90' lang='lat' dir='ltr'><strong>et</strong></span> <span class='ocrx_word' id='word_1_20' title='bbox 1230 383 1280 454; x_wconf 89' lang='lat' dir='ltr'><strong>qui</strong></span> <span class='ocrx_word' id='word_1_21' title='bbox 1294 399 1347 453; x_wconf 90' lang='lat' dir='ltr'><strong>per</strong></span> <span class='ocrx_word' id='word_1_22' title='bbox 1360 386 1533 455; x_wconf 85' lang='lat' dir='ltr'><strong>prophetam</strong></span> <span class='ocrx_word' id='word_1_23' title='bbox 1549 388 1617 443; x_wconf 90' lang='lat' dir='ltr'><strong>dicit</strong></span> <span class='ocrx_word' id='word_1_24' title='bbox 1634 406 1641 444; x_wconf 73' lang='grc' dir='ltr'>ε</span> <span class='ocrx_word' id='word_1_25' title='bbox 1658 411 1673 439; x_wconf 81' lang='lat' dir='ltr'><strong>a</strong></span> <span class='ocrx_word' id='word_1_26' title='bbox 1690 392 1748 463; x_wconf 85' lang='lat' dir='ltr'><strong>Ego</strong></span> 
     </span>
    </p>
   </div>
   <div class='ocr_carea' id='block_1_3' title="bbox 85 468 1751 5578">
    <p class='ocr_par' dir='ltr' id='par_1_3' title="bbox 85 468 1751 5578">
     <span class='ocr_line' id='line_1_3' title="bbox 98 468 1748 549; baseline 0.005 -26"><span class='ocrx_word' id='word_1_27' title='bbox 98 468 306 523; x_wconf 90' lang='lat' dir='ltr'><strong>retribuuntur.</strong></span> <span class='ocrx_word' id='word_1_28' title='bbox 901 471 980 526; x_wconf 89' lang='lat' dir='ltr'><strong>enim</strong></span> <span class='ocrx_word' id='word_1_29' title='bbox 995 471 1134 526; x_wconf 78' lang='lat' dir='ltr'>Dominus</span> <span class='ocrx_word' id='word_1_30' title='bbox 1156 477 1186 526; x_wconf 89' lang='lat' dir='ltr'><strong>et</strong></span> <span class='ocrx_word' id='word_1_31' title='bbox 1209 487 1267 526; x_wconf 92' lang='lat' dir='ltr'><strong>non</strong></span> <span class='ocrx_word' id='word_1_32' title='bbox 1290 477 1386 527; x_wconf 91' lang='lat' dir='ltr'><strong>mutor</strong></span> <span class='ocrx_word' id='word_1_33' title='bbox 1410 475 1486 544; x_wconf 81' lang='lat' dir='ltr'><strong>(Mat.</strong></span> <span class='ocrx_word' id='word_1_34' title='bbox 1512 491 1552 544; x_wconf 87' lang='grc' dir='ltr'>ιιι,</span> <span class='ocrx_word' id='word_1_35' title='bbox 1576 475 1612 545; x_wconf 70' lang='grc'><strong>6),</strong></span> <span class='ocrx_word' id='word_1_36' title='bbox 1638 480 1748 549; x_wconf 76' lang='lat' dir='ltr'><strong>»qaod</strong></span> 
     </span>
     <span class='ocr_line' id='line_1_4' title="bbox 85 555 1749 638; baseline 0.006 -27"><span class='ocrx_word' id='word_1_37' title='bbox 85 572 103 612; x_wconf 92' lang='grc' dir='ltr'><strong>ι</strong></span> <span class='ocrx_word' id='word_1_38' title='bbox 123 556 148 611; x_wconf 89' lang='grc' dir='ltr'><strong>ιι</strong></span> <span class='ocrx_word' id='word_1_39' title='bbox 162 556 223 611; x_wconf 73' lang='lat' dir='ltr'><strong>hac</strong></span> <span class='ocrx_word' id='word_1_40' title='bbox 246 555 461 627; x_wconf 78' lang='lat' dir='ltr'><strong>predestinatio</strong></span> <span class='ocrx_word' id='word_1_41' title='bbox 476 555 565 610; x_wconf 87' lang='lat' dir='ltr'><strong>divini</strong></span> <span class='ocrx_word' id='word_1_42' title='bbox 578 555 683 627; x_wconf 86' lang='lat' dir='ltr'><strong>judicii</strong></span> <span class='ocrx_word' id='word_1_43' title='bbox 695 562 771 612; x_wconf 89' lang='lat' dir='ltr'><strong>esset</strong></span> <span class='ocrx_word' id='word_1_44' title='bbox 786 573 846 613; x_wconf 90' lang='lat' dir='ltr'><strong>me·</strong></span> <span class='ocrx_word' id='word_1_45' title='bbox 902 575 988 613; x_wconf 91' lang='lat' dir='ltr'><strong>suam</strong></span> <span class='ocrx_word' id='word_1_46' title='bbox 1003 563 1046 614; x_wconf 89' lang='lat' dir='ltr'><strong>est</strong></span> <span class='ocrx_word' id='word_1_47' title='bbox 1059 560 1144 630; x_wconf 89' lang='lat' dir='ltr'><strong>plene</strong></span> <span class='ocrx_word' id='word_1_48' title='bbox 1158 565 1186 613; x_wconf 88' lang='lat' dir='ltr'><strong>at</strong></span> <span class='ocrx_word' id='word_1_49' title='bbox 1210 561 1333 630; x_wconf 87' lang='lat' dir='ltr'><strong>perfecte</strong></span> <span class='ocrx_word' id='word_1_50' title='bbox 1356 561 1487 616; x_wconf 85' lang='lat' dir='ltr'><strong>confiteri</strong></span> <span class='ocrx_word' id='word_1_51' title='bbox 1506 562 1656 633; x_wconf 85' lang='lat' dir='ltr'><strong>debemus,</strong></span> <span class='ocrx_word' id='word_1_52' title='bbox 1681 568 1749 638; x_wconf 88' lang='lat' dir='ltr'><strong>quia</strong></span> 
     </span>
     <span class='ocr_line' id='line_1_5' title="bbox 85 643 1748 721; baseline 0.006 -21"><span class='ocrx_word' id='word_1_53' title='bbox 85 644 161 700; x_wconf 79' lang='lat' dir='ltr'><strong>alicui</strong></span> <span class='ocrx_word' id='word_1_54' title='bbox 181 644 317 713; x_wconf 76' lang='lat' dir='ltr'><strong>violenta,</strong></span> <span class='ocrx_word' id='word_1_55' title='bbox 341 644 385 698; x_wconf 89' lang='lat' dir='ltr'><strong>vel</strong></span> <span class='ocrx_word' id='word_1_56' title='bbox 410 643 530 714; x_wconf 87' lang='lat' dir='ltr'><strong>injusta,</strong></span> <span class='ocrx_word' id='word_1_57' title='bbox 557 645 598 699; x_wconf 89' lang='lat' dir='ltr'><strong>vai</strong></span> <span class='ocrx_word' id='word_1_58' title='bbox 624 646 845 716; x_wconf 76' lang='lat' dir='ltr'><strong>praejudiciaria,</strong></span> <span class='ocrx_word' id='word_1_59' title='bbox 901 649 962 717; x_wconf 88' lang='lat' dir='ltr'><strong>ejus</strong></span> <span class='ocrx_word' id='word_1_60' title='bbox 976 646 1150 718; x_wconf 80' lang='lat' dir='ltr'>plenitudini</span> <span class='ocrx_word' id='word_1_61' title='bbox 1165 653 1194 701; x_wconf 90' lang='grc' dir='ltr'><strong>ιι</strong></span> <span class='ocrx_word' id='word_1_62' title='bbox 1208 648 1375 716; x_wconf 84' lang='lat' dir='ltr'><strong>perfectioni</strong></span> <span class='ocrx_word' id='word_1_63' title='bbox 1392 649 1464 703; x_wconf 90' lang='lat' dir='ltr'><strong>nibil</strong></span> <span class='ocrx_word' id='word_1_64' title='bbox 1479 666 1631 721; x_wconf 89' lang='lat' dir='ltr'><strong>possumus</strong></span> <span class='ocrx_word' id='word_1_65' title='bbox 1647 654 1748 710; x_wconf 80' lang='lat' dir='ltr'><strong>addere</strong></span> 
     </span>
     <span class='ocr_line' id='line_1_6' title="bbox 85 733 1748 812; baseline 0.005 -22"><span class='ocrx_word' id='word_1_66' title='bbox 85 733 256 805; x_wconf 86' lang='lat' dir='ltr'><strong>oinjustum</strong></span> <span class='ocrx_word' id='word_1_67' title='bbox 273 734 362 787; x_wconf 85' lang='lat' dir='ltr'><strong>Deam</strong></span> <span class='ocrx_word' id='word_1_68' title='bbox 378 739 527 804; x_wconf 84' lang='lat' dir='ltr'><strong>argueret3</strong></span> <span class='ocrx_word' id='word_1_69' title='bbox 540 733 599 788; x_wconf 91' lang='lat' dir='ltr'><strong>imo</strong></span> <span class='ocrx_word' id='word_1_70' title='bbox 615 735 650 788; x_wconf 92' lang='lat' dir='ltr'><strong>de</strong></span> <span class='ocrx_word' id='word_1_71' title='bbox 664 734 724 802; x_wconf 90' lang='lat' dir='ltr'><strong>illo,</strong></span> <span class='ocrx_word' id='word_1_72' title='bbox 741 753 754 786; x_wconf 83' lang='grc' dir='ltr'><strong>ι</strong></span> <span class='ocrx_word' id='word_1_73' title='bbox 770 735 846 806; x_wconf 88' lang='lat' dir='ltr'><strong>apud</strong></span> <span class='ocrx_word' id='word_1_74' title='bbox 901 736 944 789; x_wconf 88' lang='lat' dir='ltr'><strong>vel</strong></span> <span class='ocrx_word' id='word_1_75' title='bbox 963 735 1089 790; x_wconf 87' lang='lat' dir='ltr'><strong>auferre.</strong></span> <span class='ocrx_word' id='word_1_76' title='bbox 1112 736 1146 789; x_wconf 88' lang='lat' dir='ltr'><strong>Et</strong></span> <span class='ocrx_word' id='word_1_77' title='bbox 1167 734 1232 790; x_wconf 90' lang='lat' dir='ltr'><strong>ideo</strong></span> <span class='ocrx_word' id='word_1_78' title='bbox 1256 735 1370 805; x_wconf 87' lang='lat' dir='ltr'><strong>plenam</strong></span> <span class='ocrx_word' id='word_1_79' title='bbox 1387 742 1415 791; x_wconf 92' lang='grc' dir='ltr'><strong>ιι</strong></span> <span class='ocrx_word' id='word_1_80' title='bbox 1428 738 1582 807; x_wconf 89' lang='lat' dir='ltr'><strong>perlectam</strong></span> <span class='ocrx_word' id='word_1_81' title='bbox 1601 743 1748 812; x_wconf 77' lang='lat' dir='ltr'><strong>praedesti·</strong></span> 
     </span>
     <span class='ocr_line' id='line_1_7' title="bbox 85 820 1750 897; baseline 0.005 -20"><span class='ocrx_word' id='word_1_82' title='bbox 85 838 162 877; x_wconf 81' lang='grc' dir='ltr'>,ιιι</span> <span class='ocrx_word' id='word_1_83' title='bbox 177 826 221 877; x_wconf 85' lang='grc' dir='ltr'><strong>ιιι</strong></span> <span class='ocrx_word' id='word_1_84' title='bbox 241 820 419 892; x_wconf 77' lang='lat' dir='ltr'><strong>iniqnitas.»</strong></span> <span class='ocrx_word' id='word_1_85' title='bbox 440 822 605 876; x_wconf 87' lang='lat' dir='ltr'><strong>nullatenus</strong></span> <span class='ocrx_word' id='word_1_86' title='bbox 628 823 705 878; x_wconf 92' lang='lat' dir='ltr'><strong>credi</strong></span> <span class='ocrx_word' id='word_1_87' title='bbox 719 824 845 879; x_wconf 76' lang='lat' dir='ltr'>deberet.</span> <span class='ocrx_word' id='word_1_88' title='bbox 901 823 1047 878; x_wconf 88' lang='lat' dir='ltr'><strong>nationem</strong></span> <span class='ocrx_word' id='word_1_89' title='bbox 1066 823 1137 894; x_wconf 88' lang='lat' dir='ltr'><strong>justi</strong></span> <span class='ocrx_word' id='word_1_90' title='bbox 1158 823 1260 894; x_wconf 75' lang='lat' dir='ltr'><strong>Jadicii</strong></span> <span class='ocrx_word' id='word_1_91' title='bbox 1285 825 1336 878; x_wconf 86' lang='lat' dir='ltr'><strong>Dei</strong></span> <span class='ocrx_word' id='word_1_92' title='bbox 1356 831 1414 879; x_wconf 89' lang='lat' dir='ltr'><strong>tam</strong></span> <span class='ocrx_word' id='word_1_93' title='bbox 1439 826 1469 880; x_wconf 91' lang='grc' dir='ltr'><strong>ιι</strong></span> <span class='ocrx_word' id='word_1_94' title='bbox 1488 833 1568 897; x_wconf 90' lang='lat' dir='ltr'><strong>parte</strong></span> <span class='ocrx_word' id='word_1_95' title='bbox 1592 829 1750 887; x_wconf 88' lang='lat' dir='ltr'><strong>electorum</strong></span> 
     </span>
     <span class='ocr_line' id='line_1_8' title="bbox 91 909 1750 989; baseline 0.005 -24"><span class='ocrx_word' id='word_1_96' title='bbox 91 915 188 966; x_wconf 86' lang='lat' dir='ltr'><strong>antem</strong></span> <span class='ocrx_word' id='word_1_97' title='bbox 204 909 436 964; x_wconf 89' lang='lat' dir='ltr'><strong>manifestissime</strong></span> <span class='ocrx_word' id='word_1_98' title='bbox 454 929 468 961; x_wconf 85' lang='lat' dir='ltr'><strong>a</strong></span> <span class='ocrx_word' id='word_1_99' title='bbox 483 910 593 964; x_wconf 88' lang='lat' dir='ltr'><strong>nonsit</strong></span> <span class='ocrx_word' id='word_1_100' title='bbox 608 911 744 978; x_wconf 82' lang='lat' dir='ltr'><strong>violenta,</strong></span> <span class='ocrx_word' id='word_1_101' title='bbox 759 932 774 961; x_wconf 75' lang='grc' dir='ltr'><strong>ι</strong></span> <span class='ocrx_word' id='word_1_102' title='bbox 790 927 848 983; x_wconf 88' lang='lat' dir='ltr'><strong>qua</strong></span> <span class='ocrx_word' id='word_1_103' title='bbox 902 927 989 984; x_wconf 89' lang='lat' dir='ltr'><strong>qnam</strong></span> <span class='ocrx_word' id='word_1_104' title='bbox 1010 912 1041 966; x_wconf 92' lang='lat' dir='ltr'><strong>in</strong></span> <span class='ocrx_word' id='word_1_105' title='bbox 1069 916 1150 982; x_wconf 88' lang='lat' dir='ltr'><strong>parte</strong></span> <span class='ocrx_word' id='word_1_106' title='bbox 1166 912 1365 983; x_wconf 88' lang='lat' dir='ltr'><strong>reproborum,</strong></span> <span class='ocrx_word' id='word_1_107' title='bbox 1382 913 1455 968; x_wconf 92' lang='lat' dir='ltr'><strong>sicut</strong></span> <span class='ocrx_word' id='word_1_108' title='bbox 1473 916 1593 971; x_wconf 91' lang='lat' dir='ltr'><strong>omuino</strong></span> <span class='ocrx_word' id='word_1_109' title='bbox 1614 933 1681 973; x_wconf 85' lang='lat' dir='ltr'><strong>vera</strong></span> <span class='ocrx_word' id='word_1_110' title='bbox 1694 925 1750 989; x_wconf 87' lang='lat' dir='ltr'><strong>est,</strong></span> 
     </span>
     <span class='ocr_line' id='line_1_9' title="bbox 85 998 1750 1071; baseline 0.004 -16"><span class='ocrx_word' id='word_1_111' title='bbox 85 1015 113 1056; x_wconf 88' lang='lat' dir='ltr'><strong>m</strong></span> <span class='ocrx_word' id='word_1_112' title='bbox 138 998 286 1071; x_wconf 80' lang='lat' dir='ltr'><strong>compellit</strong></span> <span class='ocrx_word' id='word_1_113' title='bbox 309 1003 342 1054; x_wconf 91' lang='lat' dir='ltr'><strong>ut</strong></span> <span class='ocrx_word' id='word_1_114' title='bbox 365 999 456 1053; x_wconf 89' lang='lat' dir='ltr'><strong>malas</strong></span> <span class='ocrx_word' id='word_1_115' title='bbox 476 998 522 1066; x_wconf 89' lang='lat' dir='ltr'><strong>sit,</strong></span> <span class='ocrx_word' id='word_1_116' title='bbox 550 1004 580 1054; x_wconf 93' lang='lat' dir='ltr'><strong>et</strong></span> <span class='ocrx_word' id='word_1_117' title='bbox 603 999 764 1056; x_wconf 88' lang='lat' dir='ltr'><strong>aliudesse</strong></span> <span class='ocrx_word' id='word_1_118' title='bbox 788 1017 848 1056; x_wconf 94' lang='lat' dir='ltr'><strong>non</strong></span> <span class='ocrx_word' id='word_1_119' title='bbox 901 1000 1039 1055; x_wconf 83' lang='lat' dir='ltr'><strong>veraciter</strong></span> <span class='ocrx_word' id='word_1_120' title='bbox 1050 1000 1252 1069; x_wconf 87' lang='lat' dir='ltr'><strong>conliteamur,</strong></span> <span class='ocrx_word' id='word_1_121' title='bbox 1268 1001 1379 1055; x_wconf 83' lang='lat' dir='ltr'><strong>nemini</strong></span> <span class='ocrx_word' id='word_1_122' title='bbox 1394 1001 1617 1058; x_wconf 87' lang='lat' dir='ltr'><strong>misericordiam</strong></span> <span class='ocrx_word' id='word_1_123' title='bbox 1633 1005 1683 1060; x_wconf 88' lang='lat' dir='ltr'><strong>Dei</strong></span> <span class='ocrx_word' id='word_1_124' title='bbox 1698 1023 1750 1062; x_wconf 94' lang='lat' dir='ltr'><strong>ne-</strong></span> 
     </span>
     <span class='ocr_line' id='line_1_10' title="bbox 85 1087 1751 1163; baseline 0.004 -20"><span class='ocrx_word' id='word_1_125' title='bbox 85 1104 100 1158; x_wconf 72' lang='grc' dir='ltr'><strong>ι,</strong></span> <span class='ocrx_word' id='word_1_126' title='bbox 118 1104 178 1144; x_wconf 91' lang='lat' dir='ltr'><strong>non</strong></span> <span class='ocrx_word' id='word_1_127' title='bbox 200 1088 237 1143; x_wconf 92' lang='lat' dir='ltr'><strong>sit</strong></span> <span class='ocrx_word' id='word_1_128' title='bbox 260 1087 378 1159; x_wconf 88' lang='lat' dir='ltr'><strong>injusta,</strong></span> <span class='ocrx_word' id='word_1_129' title='bbox 399 1103 464 1159; x_wconf 75' lang='lat' dir='ltr'><strong>quas</strong></span> <span class='ocrx_word' id='word_1_130' title='bbox 487 1087 552 1142; x_wconf 90' lang='lat' dir='ltr'><strong>illos</strong></span> <span class='ocrx_word' id='word_1_131' title='bbox 574 1089 774 1144; x_wconf 90' lang='lat' dir='ltr'><strong>tantummodo</strong></span> <span class='ocrx_word' id='word_1_132' title='bbox 798 1090 848 1162; x_wconf 90' lang='lat' dir='ltr'><strong>qui</strong></span> <span class='ocrx_word' id='word_1_133' title='bbox 902 1094 1011 1159; x_wconf 82' lang='lat' dir='ltr'><strong>gentes,</strong></span> <span class='ocrx_word' id='word_1_134' title='bbox 1027 1087 1138 1143; x_wconf 90' lang='lat' dir='ltr'><strong>nemini</strong></span> <span class='ocrx_word' id='word_1_135' title='bbox 1152 1088 1347 1143; x_wconf 77' lang='lat' dir='ltr'><strong>conversionis</strong></span> <span class='ocrx_word' id='word_1_136' title='bbox 1361 1090 1483 1160; x_wconf 77' lang='lat' dir='ltr'><strong>gratiam</strong></span> <span class='ocrx_word' id='word_1_137' title='bbox 1504 1092 1688 1163; x_wconf 80' lang='lat' dir='ltr'><strong>derogantes,</strong></span> <span class='ocrx_word' id='word_1_138' title='bbox 1702 1111 1751 1150; x_wconf 91' lang='lat' dir='ltr'><strong>ne-</strong></span> 
     </span>
     <span class='ocr_line' id='line_1_11' title="bbox 85 1174 1749 1248; baseline 0.004 -17"><span class='ocrx_word' id='word_1_139' title='bbox 85 1174 135 1232; x_wconf 91' lang='lat' dir='ltr'><strong>itio</strong></span> <span class='ocrx_word' id='word_1_140' title='bbox 154 1176 185 1230; x_wconf 92' lang='lat' dir='ltr'><strong>in</strong></span> <span class='ocrx_word' id='word_1_141' title='bbox 199 1174 284 1230; x_wconf 89' lang='lat' dir='ltr'><strong>malis</strong></span> <span class='ocrx_word' id='word_1_142' title='bbox 304 1174 558 1245; x_wconf 80' lang='lat' dir='ltr'><strong>perseveraverint,</strong></span> <span class='ocrx_word' id='word_1_143' title='bbox 581 1175 681 1247; x_wconf 89' lang='lat' dir='ltr'><strong>punit;</strong></span> <span class='ocrx_word' id='word_1_144' title='bbox 699 1194 713 1228; x_wconf 81' lang='lat' dir='ltr'><strong>a</strong></span> <span class='ocrx_word' id='word_1_145' title='bbox 734 1177 796 1232; x_wconf 88' lang='lat' dir='ltr'><strong>Non</strong></span> <span class='ocrx_word' id='word_1_146' title='bbox 811 1176 849 1231; x_wconf 92' lang='lat' dir='ltr'><strong>sit</strong></span> <span class='ocrx_word' id='word_1_147' title='bbox 902 1177 974 1231; x_wconf 91' lang='lat' dir='ltr'><strong>mini</strong></span> <span class='ocrx_word' id='word_1_148' title='bbox 986 1175 1097 1231; x_wconf 89' lang='lat' dir='ltr'><strong>aditum</strong></span> <span class='ocrx_word' id='word_1_149' title='bbox 1110 1176 1300 1248; x_wconf 70' lang='lat' dir='ltr'><strong>indulgentie</strong></span> <span class='ocrx_word' id='word_1_150' title='bbox 1315 1179 1489 1245; x_wconf 77' lang='lat' dir='ltr'><strong>claudentes,</strong></span> <span class='ocrx_word' id='word_1_151' title='bbox 1506 1180 1554 1235; x_wconf 89' lang='lat' dir='ltr'><strong>sed</strong></span> <span class='ocrx_word' id='word_1_152' title='bbox 1570 1183 1704 1239; x_wconf 88' lang='lat' dir='ltr'><strong>omnibus</strong></span> <span class='ocrx_word' id='word_1_153' title='bbox 1719 1184 1749 1238; x_wconf 93' lang='lat' dir='ltr'><strong>in</strong></span> 
     </span>
     <span class='ocr_line' id='line_1_12' title="bbox 85 1262 1749 1337; baseline 0.006 -19"><span class='ocrx_word' id='word_1_154' title='bbox 85 1262 222 1331; x_wconf 79' lang='lat' dir='ltr'><strong>adiciente,</strong></span> <span class='ocrx_word' id='word_1_155' title='bbox 238 1277 327 1333; x_wconf 81' lang='lat' dir='ltr'><strong>»quas</strong></span> <span class='ocrx_word' id='word_1_156' title='bbox 338 1278 396 1317; x_wconf 92' lang='lat' dir='ltr'><strong>non</strong></span> <span class='ocrx_word' id='word_1_157' title='bbox 408 1262 713 1335; x_wconf 78' lang='lat' dir='ltr'><strong>praejudicataliquem</strong></span> <span class='ocrx_word' id='word_1_158' title='bbox 725 1263 848 1335; x_wconf 87' lang='lat' dir='ltr'><strong>utqassi</strong></span> <span class='ocrx_word' id='word_1_159' title='bbox 901 1265 1055 1337; x_wconf 83' lang='lat' dir='ltr'><strong>iniquitate</strong></span> <span class='ocrx_word' id='word_1_160' title='bbox 1070 1280 1242 1336; x_wconf 85' lang='lat' dir='ltr'><strong>permanere</strong></span> <span class='ocrx_word' id='word_1_161' title='bbox 1260 1266 1423 1321; x_wconf 85' lang='lat' dir='ltr'><strong>volentibus</strong></span> <span class='ocrx_word' id='word_1_162' title='bbox 1442 1267 1543 1323; x_wconf 91' lang='lat' dir='ltr'><strong>utilem</strong></span> <span class='ocrx_word' id='word_1_163' title='bbox 1558 1273 1588 1324; x_wconf 91' lang='lat' dir='ltr'><strong>et</strong></span> <span class='ocrx_word' id='word_1_164' title='bbox 1605 1272 1749 1328; x_wconf 89' lang='lat' dir='ltr'><strong>salubrem</strong></span> 
     </span>
     <span class='ocr_line' id='line_1_13' title="bbox 85 1351 1239 1424; baseline 0 -17"><span class='ocrx_word' id='word_1_165' title='bbox 85 1351 219 1407; x_wconf 78' lang='lat' dir='ltr'><strong>autentis</strong></span> <span class='ocrx_word' id='word_1_166' title='bbox 230 1356 260 1406; x_wconf 90' lang='lat' dir='ltr'><strong>et</strong></span> <span class='ocrx_word' id='word_1_167' title='bbox 274 1367 332 1406; x_wconf 92' lang='lat' dir='ltr'><strong>non</strong></span> <span class='ocrx_word' id='word_1_168' title='bbox 355 1367 407 1406; x_wconf 92' lang='lat' dir='ltr'><strong>sno</strong></span> <span class='ocrx_word' id='word_1_169' title='bbox 429 1351 532 1408; x_wconf 90' lang='lat' dir='ltr'><strong>merito</strong></span> <span class='ocrx_word' id='word_1_170' title='bbox 554 1357 667 1423; x_wconf 87' lang='lat' dir='ltr'><strong>pereat:</strong></span> <span class='ocrx_word' id='word_1_171' title='bbox 685 1352 755 1424; x_wconf 83' lang='lat' dir='ltr'><strong>qnid</strong></span> <span class='ocrx_word' id='word_1_172' title='bbox 768 1352 799 1408; x_wconf 92' lang='lat' dir='ltr'><strong>in</strong></span> <span class='ocrx_word' id='word_1_173' title='bbox 814 1368 849 1408; x_wconf 89' lang='lat' dir='ltr'><strong>ea</strong></span> <span class='ocrx_word' id='word_1_174' title='bbox 902 1359 1042 1410; x_wconf 91' lang='lat' dir='ltr'><strong>terrorem</strong></span> <span class='ocrx_word' id='word_1_175' title='bbox 1057 1353 1239 1409; x_wconf 85' lang='lat' dir='ltr'><strong>incutientes.</strong></span> 
     </span>
     <span class='ocr_line' id='line_1_14' title="bbox 85 1440 1750 1513; baseline 0.004 -17"><span class='ocrx_word' id='word_1_176' title='bbox 85 1440 230 1508; x_wconf 79' lang='lat' dir='ltr'><strong>banditen,</strong></span> <span class='ocrx_word' id='word_1_177' title='bbox 256 1440 301 1494; x_wconf 89' lang='lat' dir='ltr'><strong>vel</strong></span> <span class='ocrx_word' id='word_1_178' title='bbox 324 1440 406 1512; x_wconf 90' lang='lat' dir='ltr'><strong>quasi</strong></span> <span class='ocrx_word' id='word_1_179' title='bbox 430 1440 632 1513; x_wconf 85' lang='lat' dir='ltr'><strong>blasphemum</strong></span> <span class='ocrx_word' id='word_1_180' title='bbox 661 1446 788 1511; x_wconf 87' lang='lat' dir='ltr'><strong>putatur,</strong></span> <span class='ocrx_word' id='word_1_181' title='bbox 818 1441 848 1496; x_wconf 90' lang='lat' dir='ltr'><strong>iu</strong></span> <span class='ocrx_word' id='word_1_182' title='bbox 938 1443 1017 1498; x_wconf 87' lang='lat' dir='ltr'><strong>lianc</strong></span> <span class='ocrx_word' id='word_1_183' title='bbox 1031 1441 1109 1498; x_wconf 91' lang='lat' dir='ltr'><strong>enim</strong></span> <span class='ocrx_word' id='word_1_184' title='bbox 1131 1442 1280 1513; x_wconf 89' lang='lat' dir='ltr'><strong>utriusque</strong></span> <span class='ocrx_word' id='word_1_185' title='bbox 1295 1443 1384 1513; x_wconf 91' lang='lat' dir='ltr'><strong>partis</strong></span> <span class='ocrx_word' id='word_1_186' title='bbox 1399 1444 1588 1500; x_wconf 88' lang='lat' dir='ltr'><strong>certissimam</strong></span> <span class='ocrx_word' id='word_1_187' title='bbox 1601 1452 1631 1501; x_wconf 94' lang='grc' dir='ltr'><strong>ιι</strong></span> <span class='ocrx_word' id='word_1_188' title='bbox 1642 1447 1750 1503; x_wconf 91' lang='lat' dir='ltr'><strong>immo·</strong></span> 
     </span>
     <span class='ocr_line' id='line_1_15' title="bbox 85 1528 1751 1605; baseline 0.002 -19"><span class='ocrx_word' id='word_1_189' title='bbox 85 1530 131 1586; x_wconf 88' lang='lat' dir='ltr'><strong>ola</strong></span> <span class='ocrx_word' id='word_1_190' title='bbox 151 1529 281 1602; x_wconf 79' lang='lat' dir='ltr'><strong>equitas,</strong></span> <span class='ocrx_word' id='word_1_191' title='bbox 296 1530 357 1584; x_wconf 90' lang='lat' dir='ltr'><strong>sola</strong></span> <span class='ocrx_word' id='word_1_192' title='bbox 377 1528 490 1600; x_wconf 81' lang='lat' dir='ltr'><strong>justitia</strong></span> <span class='ocrx_word' id='word_1_193' title='bbox 502 1528 670 1585; x_wconf 81' lang='lat' dir='ltr'><strong>invenitur?</strong></span> <span class='ocrx_word' id='word_1_194' title='bbox 686 1530 743 1584; x_wconf 91' lang='lat' dir='ltr'><strong>lloc</strong></span> <span class='ocrx_word' id='word_1_195' title='bbox 765 1544 848 1583; x_wconf 87' lang='lat' dir='ltr'><strong>nam·</strong></span> <span class='ocrx_word' id='word_1_196' title='bbox 903 1531 990 1586; x_wconf 90' lang='lat' dir='ltr'><strong>bilem</strong></span> <span class='ocrx_word' id='word_1_197' title='bbox 1004 1529 1287 1601; x_wconf 70' lang='lat' dir='ltr'><strong>praedestinationem</strong></span> <span class='ocrx_word' id='word_1_198' title='bbox 1314 1531 1363 1586; x_wconf 81' lang='lat' dir='ltr'><strong>liei</strong></span> <span class='ocrx_word' id='word_1_199' title='bbox 1387 1530 1513 1586; x_wconf 87' lang='lat' dir='ltr'><strong>declarat</strong></span> <span class='ocrx_word' id='word_1_200' title='bbox 1534 1533 1616 1587; x_wconf 90' lang='lat' dir='ltr'><strong>nobis</strong></span> <span class='ocrx_word' id='word_1_201' title='bbox 1629 1537 1751 1605; x_wconf 86' lang='lat' dir='ltr'><strong>Aposto-</strong></span> 
     </span>
     <span class='ocr_line' id='line_1_16' title="bbox 85 1616 1750 1691; baseline 0.005 -17"><span class='ocrx_word' id='word_1_202' title='bbox 85 1634 137 1691; x_wconf 89' lang='lat' dir='ltr'><strong>rga</strong></span> <span class='ocrx_word' id='word_1_203' title='bbox 155 1618 288 1675; x_wconf 89' lang='lat' dir='ltr'><strong>homines</strong></span> <span class='ocrx_word' id='word_1_204' title='bbox 310 1616 409 1673; x_wconf 81' lang='lat' dir='ltr'><strong>divina</strong></span> <span class='ocrx_word' id='word_1_205' title='bbox 423 1617 648 1689; x_wconf 79' lang='lat' dir='ltr'><strong>predestinatio,</strong></span> <span class='ocrx_word' id='word_1_206' title='bbox 665 1617 784 1689; x_wconf 89' lang='lat' dir='ltr'><strong>quodet</strong></span> <span class='ocrx_word' id='word_1_207' title='bbox 803 1617 847 1674; x_wconf 92' lang='lat' dir='ltr'><strong>di·</strong></span> <span class='ocrx_word' id='word_1_208' title='bbox 901 1620 947 1675; x_wconf 94' lang='lat' dir='ltr'><strong>lus</strong></span> <span class='ocrx_word' id='word_1_209' title='bbox 974 1619 1072 1674; x_wconf 88' lang='lat' dir='ltr'><strong>dicens</strong></span> <span class='ocrx_word' id='word_1_210' title='bbox 1102 1635 1109 1673; x_wconf 92' lang='lat'>:</span> <span class='ocrx_word' id='word_1_211' title='bbox 1136 1640 1150 1668; x_wconf 91' lang='lat'>«</span> <span class='ocrx_word' id='word_1_212' title='bbox 1177 1617 1302 1674; x_wconf 80' lang='lat' dir='ltr'><strong>abraha</strong></span> <span class='ocrx_word' id='word_1_213' title='bbox 1329 1635 1455 1689; x_wconf 87' lang='lat' dir='ltr'><strong>namque</strong></span> <span class='ocrx_word' id='word_1_214' title='bbox 1474 1621 1645 1691; x_wconf 90' lang='lat' dir='ltr'><strong>promittens</strong></span> <span class='ocrx_word' id='word_1_215' title='bbox 1674 1626 1750 1682; x_wconf 86' lang='lat' dir='ltr'><strong>Dens</strong></span> 
     </span>
     <span class='ocr_line' id='line_1_17' title="bbox 92 1680 1747 1782; baseline 0.004 -20"><span class='ocrx_word' id='word_1_216' title='bbox 92 1706 275 1780; x_wconf 77' lang='lat' dir='ltr'><strong>prescientia</strong></span> <span class='ocrx_word' id='word_1_217' title='bbox 297 1706 366 1778; x_wconf 89' lang='lat' dir='ltr'><strong>agit.</strong></span> <span class='ocrx_word' id='word_1_218' title='bbox 393 1705 539 1761; x_wconf 77' lang='lat' dir='ltr'><strong>Praescivit</strong></span> <span class='ocrx_word' id='word_1_219' title='bbox 559 1705 637 1761; x_wconf 90' lang='lat' dir='ltr'><strong>enim</strong></span> <span class='ocrx_word' id='word_1_220' title='bbox 661 1707 737 1760; x_wconf 86' lang='lat' dir='ltr'><strong>osus</strong></span> <span class='ocrx_word' id='word_1_221' title='bbox 756 1706 847 1761; x_wconf 89' lang='lat' dir='ltr'><strong>malos</strong></span> <span class='ocrx_word' id='word_1_222' title='bbox 867 1680 887 1734; x_wconf 75' lang='grc' dir='ltr'><strong>Β</strong></span> <span class='ocrx_word' id='word_1_223' title='bbox 903 1707 1040 1780; x_wconf 88' lang='lat' dir='ltr'><strong>quoniam</strong></span> <span class='ocrx_word' id='word_1_224' title='bbox 1056 1708 1204 1764; x_wconf 90' lang='lat' dir='ltr'><strong>neminem</strong></span> <span class='ocrx_word' id='word_1_225' title='bbox 1217 1707 1318 1762; x_wconf 89' lang='lat' dir='ltr'><strong>habuit</strong></span> <span class='ocrx_word' id='word_1_226' title='bbox 1325 1709 1585 1779; x_wconf 86' lang='lat' dir='ltr'><strong>perquamjuraret</strong></span> <span class='ocrx_word' id='word_1_227' title='bbox 1595 1711 1747 1782; x_wconf 88' lang='lat' dir='ltr'><strong>majorem,</strong></span> 
     </span>
     <span class='ocr_line' id='line_1_18' title="bbox 85 1793 1749 1868; baseline 0.002 -16"><span class='ocrx_word' id='word_1_228' title='bbox 85 1811 121 1862; x_wconf 83' lang='grc' dir='ltr'><strong>ιι,</strong></span> <span class='ocrx_word' id='word_1_229' title='bbox 138 1795 186 1851; x_wconf 87' lang='lat' dir='ltr'><strong>sed</strong></span> <span class='ocrx_word' id='word_1_230' title='bbox 210 1795 273 1866; x_wconf 89' lang='lat' dir='ltr'><strong>ipsa</strong></span> <span class='ocrx_word' id='word_1_231' title='bbox 299 1810 350 1849; x_wconf 91' lang='lat' dir='ltr'><strong>sna</strong></span> <span class='ocrx_word' id='word_1_232' title='bbox 364 1793 546 1865; x_wconf 75' lang='lat' dir='ltr'><strong>prescientia</strong></span> <span class='ocrx_word' id='word_1_233' title='bbox 565 1809 623 1849; x_wconf 92' lang='lat' dir='ltr'><strong>non</strong></span> <span class='ocrx_word' id='word_1_234' title='bbox 645 1809 693 1849; x_wconf 87' lang='lat' dir='ltr'><strong>eos</strong></span> <span class='ocrx_word' id='word_1_235' title='bbox 709 1793 849 1865; x_wconf 88' lang='lat' dir='ltr'><strong>compulit</strong></span> <span class='ocrx_word' id='word_1_236' title='bbox 900 1796 1008 1867; x_wconf 83' lang='lat' dir='ltr'><strong>jurarit</strong></span> <span class='ocrx_word' id='word_1_237' title='bbox 1021 1808 1073 1868; x_wconf 89' lang='lat' dir='ltr'><strong>per</strong></span> <span class='ocrx_word' id='word_1_238' title='bbox 1087 1796 1273 1868; x_wconf 88' lang='lat' dir='ltr'><strong>semetipsum</strong></span> <span class='ocrx_word' id='word_1_239' title='bbox 1298 1797 1404 1852; x_wconf 88' lang='lat' dir='ltr'><strong>dicens.</strong></span> <span class='ocrx_word' id='word_1_240' title='bbox 1429 1797 1489 1851; x_wconf 88' lang='lat' dir='ltr'><strong>Nisi</strong></span> <span class='ocrx_word' id='word_1_241' title='bbox 1511 1797 1684 1855; x_wconf 84' lang='lat' dir='ltr'><strong>benedicens</strong></span> <span class='ocrx_word' id='word_1_242' title='bbox 1699 1802 1749 1856; x_wconf 91' lang='lat' dir='ltr'><strong>be-</strong></span> 
     </span>
     <span class='ocr_line' id='line_1_19' title="bbox 85 1882 1747 1956; baseline 0.004 -18"><span class='ocrx_word' id='word_1_243' title='bbox 85 1884 185 1947; x_wconf 86' lang='lat' dir='ltr'><strong>males.</strong></span> <span class='ocrx_word' id='word_1_244' title='bbox 209 1883 424 1939; x_wconf 82' lang='lat' dir='ltr'><strong>Prasdestinavit</strong></span> <span class='ocrx_word' id='word_1_245' title='bbox 442 1883 521 1954; x_wconf 87' lang='lat' dir='ltr'><strong>justo</strong></span> <span class='ocrx_word' id='word_1_246' title='bbox 536 1899 587 1936; x_wconf 90' lang='lat' dir='ltr'><strong>suo</strong></span> <span class='ocrx_word' id='word_1_247' title='bbox 608 1882 719 1953; x_wconf 85' lang='lat' dir='ltr'><strong>judicio</strong></span> <span class='ocrx_word' id='word_1_248' title='bbox 732 1899 781 1937; x_wconf 89' lang='lat' dir='ltr'><strong>eos</strong></span> <span class='ocrx_word' id='word_1_249' title='bbox 798 1883 848 1955; x_wconf 89' lang='lat' dir='ltr'><strong>qui</strong></span> <span class='ocrx_word' id='word_1_250' title='bbox 903 1885 1034 1940; x_wconf 87' lang='lat' dir='ltr'><strong>nedicam</strong></span> <span class='ocrx_word' id='word_1_251' title='bbox 1050 1883 1123 1952; x_wconf 91' lang='lat' dir='ltr'><strong>tibi,</strong></span> <span class='ocrx_word' id='word_1_252' title='bbox 1140 1889 1169 1940; x_wconf 88' lang='lat' dir='ltr'><strong>et</strong></span> <span class='ocrx_word' id='word_1_253' title='bbox 1183 1884 1380 1956; x_wconf 90' lang='lat' dir='ltr'><strong>multiplicans</strong></span> <span class='ocrx_word' id='word_1_254' title='bbox 1402 1885 1600 1956; x_wconf 88' lang='lat' dir='ltr'><strong>multiplicabo</strong></span> <span class='ocrx_word' id='word_1_255' title='bbox 1616 1892 1643 1942; x_wconf 89' lang='lat' dir='ltr'><strong>te</strong></span> <span class='ocrx_word' id='word_1_256' title='bbox 1665 1888 1747 1948; x_wconf 79' lang='lat' dir='ltr'><strong>(Hei.</strong></span> 
     </span>
     <span class='ocr_line' id='line_1_20' title="bbox 85 1971 1749 2045; baseline 0.003 -18"><span class='ocrx_word' id='word_1_257' title='bbox 85 1972 128 2028; x_wconf 85' lang='lat' dir='ltr'><strong>rlis</strong></span> <span class='ocrx_word' id='word_1_258' title='bbox 151 1971 396 2044; x_wconf 82' lang='lat' dir='ltr'><strong>perseveraverint</strong></span> <span class='ocrx_word' id='word_1_259' title='bbox 417 1971 594 2042; x_wconf 89' lang='lat' dir='ltr'><strong>puniend0s;</strong></span> <span class='ocrx_word' id='word_1_260' title='bbox 617 1986 671 2026; x_wconf 92' lang='lat' dir='ltr'><strong>nec</strong></span> <span class='ocrx_word' id='word_1_261' title='bbox 685 1975 783 2026; x_wconf 89' lang='lat' dir='ltr'><strong>tamen</strong></span> <span class='ocrx_word' id='word_1_262' title='bbox 799 1988 849 2026; x_wconf 88' lang='lat' dir='ltr'><strong>ea·</strong></span> <span class='ocrx_word' id='word_1_263' title='bbox 901 1989 939 2041; x_wconf 87' lang='lat' dir='ltr'><strong>vr,</strong></span> <span class='ocrx_word' id='word_1_264' title='bbox 958 1974 1002 2043; x_wconf 76' lang='lat' dir='ltr'><strong>ta,</strong></span> <span class='ocrx_word' id='word_1_265' title='bbox 1022 1973 1110 2044; x_wconf 80' lang='lat' dir='ltr'><strong>li);a</strong></span> <span class='ocrx_word' id='word_1_266' title='bbox 1130 1972 1179 2027; x_wconf 92' lang='lat' dir='ltr'><strong>nbi</strong></span> <span class='ocrx_word' id='word_1_267' title='bbox 1194 1978 1222 2027; x_wconf 92' lang='lat' dir='ltr'><strong>et</strong></span> <span class='ocrx_word' id='word_1_268' title='bbox 1236 1978 1301 2044; x_wconf 89' lang='lat' dir='ltr'><strong>post</strong></span> <span class='ocrx_word' id='word_1_269' title='bbox 1313 1973 1462 2044; x_wconf 89' lang='lat' dir='ltr'><strong>paululum</strong></span> <span class='ocrx_word' id='word_1_270' title='bbox 1474 1975 1624 2045; x_wconf 90' lang='lat' dir='ltr'><strong>subjungit</strong></span> <span class='ocrx_word' id='word_1_271' title='bbox 1639 1992 1674 2030; x_wconf 78' lang='lat' dir='ltr'><strong>:a</strong></span> <span class='ocrx_word' id='word_1_272' title='bbox 1691 1979 1749 2032; x_wconf 88' lang='lat' dir='ltr'><strong>llo-</strong></span> 
     </span>
     <span class='ocr_line' id='line_1_21' title="bbox 85 2060 1748 2133; baseline 0.003 -17"><span class='ocrx_word' id='word_1_273' title='bbox 85 2060 332 2133; x_wconf 80' lang='lat' dir='ltr'><strong>praedestinatione</strong></span> <span class='ocrx_word' id='word_1_274' title='bbox 350 2076 411 2127; x_wconf 88' lang='lat' dir='ltr'><strong>sua,</strong></span> <span class='ocrx_word' id='word_1_275' title='bbox 431 2065 463 2115; x_wconf 93' lang='lat' dir='ltr'><strong>ut</strong></span> <span class='ocrx_word' id='word_1_276' title='bbox 477 2060 547 2114; x_wconf 85' lang='lat' dir='ltr'><strong>mali</strong></span> <span class='ocrx_word' id='word_1_277' title='bbox 563 2064 666 2126; x_wconf 81' lang='lat' dir='ltr'><strong>essent,</strong></span> <span class='ocrx_word' id='word_1_278' title='bbox 683 2060 726 2114; x_wconf 85' lang='lat' dir='ltr'><strong>vel</strong></span> <span class='ocrx_word' id='word_1_279' title='bbox 740 2060 770 2114; x_wconf 91' lang='lat' dir='ltr'><strong>in</strong></span> <span class='ocrx_word' id='word_1_280' title='bbox 786 2076 847 2115; x_wconf 87' lang='lat' dir='ltr'><strong>ma·</strong></span> <span class='ocrx_word' id='word_1_281' title='bbox 902 2061 994 2115; x_wconf 91' lang='lat' dir='ltr'><strong>mines</strong></span> <span class='ocrx_word' id='word_1_282' title='bbox 1009 2077 1062 2133; x_wconf 91' lang='lat' dir='ltr'><strong>per</strong></span> <span class='ocrx_word' id='word_1_283' title='bbox 1077 2061 1217 2132; x_wconf 87' lang='lat' dir='ltr'><strong>majorem</strong></span> <span class='ocrx_word' id='word_1_284' title='bbox 1241 2077 1270 2115; x_wconf 88' lang='lat' dir='ltr'><strong>se</strong></span> <span class='ocrx_word' id='word_1_285' title='bbox 1288 2062 1397 2131; x_wconf 89' lang='lat' dir='ltr'><strong>jurant,</strong></span> <span class='ocrx_word' id='word_1_286' title='bbox 1414 2067 1443 2117; x_wconf 91' lang='lat' dir='ltr'><strong>et</strong></span> <span class='ocrx_word' id='word_1_287' title='bbox 1466 2063 1561 2117; x_wconf 91' lang='lat' dir='ltr'><strong>omnis</strong></span> <span class='ocrx_word' id='word_1_288' title='bbox 1584 2070 1748 2122; x_wconf 86' lang='lat' dir='ltr'><strong>controver-</strong></span> 
     </span>
     <span class='ocr_line' id='line_1_22' title="bbox 85 2149 1747 2223; baseline 0.003 -17"><span class='ocrx_word' id='word_1_289' title='bbox 85 2154 287 2216; x_wconf 86' lang='lat' dir='ltr'><strong>ersevararent,</strong></span> <span class='ocrx_word' id='word_1_290' title='bbox 316 2149 420 2220; x_wconf 84' lang='lat' dir='ltr'><strong>coegit.</strong></span> <span class='ocrx_word' id='word_1_291' title='bbox 448 2150 480 2203; x_wconf 89' lang='lat' dir='ltr'><strong>Et</strong></span> <span class='ocrx_word' id='word_1_292' title='bbox 506 2149 567 2203; x_wconf 81' lang='lat' dir='ltr'><strong>baec</strong></span> <span class='ocrx_word' id='word_1_293' title='bbox 595 2151 638 2203; x_wconf 88' lang='lat' dir='ltr'><strong>est</strong></span> <span class='ocrx_word' id='word_1_294' title='bbox 662 2149 737 2220; x_wconf 90' lang='lat' dir='ltr'><strong>apud</strong></span> <span class='ocrx_word' id='word_1_295' title='bbox 763 2149 847 2204; x_wconf 91' lang='lat' dir='ltr'><strong>illum</strong></span> <span class='ocrx_word' id='word_1_296' title='bbox 901 2151 951 2203; x_wconf 78' lang='lat' dir='ltr'><strong>sisa</strong></span> <span class='ocrx_word' id='word_1_297' title='bbox 971 2164 1071 2204; x_wconf 89' lang='lat' dir='ltr'><strong>aarum</strong></span> <span class='ocrx_word' id='word_1_298' title='bbox 1086 2149 1152 2204; x_wconf 89' lang='lat' dir='ltr'><strong>finis</strong></span> <span class='ocrx_word' id='word_1_299' title='bbox 1168 2150 1204 2205; x_wconf 90' lang='lat' dir='ltr'><strong>ad</strong></span> <span class='ocrx_word' id='word_1_300' title='bbox 1217 2151 1467 2206; x_wconf 89' lang='lat' dir='ltr'><strong>confirmationem</strong></span> <span class='ocrx_word' id='word_1_301' title='bbox 1484 2153 1747 2223; x_wconf 79' lang='lat' dir='ltr'><strong>estJ&#39;uramentum.</strong></span> 
     </span>
     <span class='ocr_line' id='line_1_23' title="bbox 85 2236 1748 2314; baseline 0.003 -20"><span class='ocrx_word' id='word_1_302' title='bbox 85 2255 131 2306; x_wconf 79' lang='lat' dir='ltr'><strong>as,</strong></span> <span class='ocrx_word' id='word_1_303' title='bbox 154 2242 187 2293; x_wconf 91' lang='lat' dir='ltr'><strong>ut</strong></span> <span class='ocrx_word' id='word_1_304' title='bbox 208 2236 259 2309; x_wconf 91' lang='lat' dir='ltr'><strong>qui</strong></span> <span class='ocrx_word' id='word_1_305' title='bbox 273 2237 400 2293; x_wconf 82' lang='lat' dir='ltr'><strong>volentes</strong></span> <span class='ocrx_word' id='word_1_306' title='bbox 420 2236 609 2306; x_wconf 89' lang='lat' dir='ltr'><strong>perstiterunt</strong></span> <span class='ocrx_word' id='word_1_307' title='bbox 630 2236 660 2290; x_wconf 91' lang='lat' dir='ltr'><strong>in</strong></span> <span class='ocrx_word' id='word_1_308' title='bbox 685 2236 777 2305; x_wconf 88' lang='lat' dir='ltr'><strong>malis,</strong></span> <span class='ocrx_word' id='word_1_309' title='bbox 794 2252 848 2292; x_wconf 92' lang='lat' dir='ltr'><strong>no·</strong></span> <span class='ocrx_word' id='word_1_310' title='bbox 901 2240 933 2293; x_wconf 94' lang='lat' dir='ltr'><strong>ln</strong></span> <span class='ocrx_word' id='word_1_311' title='bbox 946 2254 1003 2310; x_wconf 90' lang='lat' dir='ltr'><strong>quo</strong></span> <span class='ocrx_word' id='word_1_312' title='bbox 1016 2238 1210 2294; x_wconf 88' lang='lat' dir='ltr'><strong>abundantius</strong></span> <span class='ocrx_word' id='word_1_313' title='bbox 1225 2240 1322 2294; x_wconf 83' lang='lat' dir='ltr'><strong>rolens</strong></span> <span class='ocrx_word' id='word_1_314' title='bbox 1337 2240 1411 2294; x_wconf 85' lang='lat' dir='ltr'><strong>Deus</strong></span> <span class='ocrx_word' id='word_1_315' title='bbox 1436 2240 1586 2296; x_wconf 88' lang='lat' dir='ltr'><strong>ostendere</strong></span> <span class='ocrx_word' id='word_1_316' title='bbox 1607 2243 1748 2314; x_wconf 89' lang='lat' dir='ltr'><strong>pollicita·</strong></span> 
     </span>
     <span class='ocr_line' id='line_1_24' title="bbox 85 2324 1749 2402; baseline 0.002 -19"><span class='ocrx_word' id='word_1_317' title='bbox 85 2345 92 2383; x_wconf 85' lang='grc' dir='ltr'><strong>ι</strong></span> <span class='ocrx_word' id='word_1_318' title='bbox 115 2327 274 2397; x_wconf 87' lang='lat' dir='ltr'><strong>punientur</strong></span> <span class='ocrx_word' id='word_1_319' title='bbox 297 2326 327 2381; x_wconf 94' lang='lat' dir='ltr'><strong>in</strong></span> <span class='ocrx_word' id='word_1_320' title='bbox 344 2324 503 2396; x_wconf 86' lang='lat' dir='ltr'><strong>suppliciis.</strong></span> <span class='ocrx_word' id='word_1_321' title='bbox 519 2324 651 2396; x_wconf 87' lang='lat' dir='ltr'><strong>Seipsnm</strong></span> <span class='ocrx_word' id='word_1_322' title='bbox 667 2340 736 2396; x_wconf 91' lang='lat' dir='ltr'><strong>ergo</strong></span> <span class='ocrx_word' id='word_1_323' title='bbox 759 2325 847 2380; x_wconf 93' lang='lat' dir='ltr'><strong>homo</strong></span> <span class='ocrx_word' id='word_1_324' title='bbox 900 2327 986 2382; x_wconf 90' lang='lat' dir='ltr'><strong>tionis</strong></span> <span class='ocrx_word' id='word_1_325' title='bbox 999 2326 1162 2383; x_wconf 70' lang='lat' dir='ltr'><strong>heredibus</strong></span> <span class='ocrx_word' id='word_1_326' title='bbox 1174 2327 1406 2383; x_wconf 82' lang='lat' dir='ltr'><strong>immobilitatem</strong></span> <span class='ocrx_word' id='word_1_327' title='bbox 1421 2328 1532 2382; x_wconf 89' lang='lat' dir='ltr'><strong>consilii</strong></span> <span class='ocrx_word' id='word_1_328' title='bbox 1546 2330 1602 2397; x_wconf 90' lang='lat' dir='ltr'><strong>sui,</strong></span> <span class='ocrx_word' id='word_1_329' title='bbox 1617 2330 1749 2402; x_wconf 90' lang='lat' dir='ltr'><strong>interpo-</strong></span> 
     </span>
     <span class='ocr_line' id='line_1_25' title="bbox 85 2413 1749 2489; baseline 0.001 -18"><span class='ocrx_word' id='word_1_330' title='bbox 85 2421 107 2482; x_wconf 89' lang='lat' dir='ltr'><strong>t;</strong></span> <span class='ocrx_word' id='word_1_331' title='bbox 122 2415 260 2486; x_wconf 89' lang='lat' dir='ltr'><strong>seipsum,</strong></span> <span class='ocrx_word' id='word_1_332' title='bbox 277 2415 346 2470; x_wconf 88' lang='lat' dir='ltr'><strong>dam</strong></span> <span class='ocrx_word' id='word_1_333' title='bbox 361 2418 477 2484; x_wconf 92' lang='lat' dir='ltr'><strong>tempus</strong></span> <span class='ocrx_word' id='word_1_334' title='bbox 494 2418 546 2480; x_wconf 89' lang='lat' dir='ltr'><strong>est,</strong></span> <span class='ocrx_word' id='word_1_335' title='bbox 560 2413 687 2484; x_wconf 87' lang='lat' dir='ltr'><strong>corrigat</strong></span> <span class='ocrx_word' id='word_1_336' title='bbox 700 2418 730 2467; x_wconf 91' lang='lat' dir='ltr'><strong>et</strong></span> <span class='ocrx_word' id='word_1_337' title='bbox 745 2429 846 2468; x_wconf 88' lang='lat' dir='ltr'><strong>eman·</strong></span> <span class='ocrx_word' id='word_1_338' title='bbox 900 2415 958 2470; x_wconf 88' lang='lat' dir='ltr'><strong>suit</strong></span> <span class='ocrx_word' id='word_1_339' title='bbox 969 2415 1183 2486; x_wconf 88' lang='lat' dir='ltr'><strong>jusjurandum,</strong></span> <span class='ocrx_word' id='word_1_340' title='bbox 1209 2419 1241 2469; x_wconf 91' lang='lat' dir='ltr'><strong>nt</strong></span> <span class='ocrx_word' id='word_1_341' title='bbox 1263 2431 1316 2485; x_wconf 91' lang='lat' dir='ltr'><strong>per</strong></span> <span class='ocrx_word' id='word_1_342' title='bbox 1339 2416 1411 2470; x_wconf 89' lang='lat' dir='ltr'><strong>duas</strong></span> <span class='ocrx_word' id='word_1_343' title='bbox 1432 2432 1477 2469; x_wconf 90' lang='lat' dir='ltr'><strong>res</strong></span> <span class='ocrx_word' id='word_1_344' title='bbox 1500 2416 1605 2487; x_wconf 89' lang='lat' dir='ltr'><strong>quibus</strong></span> <span class='ocrx_word' id='word_1_345' title='bbox 1620 2416 1749 2489; x_wconf 85' lang='lat' dir='ltr'><strong>impossi-</strong></span> 
     </span>
     <span class='ocr_line' id='line_1_26' title="bbox 85 2501 1747 2576; baseline 0.001 -17"><span class='ocrx_word' id='word_1_346' title='bbox 85 2505 150 2576; x_wconf 87' lang='lat' dir='ltr'><strong>quia</strong></span> <span class='ocrx_word' id='word_1_347' title='bbox 169 2503 398 2572; x_wconf 87' lang='lat' dir='ltr'><strong>omnipotentem</strong></span> <span class='ocrx_word' id='word_1_348' title='bbox 422 2507 508 2574; x_wconf 87' lang='lat' dir='ltr'><strong>atque</strong></span> <span class='ocrx_word' id='word_1_349' title='bbox 530 2507 667 2557; x_wconf 88' lang='lat' dir='ltr'><strong>aeternam</strong></span> <span class='ocrx_word' id='word_1_350' title='bbox 692 2501 846 2573; x_wconf 75' lang='lat' dir='ltr'><strong>praescien·</strong></span> <span class='ocrx_word' id='word_1_351' title='bbox 900 2504 957 2559; x_wconf 90' lang='lat' dir='ltr'><strong>bile</strong></span> <span class='ocrx_word' id='word_1_352' title='bbox 971 2507 1015 2558; x_wconf 88' lang='lat' dir='ltr'><strong>est</strong></span> <span class='ocrx_word' id='word_1_353' title='bbox 1029 2503 1146 2558; x_wconf 89' lang='lat' dir='ltr'><strong>mentiri</strong></span> <span class='ocrx_word' id='word_1_354' title='bbox 1162 2505 1269 2573; x_wconf 88' lang='lat' dir='ltr'><strong>Deum,</strong></span> <span class='ocrx_word' id='word_1_355' title='bbox 1286 2503 1474 2559; x_wconf 89' lang='lat' dir='ltr'><strong>fortissimum</strong></span> <span class='ocrx_word' id='word_1_356' title='bbox 1494 2504 1627 2559; x_wconf 79' lang='lat' dir='ltr'><strong>solebam</strong></span> <span class='ocrx_word' id='word_1_357' title='bbox 1642 2506 1747 2561; x_wconf 89' lang='lat' dir='ltr'><strong>habea-</strong></span> 
     </span>
     <span class='ocr_line' id='line_1_27' title="bbox 91 2589 1750 2664; baseline 0.002 -18"><span class='ocrx_word' id='word_1_358' title='bbox 91 2597 119 2646; x_wconf 89' lang='lat' dir='ltr'><strong>et</strong></span> <span class='ocrx_word' id='word_1_359' title='bbox 138 2590 423 2661; x_wconf 78' lang='lat' dir='ltr'><strong>praedestinationem</strong></span> <span class='ocrx_word' id='word_1_360' title='bbox 440 2594 551 2644; x_wconf 88' lang='lat' dir='ltr'><strong>mutare</strong></span> <span class='ocrx_word' id='word_1_361' title='bbox 567 2589 610 2644; x_wconf 90' lang='lat' dir='ltr'><strong>vel</strong></span> <span class='ocrx_word' id='word_1_362' title='bbox 626 2589 772 2644; x_wconf 85' lang='lat' dir='ltr'><strong>destruere</strong></span> <span class='ocrx_word' id='word_1_363' title='bbox 787 2605 846 2645; x_wconf 92' lang='lat' dir='ltr'><strong>non</strong></span> <span class='ocrx_word' id='word_1_364' title='bbox 901 2607 976 2660; x_wconf 87' lang='lat' dir='ltr'><strong>mus,</strong></span> <span class='ocrx_word' id='word_1_365' title='bbox 993 2590 1044 2664; x_wconf 90' lang='lat' dir='ltr'><strong>qai</strong></span> <span class='ocrx_word' id='word_1_366' title='bbox 1059 2591 1241 2662; x_wconf 89' lang='lat' dir='ltr'><strong>confugimus</strong></span> <span class='ocrx_word' id='word_1_367' title='bbox 1266 2594 1301 2647; x_wconf 87' lang='lat' dir='ltr'><strong>ad</strong></span> <span class='ocrx_word' id='word_1_368' title='bbox 1325 2592 1481 2647; x_wconf 86' lang='lat' dir='ltr'><strong>tenendam</strong></span> <span class='ocrx_word' id='word_1_369' title='bbox 1504 2593 1682 2663; x_wconf 87' lang='lat' dir='ltr'><strong>propositam</strong></span> <span class='ocrx_word' id='word_1_370' title='bbox 1700 2609 1750 2649; x_wconf 87' lang='lat' dir='ltr'><strong>aa·</strong></span> 
     </span>
     <span class='ocr_line' id='line_1_28' title="bbox 108 2678 1749 2751; baseline 0.001 -16"><span class='ocrx_word' id='word_1_371' title='bbox 108 2680 137 2736; x_wconf 86' lang='lat' dir='ltr'><strong>si</strong></span> <span class='ocrx_word' id='word_1_372' title='bbox 162 2680 225 2751; x_wconf 88' lang='lat' dir='ltr'><strong>quis</strong></span> <span class='ocrx_word' id='word_1_373' title='bbox 249 2679 327 2734; x_wconf 91' lang='lat' dir='ltr'><strong>enim</strong></span> <span class='ocrx_word' id='word_1_374' title='bbox 346 2684 435 2751; x_wconf 81' lang='lat' dir='ltr'><strong>neget</strong></span> <span class='ocrx_word' id='word_1_375' title='bbox 460 2694 520 2733; x_wconf 91' lang='lat' dir='ltr'><strong>csse</strong></span> <span class='ocrx_word' id='word_1_376' title='bbox 548 2678 624 2748; x_wconf 89' lang='lat' dir='ltr'><strong>apud</strong></span> <span class='ocrx_word' id='word_1_377' title='bbox 653 2679 744 2733; x_wconf 86' lang='lat' dir='ltr'><strong>Deum</strong></span> <span class='ocrx_word' id='word_1_378' title='bbox 771 2694 845 2747; x_wconf 80' lang='lat' dir='ltr'><strong>prte-</strong></span> <span class='ocrx_word' id='word_1_379' title='bbox 901 2680 944 2736; x_wconf 92' lang='lat' dir='ltr'><strong>bis</strong></span> <span class='ocrx_word' id='word_1_380' title='bbox 968 2696 1049 2751; x_wconf 93' lang='lat' dir='ltr'><strong>spem</strong></span> <span class='ocrx_word' id='word_1_381' title='bbox 1073 2680 1223 2750; x_wconf 75' lang='lat' dir='ltr'><strong>(iota.,1a,</strong></span> <span class='ocrx_word' id='word_1_382' title='bbox 1248 2683 1290 2747; x_wconf 74' lang='grc' dir='ltr'><strong>ιι,</strong></span> <span class='ocrx_word' id='word_1_383' title='bbox 1311 2682 1399 2749; x_wconf 66' lang='lat' dir='ltr'><strong>rat.»</strong></span> <span class='ocrx_word' id='word_1_384' title='bbox 1424 2679 1749 2751; x_wconf 86' lang='lat' dir='ltr'><strong>Eccainparteelecto·</strong></span> 
     </span>
     <span class='ocr_line' id='line_1_29' title="bbox 85 2764 1750 2840; baseline 0.001 -16"><span class='ocrx_word' id='word_1_385' title='bbox 85 2769 147 2825; x_wconf 74' lang='lat' dir='ltr'><strong>iam</strong></span> <span class='ocrx_word' id='word_1_386' title='bbox 172 2773 200 2823; x_wconf 92' lang='lat' dir='ltr'><strong>et</strong></span> <span class='ocrx_word' id='word_1_387' title='bbox 225 2766 522 2839; x_wconf 84' lang='lat' dir='ltr'><strong>praedestinationem,</strong></span> <span class='ocrx_word' id='word_1_388' title='bbox 547 2765 697 2821; x_wconf 87' lang='lat' dir='ltr'><strong>manifeste</strong></span> <span class='ocrx_word' id='word_1_389' title='bbox 719 2764 846 2820; x_wconf 83' lang='lat' dir='ltr'><strong>infidelis</strong></span> <span class='ocrx_word' id='word_1_390' title='bbox 902 2784 978 2836; x_wconf 91' lang='lat' dir='ltr'><strong>rum,</strong></span> <span class='ocrx_word' id='word_1_391' title='bbox 992 2767 1043 2840; x_wconf 88' lang='lat' dir='ltr'><strong>qui</strong></span> <span class='ocrx_word' id='word_1_392' title='bbox 1056 2768 1192 2840; x_wconf 91' lang='lat' dir='ltr'><strong>promissi</strong></span> <span class='ocrx_word' id='word_1_393' title='bbox 1207 2774 1288 2836; x_wconf 85' lang='lat' dir='ltr'><strong>sunt,</strong></span> <span class='ocrx_word' id='word_1_394' title='bbox 1306 2774 1337 2824; x_wconf 93' lang='lat' dir='ltr'><strong>ut</strong></span> <span class='ocrx_word' id='word_1_395' title='bbox 1352 2770 1582 2825; x_wconf 75' lang='lat' dir='ltr'><strong>essenthbrahae</strong></span> <span class='ocrx_word' id='word_1_396' title='bbox 1597 2770 1703 2837; x_wconf 83' lang='lat' dir='ltr'><strong>attilii,</strong></span> <span class='ocrx_word' id='word_1_397' title='bbox 1720 2776 1750 2826; x_wconf 93' lang='lat' dir='ltr'><strong>et</strong></span> 
     </span>
     <span class='ocr_line' id='line_1_30' title="bbox 85 2854 1749 2933; baseline 0.001 -22"><span class='ocrx_word' id='word_1_398' title='bbox 85 2856 179 2929; x_wconf 89' lang='lat' dir='ltr'><strong>iqnis</strong></span> <span class='ocrx_word' id='word_1_399' title='bbox 195 2857 265 2912; x_wconf 89' lang='lat' dir='ltr'><strong>dicit</strong></span> <span class='ocrx_word' id='word_1_400' title='bbox 283 2856 359 2928; x_wconf 93' lang='lat' dir='ltr'><strong>quod</strong></span> <span class='ocrx_word' id='word_1_401' title='bbox 385 2854 565 2927; x_wconf 73' lang='lat' dir='ltr'><strong>prescientia</strong></span> <span class='ocrx_word' id='word_1_402' title='bbox 587 2859 614 2909; x_wconf 88' lang='lat' dir='ltr'><strong>et</strong></span> <span class='ocrx_word' id='word_1_403' title='bbox 629 2854 846 2925; x_wconf 76' lang='lat' dir='ltr'><strong>praedestinatio</strong></span> <span class='ocrx_word' id='word_1_404' title='bbox 900 2857 1028 2933; x_wconf 75' lang='lat' dir='ltr'><strong>haeredes</strong></span> <span class='ocrx_word' id='word_1_405' title='bbox 1058 2856 1128 2911; x_wconf 82' lang='lat' dir='ltr'><strong>Novi</strong></span> <span class='ocrx_word' id='word_1_406' title='bbox 1155 2860 1184 2911; x_wconf 90' lang='lat' dir='ltr'><strong>et</strong></span> <span class='ocrx_word' id='word_1_407' title='bbox 1210 2856 1311 2911; x_wconf 75' lang='lat' dir='ltr'><strong>eterni</strong></span> <span class='ocrx_word' id='word_1_408' title='bbox 1338 2857 1535 2922; x_wconf 84' lang='lat' dir='ltr'><strong>Testamenti,</strong></span> <span class='ocrx_word' id='word_1_409' title='bbox 1564 2859 1749 2929; x_wconf 90' lang='lat' dir='ltr'><strong>omnipotens</strong></span> 
     </span>
     <span class='ocr_line' id='line_1_31' title="bbox 85 2941 1747 3017; baseline 0.002 -17"><span class='ocrx_word' id='word_1_410' title='bbox 85 2945 204 3016; x_wconf 83' lang='lat' dir='ltr'><strong>aliquem</strong></span> <span class='ocrx_word' id='word_1_411' title='bbox 225 2944 381 3014; x_wconf 89' lang='lat' dir='ltr'><strong>compellat</strong></span> <span class='ocrx_word' id='word_1_412' title='bbox 399 2948 432 2997; x_wconf 91' lang='grc' dir='ltr'><strong>ιι</strong></span> <span class='ocrx_word' id='word_1_413' title='bbox 454 2943 547 2997; x_wconf 87' lang='grc' dir='ltr'>ιιιιιι</span> <span class='ocrx_word' id='word_1_414' title='bbox 570 2941 616 3008; x_wconf 90' lang='grc' dir='ltr'>ιιι,</span> <span class='ocrx_word' id='word_1_415' title='bbox 639 2946 669 2996; x_wconf 88' lang='grc' dir='ltr'><strong>ιι</strong></span> <span class='ocrx_word' id='word_1_416' title='bbox 689 2941 846 2996; x_wconf 87' lang='lat' dir='ltr'><strong>aliudesse</strong></span> <span class='ocrx_word' id='word_1_417' title='bbox 864 2947 986 3011; x_wconf 68' lang='lat' dir='ltr'><strong>(Deus,</strong></span> <span class='ocrx_word' id='word_1_418' title='bbox 1011 2945 1080 3016; x_wconf 90' lang='lat' dir='ltr'><strong>quia</strong></span> <span class='ocrx_word' id='word_1_419' title='bbox 1103 2945 1248 2999; x_wconf 88' lang='lat' dir='ltr'><strong>nerninem</strong></span> <span class='ocrx_word' id='word_1_420' title='bbox 1266 2945 1352 3000; x_wconf 89' lang='lat' dir='ltr'><strong>habet</strong></span> <span class='ocrx_word' id='word_1_421' title='bbox 1372 2945 1520 3016; x_wconf 77' lang='lat' dir='ltr'><strong>maiorem,</strong></span> <span class='ocrx_word' id='word_1_422' title='bbox 1541 2947 1618 3016; x_wconf 87' lang='lat' dir='ltr'><strong>jurat</strong></span> <span class='ocrx_word' id='word_1_423' title='bbox 1635 2963 1686 3017; x_wconf 89' lang='lat' dir='ltr'><strong>per</strong></span> <span class='ocrx_word' id='word_1_424' title='bbox 1702 2963 1747 3003; x_wconf 89' lang='lat' dir='ltr'><strong>se·</strong></span> 
     </span>
     <span class='ocr_line' id='line_1_32' title="bbox 85 3029 1746 3104; baseline -0.001 -15"><span class='ocrx_word' id='word_1_425' title='bbox 85 3034 174 3101; x_wconf 77' lang='lat' dir='ltr'><strong>sossit,</strong></span> <span class='ocrx_word' id='word_1_426' title='bbox 198 3032 379 3088; x_wconf 88' lang='lat' dir='ltr'><strong>horribiliter</strong></span> <span class='ocrx_word' id='word_1_427' title='bbox 400 3032 591 3102; x_wconf 87' lang='lat' dir='ltr'><strong>blasphemat.</strong></span> <span class='ocrx_word' id='word_1_428' title='bbox 617 3030 672 3096; x_wconf 87' lang='lat' dir='ltr'><strong>Qui</strong></span> <span class='ocrx_word' id='word_1_429' title='bbox 696 3035 792 3085; x_wconf 91' lang='lat' dir='ltr'><strong>autem</strong></span> <span class='ocrx_word' id='word_1_430' title='bbox 815 3029 846 3085; x_wconf 87' lang='lat' dir='ltr'><strong>fi·</strong></span> <span class='ocrx_word' id='word_1_431' title='bbox 900 3030 1064 3101; x_wconf 89' lang='lat' dir='ltr'><strong>metipsum.</strong></span> <span class='ocrx_word' id='word_1_432' title='bbox 1082 3031 1115 3085; x_wconf 87' lang='lat' dir='ltr'><strong>Et</strong></span> <span class='ocrx_word' id='word_1_433' title='bbox 1127 3030 1197 3102; x_wconf 91' lang='lat' dir='ltr'><strong>quid</strong></span> <span class='ocrx_word' id='word_1_434' title='bbox 1220 3030 1440 3102; x_wconf 84' lang='lat' dir='ltr'><strong>intelligendum</strong></span> <span class='ocrx_word' id='word_1_435' title='bbox 1464 3032 1501 3086; x_wconf 89' lang='grc' dir='ltr'><strong>ιιι</strong></span> <span class='ocrx_word' id='word_1_436' title='bbox 1520 3048 1571 3102; x_wconf 91' lang='lat' dir='ltr'><strong>per</strong></span> <span class='ocrx_word' id='word_1_437' title='bbox 1585 3033 1746 3104; x_wconf 86' lang='lat' dir='ltr'><strong>hocjusjn·</strong></span> 
     </span>
     <span class='ocr_line' id='line_1_33' title="bbox 87 3117 1748 3192; baseline -0.001 -14"><span class='ocrx_word' id='word_1_438' title='bbox 87 3139 102 3178; x_wconf 94' lang='lat' dir='ltr'><strong>r</strong></span> <span class='ocrx_word' id='word_1_439' title='bbox 121 3122 275 3178; x_wconf 89' lang='lat' dir='ltr'><strong>confltetur</strong></span> <span class='ocrx_word' id='word_1_440' title='bbox 296 3126 324 3177; x_wconf 92' lang='lat' dir='ltr'><strong>et</strong></span> <span class='ocrx_word' id='word_1_441' title='bbox 345 3119 554 3192; x_wconf 79' lang='lat' dir='ltr'><strong>praescientiam</strong></span> <span class='ocrx_word' id='word_1_442' title='bbox 576 3122 604 3174; x_wconf 90' lang='lat' dir='ltr'><strong>et</strong></span> <span class='ocrx_word' id='word_1_443' title='bbox 620 3117 846 3190; x_wconf 74' lang='lat' dir='ltr'><strong>praedestinatio·</strong></span> <span class='ocrx_word' id='word_1_444' title='bbox 899 3119 1034 3188; x_wconf 88' lang='lat' dir='ltr'><strong>randum,</strong></span> <span class='ocrx_word' id='word_1_445' title='bbox 1053 3119 1135 3174; x_wconf 89' lang='lat' dir='ltr'><strong>docet</strong></span> <span class='ocrx_word' id='word_1_446' title='bbox 1156 3135 1209 3174; x_wconf 90' lang='lat' dir='ltr'><strong>nos</strong></span> <span class='ocrx_word' id='word_1_447' title='bbox 1234 3119 1397 3189; x_wconf 81' lang='lat' dir='ltr'><strong>Apostolus,</strong></span> <span class='ocrx_word' id='word_1_448' title='bbox 1426 3119 1568 3189; x_wconf 84' lang='lat' dir='ltr'><strong>videlicet,</strong></span> <span class='ocrx_word' id='word_1_449' title='bbox 1591 3121 1670 3192; x_wconf 88' lang='lat' dir='ltr'><strong>qnod</strong></span> <span class='ocrx_word' id='word_1_450' title='bbox 1693 3121 1748 3176; x_wconf 93' lang='lat' dir='ltr'><strong>hoc</strong></span> 
     </span>
     <span class='ocr_line' id='line_1_34' title="bbox 85 3206 1748 3281; baseline -0.002 -15"><span class='ocrx_word' id='word_1_451' title='bbox 85 3217 221 3267; x_wconf 75' lang='lat' dir='ltr'><strong>eternam</strong></span> <span class='ocrx_word' id='word_1_452' title='bbox 242 3227 305 3266; x_wconf 89' lang='lat' dir='ltr'><strong>esse</strong></span> <span class='ocrx_word' id='word_1_453' title='bbox 321 3210 396 3281; x_wconf 89' lang='lat' dir='ltr'><strong>apud</strong></span> <span class='ocrx_word' id='word_1_454' title='bbox 417 3211 518 3276; x_wconf 83' lang='lat' dir='ltr'><strong>baum,</strong></span> <span class='ocrx_word' id='word_1_455' title='bbox 534 3223 588 3263; x_wconf 90' lang='lat' dir='ltr'><strong>nee</strong></span> <span class='ocrx_word' id='word_1_456' title='bbox 608 3212 705 3262; x_wconf 88' lang='lat' dir='ltr'><strong>tamen</strong></span> <span class='ocrx_word' id='word_1_457' title='bbox 719 3206 845 3278; x_wconf 85' lang='lat' dir='ltr'><strong>aliquem</strong></span> <span class='ocrx_word' id='word_1_458' title='bbox 900 3207 986 3263; x_wconf 91' lang='lat' dir='ltr'><strong>modo</strong></span> <span class='ocrx_word' id='word_1_459' title='bbox 1002 3225 1017 3260; x_wconf 79' lang='lat' dir='ltr'><strong>a</strong></span> <span class='ocrx_word' id='word_1_460' title='bbox 1032 3207 1156 3262; x_wconf 82' lang='lat' dir='ltr'><strong>voluerit</strong></span> <span class='ocrx_word' id='word_1_461' title='bbox 1170 3208 1244 3262; x_wconf 85' lang='lat' dir='ltr'><strong>Dens</strong></span> <span class='ocrx_word' id='word_1_462' title='bbox 1264 3207 1428 3281; x_wconf 75' lang='lat' dir='ltr'><strong>heredibus</strong></span> <span class='ocrx_word' id='word_1_463' title='bbox 1451 3207 1666 3278; x_wconf 85' lang='lat' dir='ltr'><strong>pollicitationis</strong></span> <span class='ocrx_word' id='word_1_464' title='bbox 1689 3223 1748 3263; x_wconf 78' lang='lat' dir='ltr'><strong>sue</strong></span> 
     </span>
     <span class='ocr_line' id='line_1_35' title="bbox 85 3293 1747 3368; baseline -0.004 -13"><span class='ocrx_word' id='word_1_465' title='bbox 85 3315 136 3355; x_wconf 78' lang='lat' dir='ltr'><strong>rese</strong></span> <span class='ocrx_word' id='word_1_466' title='bbox 156 3300 192 3355; x_wconf 89' lang='lat' dir='ltr'><strong>ad</strong></span> <span class='ocrx_word' id='word_1_467' title='bbox 215 3299 323 3354; x_wconf 89' lang='lat' dir='ltr'><strong>malum</strong></span> <span class='ocrx_word' id='word_1_468' title='bbox 350 3297 423 3368; x_wconf 92' lang='lat' dir='ltr'><strong>cogi,</strong></span> <span class='ocrx_word' id='word_1_469' title='bbox 449 3296 497 3352; x_wconf 89' lang='lat' dir='ltr'><strong>sed</strong></span> <span class='ocrx_word' id='word_1_470' title='bbox 526 3295 725 3351; x_wconf 89' lang='lat' dir='ltr'><strong>tantammodo</strong></span> <span class='ocrx_word' id='word_1_471' title='bbox 752 3294 846 3367; x_wconf 85' lang='lat' dir='ltr'><strong>qualis</strong></span> <span class='ocrx_word' id='word_1_472' title='bbox 899 3293 1094 3349; x_wconf 88' lang='lat' dir='ltr'><strong>abundantius</strong></span> <span class='ocrx_word' id='word_1_473' title='bbox 1115 3295 1265 3350; x_wconf 90' lang='lat' dir='ltr'><strong>ostendere</strong></span> <span class='ocrx_word' id='word_1_474' title='bbox 1285 3294 1517 3350; x_wconf 90' lang='lat' dir='ltr'><strong>immobilitatem</strong></span> <span class='ocrx_word' id='word_1_475' title='bbox 1541 3294 1654 3350; x_wconf 91' lang='lat' dir='ltr'><strong>consilii</strong></span> <span class='ocrx_word' id='word_1_476' title='bbox 1680 3295 1747 3363; x_wconf 88' lang='lat' dir='ltr'><strong>sui;</strong></span> 
     </span>
     <span class='ocr_line' id='line_1_36' title="bbox 85 3383 1747 3457; baseline -0.002 -15"><span class='ocrx_word' id='word_1_477' title='bbox 85 3403 123 3442; x_wconf 91' lang='grc' dir='ltr'><strong>ιι</strong></span> <span class='ocrx_word' id='word_1_478' title='bbox 140 3388 256 3443; x_wconf 85' lang='grc' dir='ltr'>ιιιιιιι</span> <span class='ocrx_word' id='word_1_479' title='bbox 280 3388 318 3442; x_wconf 90' lang='grc' dir='ltr'><strong>ιιι</strong></span> <span class='ocrx_word' id='word_1_480' title='bbox 340 3385 478 3457; x_wconf 73' lang='lat' dir='ltr'><strong>praesciri,</strong></span> <span class='ocrx_word' id='word_1_481' title='bbox 495 3390 520 3440; x_wconf 90' lang='grc' dir='ltr'><strong>ιι</strong></span> <span class='ocrx_word' id='word_1_482' title='bbox 545 3390 632 3456; x_wconf 89' lang='lat' dir='ltr'><strong>prout</strong></span> <span class='ocrx_word' id='word_1_483' title='bbox 645 3383 766 3456; x_wconf 83' lang='lat' dir='ltr'><strong>gesserit</strong></span> <span class='ocrx_word' id='word_1_484' title='bbox 774 3383 847 3455; x_wconf 88' lang='lat' dir='ltr'><strong>judi·</strong></span> <span class='ocrx_word' id='word_1_485' title='bbox 900 3387 932 3435; x_wconf 91' lang='lat' dir='ltr'><strong>ut</strong></span> <span class='ocrx_word' id='word_1_486' title='bbox 944 3398 996 3453; x_wconf 89' lang='lat' dir='ltr'><strong>per</strong></span> <span class='ocrx_word' id='word_1_487' title='bbox 1014 3383 1084 3438; x_wconf 83' lang='lat' dir='ltr'><strong>duas</strong></span> <span class='ocrx_word' id='word_1_488' title='bbox 1102 3399 1161 3451; x_wconf 91' lang='lat' dir='ltr'><strong>res,</strong></span> <span class='ocrx_word' id='word_1_489' title='bbox 1175 3403 1190 3436; x_wconf 82' lang='grc' dir='ltr'><strong>ι</strong></span> <span class='ocrx_word' id='word_1_490' title='bbox 1206 3384 1234 3439; x_wconf 93' lang='lat' dir='ltr'><strong>id</strong></span> <span class='ocrx_word' id='word_1_491' title='bbox 1249 3388 1306 3451; x_wconf 88' lang='lat' dir='ltr'><strong>ast,</strong></span> <span class='ocrx_word' id='word_1_492' title='bbox 1321 3383 1536 3455; x_wconf 88' lang='lat' dir='ltr'><strong>pollicitationis</strong></span> <span class='ocrx_word' id='word_1_493' title='bbox 1551 3388 1580 3439; x_wconf 90' lang='lat' dir='ltr'><strong>et</strong></span> <span class='ocrx_word' id='word_1_494' title='bbox 1591 3383 1747 3455; x_wconf 89' lang='lat' dir='ltr'><strong>jurationis</strong></span> 
     </span>
     <span class='ocr_line' id='line_1_37' title="bbox 85 3471 1747 3546; baseline -0.001 -16"><span class='ocrx_word' id='word_1_495' title='bbox 85 3475 137 3530; x_wconf 89' lang='lat' dir='ltr'><strong>iste</strong></span> <span class='ocrx_word' id='word_1_496' title='bbox 151 3491 268 3546; x_wconf 89' lang='lat' dir='ltr'><strong>prorsus</strong></span> <span class='ocrx_word' id='word_1_497' title='bbox 282 3473 419 3528; x_wconf 89' lang='lat' dir='ltr'><strong>catholice</strong></span> <span class='ocrx_word' id='word_1_498' title='bbox 434 3473 528 3528; x_wconf 87' lang='lat' dir='ltr'><strong>sentit.</strong></span> <span class='ocrx_word' id='word_1_499' title='bbox 899 3486 969 3537; x_wconf 76' lang='grc' dir='ltr'>ιιι,</span> <span class='ocrx_word' id='word_1_500' title='bbox 987 3471 1122 3542; x_wconf 86' lang='lat' dir='ltr'><strong>aquibus</strong></span> <span class='ocrx_word' id='word_1_501' title='bbox 1141 3472 1319 3542; x_wconf 91' lang='lat' dir='ltr'><strong>impossibile</strong></span> <span class='ocrx_word' id='word_1_502' title='bbox 1340 3476 1383 3527; x_wconf 91' lang='lat' dir='ltr'><strong>est</strong></span> <span class='ocrx_word' id='word_1_503' title='bbox 1404 3472 1522 3527; x_wconf 89' lang='lat' dir='ltr'><strong>mentiri</strong></span> <span class='ocrx_word' id='word_1_504' title='bbox 1539 3474 1637 3538; x_wconf 86' lang='lat' dir='ltr'><strong>Deum,</strong></span> <span class='ocrx_word' id='word_1_505' title='bbox 1654 3492 1669 3523; x_wconf 79' lang='grc' dir='ltr'><strong>ι</strong></span> <span class='ocrx_word' id='word_1_506' title='bbox 1687 3471 1747 3528; x_wconf 84' lang='lat' dir='ltr'><strong>sive</strong></span> 
     </span>
     <span class='ocr_line' id='line_1_38' title="bbox 85 3559 1747 3633; baseline -0.001 -14"><span class='ocrx_word' id='word_1_507' title='bbox 85 3564 164 3619; x_wconf 84' lang='lat' dir='ltr'><strong>mhol.</strong></span> <span class='ocrx_word' id='word_1_508' title='bbox 188 3565 218 3620; x_wconf 91' lang='lat' dir='ltr'><strong>S.</strong></span> <span class='ocrx_word' id='word_1_509' title='bbox 243 3561 417 3633; x_wconf 76' lang='lat' dir='ltr'><strong>Athanasii.)</strong></span> <span class='ocrx_word' id='word_1_510' title='bbox 441 3561 535 3632; x_wconf 80' lang='lat' dir='ltr'><strong>[Certa</strong></span> <span class='ocrx_word' id='word_1_511' title='bbox 558 3559 589 3616; x_wconf 92' lang='lat' dir='ltr'><strong>ia</strong></span> <span class='ocrx_word' id='word_1_512' title='bbox 614 3560 792 3631; x_wconf 87' lang='lat' dir='ltr'><strong>professione</strong></span> <span class='ocrx_word' id='word_1_513' title='bbox 811 3559 844 3614; x_wconf 90' lang='lat' dir='ltr'><strong>tl·</strong></span> <span class='ocrx_word' id='word_1_514' title='bbox 899 3559 1134 3629; x_wconf 86' lang='lat' dir='ltr'><strong>promittentem,</strong></span> <span class='ocrx_word' id='word_1_515' title='bbox 1149 3560 1208 3615; x_wconf 85' lang='lat' dir='ltr'><strong>sive</strong></span> <span class='ocrx_word' id='word_1_516' title='bbox 1232 3562 1373 3631; x_wconf 86' lang='lat' dir='ltr'><strong>promissa</strong></span> <span class='ocrx_word' id='word_1_517' title='bbox 1388 3577 1439 3616; x_wconf 88' lang='lat' dir='ltr'><strong>sua</strong></span> <span class='ocrx_word' id='word_1_518' title='bbox 1451 3561 1636 3632; x_wconf 67' lang='lat' dir='ltr'><strong>jurantem»</strong></span> <span class='ocrx_word' id='word_1_519' title='bbox 1652 3561 1747 3617; x_wconf 87' lang='lat' dir='ltr'><strong>fortis.-</strong></span> 
     </span>
     <span class='ocr_line' id='line_1_39' title="bbox 85 3646 1748 3722; baseline -0.001 -15"><span class='ocrx_word' id='word_1_520' title='bbox 85 3653 217 3719; x_wconf 77' lang='lat' dir='ltr'><strong>1tbolicae,</strong></span> <span class='ocrx_word' id='word_1_521' title='bbox 240 3667 327 3722; x_wconf 89' lang='lat' dir='ltr'><strong>quam</strong></span> <span class='ocrx_word' id='word_1_522' title='bbox 348 3650 405 3706; x_wconf 90' lang='lat' dir='ltr'><strong>nisi</strong></span> <span class='ocrx_word' id='word_1_523' title='bbox 424 3651 546 3722; x_wconf 89' lang='lat' dir='ltr'><strong>quisque</strong></span> <span class='ocrx_word' id='word_1_524' title='bbox 569 3650 712 3720; x_wconf 86' lang='lat' dir='ltr'><strong>integram</strong></span> <span class='ocrx_word' id='word_1_525' title='bbox 725 3649 847 3704; x_wconf 84' lang='lat' dir='ltr'><strong>inviola-</strong></span> <span class='ocrx_word' id='word_1_526' title='bbox 899 3646 1003 3702; x_wconf 88' lang='lat' dir='ltr'><strong>simum</strong></span> <span class='ocrx_word' id='word_1_527' title='bbox 1017 3648 1330 3716; x_wconf 86' lang='lat' dir='ltr'><strong>solatiumbabeamus,</strong></span> <span class='ocrx_word' id='word_1_528' title='bbox 1344 3650 1635 3722; x_wconf 84' lang='lat' dir='ltr'><strong>quiconiugimnsad</strong></span> <span class='ocrx_word' id='word_1_529' title='bbox 1650 3655 1748 3706; x_wconf 92' lang='lat' dir='ltr'><strong>tenen·</strong></span> 
     </span>
     <span class='ocr_line' id='line_1_40' title="bbox 85 3735 1360 3810; baseline -0.001 -16"><span class='ocrx_word' id='word_1_530' title='bbox 85 3756 115 3796; x_wconf 88' lang='lat' dir='ltr'><strong>ne</strong></span> <span class='ocrx_word' id='word_1_531' title='bbox 128 3740 295 3808; x_wconf 81' lang='lat' dir='ltr'><strong>servaverit,</strong></span> <span class='ocrx_word' id='word_1_532' title='bbox 306 3739 415 3810; x_wconf 86' lang='lat' dir='ltr'><strong>absque</strong></span> <span class='ocrx_word' id='word_1_533' title='bbox 426 3738 514 3794; x_wconf 88' lang='lat' dir='ltr'><strong>dubia</strong></span> <span class='ocrx_word' id='word_1_534' title='bbox 529 3738 559 3792; x_wconf 92' lang='lat' dir='ltr'><strong>in</strong></span> <span class='ocrx_word' id='word_1_535' title='bbox 570 3741 713 3794; x_wconf 77' lang='lat' dir='ltr'><strong>aternum</strong></span> <span class='ocrx_word' id='word_1_536' title='bbox 724 3736 844 3808; x_wconf 90' lang='lat' dir='ltr'><strong>peribit;</strong></span> <span class='ocrx_word' id='word_1_537' title='bbox 899 3735 964 3790; x_wconf 85' lang='lat' dir='ltr'><strong>dam</strong></span> <span class='ocrx_word' id='word_1_538' title='bbox 978 3737 1156 3808; x_wconf 85' lang='lat' dir='ltr'><strong>propositam</strong></span> <span class='ocrx_word' id='word_1_539' title='bbox 1172 3738 1255 3792; x_wconf 91' lang='lat' dir='ltr'><strong>nobis</strong></span> <span class='ocrx_word' id='word_1_540' title='bbox 1270 3753 1360 3809; x_wconf 90' lang='lat' dir='ltr'><strong>spem.</strong></span> 
     </span>
     <span class='ocr_line' id='line_1_41' title="bbox 85 3825 1373 3900; baseline -0.007 -15"><span class='ocrx_word' id='word_1_541' title='bbox 85 3845 128 3885; x_wconf 86' lang='lat' dir='ltr'><strong>am</strong></span> <span class='ocrx_word' id='word_1_542' title='bbox 141 3829 198 3884; x_wconf 91' lang='lat' dir='ltr'><strong>nisi</strong></span> <span class='ocrx_word' id='word_1_543' title='bbox 214 3828 336 3900; x_wconf 90' lang='lat' dir='ltr'><strong>quisque</strong></span> <span class='ocrx_word' id='word_1_544' title='bbox 352 3826 475 3882; x_wconf 87' lang='lat' dir='ltr'><strong>fideliter</strong></span> <span class='ocrx_word' id='word_1_545' title='bbox 484 3825 664 3896; x_wconf 89' lang='lat' dir='ltr'><strong>firmiterque</strong></span> <span class='ocrx_word' id='word_1_546' title='bbox 679 3825 844 3892; x_wconf 86' lang='lat' dir='ltr'><strong>crediderit,</strong></span> <span class='ocrx_word' id='word_1_547' title='bbox 1364 3835 1373 3850; x_wconf 91' lang='lat'>·</span> 
     </span>
     <span class='ocr_line' id='line_1_42' title="bbox 85 3894 1409 3989; baseline -0.002 -15"><span class='ocrx_word' id='word_1_548' title='bbox 85 3936 93 3974; x_wconf 87' lang='grc' dir='ltr'><strong>ι</strong></span> <span class='ocrx_word' id='word_1_549' title='bbox 120 3935 181 3975; x_wconf 89' lang='grc' dir='ltr'>ιιιι</span> <span class='ocrx_word' id='word_1_550' title='bbox 209 3935 268 3974; x_wconf 92' lang='lat' dir='ltr'><strong>non</strong></span> <span class='ocrx_word' id='word_1_551' title='bbox 296 3918 410 3989; x_wconf 90' lang='lat' dir='ltr'><strong>poterit,</strong></span> <span class='ocrx_word' id='word_1_552' title='bbox 439 3932 539 3972; x_wconf 88' lang='lat' dir='ltr'><strong>omnes</strong></span> <span class='ocrx_word' id='word_1_553' title='bbox 565 3932 623 3971; x_wconf 91' lang='lat' dir='ltr'><strong>uno</strong></span> <span class='ocrx_word' id='word_1_554' title='bbox 651 3931 701 3970; x_wconf 88' lang='lat' dir='ltr'><strong>ora</strong></span> <span class='ocrx_word' id='word_1_555' title='bbox 729 3915 845 3970; x_wconf 88' lang='lat' dir='ltr'><strong>confite-</strong></span> <span class='ocrx_word' id='word_1_556' title='bbox 1232 3897 1344 3952; x_wconf 62' lang='lat' dir='ltr'>CAPUT</span> <span class='ocrx_word' id='word_1_557' title='bbox 1363 3894 1409 3951; x_wconf 72' lang='lat' dir='ltr'><strong>Vl·</strong></span> 
     </span>
     <span class='ocr_line' id='line_1_43' title="bbox 89 4003 845 4080; baseline -0.007 -18"><span class='ocrx_word' id='word_1_558' title='bbox 89 4007 167 4080; x_wconf 89' lang='lat' dir='ltr'><strong>quod</strong></span> <span class='ocrx_word' id='word_1_559' title='bbox 181 4008 212 4062; x_wconf 91' lang='lat' dir='ltr'><strong>in</strong></span> <span class='ocrx_word' id='word_1_560' title='bbox 236 4006 359 4061; x_wconf 87' lang='lat' dir='ltr'><strong>adventa</strong></span> <span class='ocrx_word' id='word_1_561' title='bbox 384 4004 528 4076; x_wconf 92' lang='lat' dir='ltr'><strong>unigeniti</strong></span> <span class='ocrx_word' id='word_1_562' title='bbox 554 4003 619 4058; x_wconf 83' lang='lat' dir='ltr'><strong>Filii</strong></span> <span class='ocrx_word' id='word_1_563' title='bbox 646 4003 697 4059; x_wconf 83' lang='lat' dir='ltr'><strong>liei</strong></span> <span class='ocrx_word' id='word_1_564' title='bbox 716 4003 752 4058; x_wconf 89' lang='lat' dir='ltr'><strong>de</strong></span> <span class='ocrx_word' id='word_1_565' title='bbox 774 4003 845 4058; x_wconf 86' lang='lat' dir='ltr'><strong>coelo</strong></span> 
     </span>
     <span class='ocr_line' id='line_1_44' title="bbox 85 4091 844 4165; baseline -0.007 -14"><span class='ocrx_word' id='word_1_566' title='bbox 85 4112 100 4151; x_wconf 90' lang='lat' dir='ltr'><strong>s</strong></span> <span class='ocrx_word' id='word_1_567' title='bbox 122 4095 256 4151; x_wconf 89' lang='lat' dir='ltr'><strong>homines</strong></span> <span class='ocrx_word' id='word_1_568' title='bbox 280 4107 431 4165; x_wconf 88' lang='lat' dir='ltr'><strong>resurgere</strong></span> <span class='ocrx_word' id='word_1_569' title='bbox 452 4092 560 4148; x_wconf 91' lang='lat' dir='ltr'><strong>habent</strong></span> <span class='ocrx_word' id='word_1_570' title='bbox 587 4107 653 4146; x_wconf 91' lang='lat' dir='ltr'><strong>cnm</strong></span> <span class='ocrx_word' id='word_1_571' title='bbox 678 4091 844 4163; x_wconf 90' lang='lat' dir='ltr'><strong>corporibus</strong></span> 
     </span>
     <span class='ocr_line' id='line_1_45' title="bbox 85 4178 1748 4252; baseline -0.002 -11"><span class='ocrx_word' id='word_1_572' title='bbox 85 4190 114 4241; x_wconf 91' lang='grc' dir='ltr'><strong>ιι</strong></span> <span class='ocrx_word' id='word_1_573' title='bbox 134 4183 276 4239; x_wconf 91' lang='lat' dir='ltr'><strong>reddituri</strong></span> <span class='ocrx_word' id='word_1_574' title='bbox 298 4188 366 4236; x_wconf 91' lang='lat' dir='ltr'><strong>sunt</strong></span> <span class='ocrx_word' id='word_1_575' title='bbox 379 4183 414 4238; x_wconf 91' lang='lat' dir='ltr'><strong>de</strong></span> <span class='ocrx_word' id='word_1_576' title='bbox 438 4181 519 4236; x_wconf 85' lang='lat' dir='ltr'><strong>factis</strong></span> <span class='ocrx_word' id='word_1_577' title='bbox 539 4180 665 4252; x_wconf 90' lang='lat' dir='ltr'><strong>propriis</strong></span> <span class='ocrx_word' id='word_1_578' title='bbox 688 4180 843 4235; x_wconf 88' lang='lat' dir='ltr'><strong>rationem.</strong></span> <span class='ocrx_word' id='word_1_579' title='bbox 937 4179 1008 4249; x_wconf 86' lang='lat' dir='ltr'><strong>Ergo</strong></span> <span class='ocrx_word' id='word_1_580' title='bbox 1022 4178 1084 4233; x_wconf 81' lang='lat' dir='ltr'><strong>hoec</strong></span> <span class='ocrx_word' id='word_1_581' title='bbox 1099 4178 1195 4234; x_wconf 85' lang='lat' dir='ltr'><strong>divina</strong></span> <span class='ocrx_word' id='word_1_582' title='bbox 1215 4179 1323 4251; x_wconf 90' lang='lat' dir='ltr'><strong>juratio</strong></span> <span class='ocrx_word' id='word_1_583' title='bbox 1344 4185 1461 4234; x_wconf 89' lang='lat' dir='ltr'><strong>nonest</strong></span> <span class='ocrx_word' id='word_1_584' title='bbox 1483 4179 1561 4235; x_wconf 89' lang='lat' dir='ltr'><strong>aliud</strong></span> <span class='ocrx_word' id='word_1_585' title='bbox 1576 4180 1631 4234; x_wconf 92' lang='lat' dir='ltr'><strong>nisi</strong></span> <span class='ocrx_word' id='word_1_586' title='bbox 1644 4180 1748 4238; x_wconf 91' lang='lat' dir='ltr'><strong>immo·</strong></span> 
     </span>
     <span class='ocr_line' id='line_1_46' title="bbox 85 4253 1748 4345; baseline -0.002 -16"><span class='ocrx_word' id='word_1_587' title='bbox 85 4272 125 4345; x_wconf 75' lang='grc' dir='ltr'><strong>ιιι</strong></span> <span class='ocrx_word' id='word_1_588' title='bbox 136 4272 214 4328; x_wconf 88' lang='lat' dir='ltr'><strong>bona</strong></span> <span class='ocrx_word' id='word_1_589' title='bbox 237 4276 359 4341; x_wconf 91' lang='lat' dir='ltr'><strong>egerunt</strong></span> <span class='ocrx_word' id='word_1_590' title='bbox 373 4270 458 4325; x_wconf 89' lang='lat' dir='ltr'><strong>ibunt</strong></span> <span class='ocrx_word' id='word_1_591' title='bbox 469 4269 499 4323; x_wconf 95' lang='lat' dir='ltr'><strong>in</strong></span> <span class='ocrx_word' id='word_1_592' title='bbox 519 4270 606 4323; x_wconf 84' lang='lat' dir='ltr'><strong>vitam</strong></span> <span class='ocrx_word' id='word_1_593' title='bbox 622 4272 776 4336; x_wconf 80' lang='lat' dir='ltr'><strong>oeternam3</strong></span> <span class='ocrx_word' id='word_1_594' title='bbox 793 4268 844 4340; x_wconf 91' lang='lat' dir='ltr'><strong>qai</strong></span> <span class='ocrx_word' id='word_1_595' title='bbox 863 4253 966 4322; x_wconf 85' lang='lat' dir='ltr'><strong>Dbilis</strong></span> <span class='ocrx_word' id='word_1_596' title='bbox 980 4267 1093 4322; x_wconf 91' lang='lat' dir='ltr'><strong>consilii</strong></span> <span class='ocrx_word' id='word_1_597' title='bbox 1110 4267 1160 4322; x_wconf 87' lang='lat' dir='ltr'><strong>Dei</strong></span> <span class='ocrx_word' id='word_1_598' title='bbox 1184 4274 1292 4323; x_wconf 76' lang='lat' dir='ltr'><strong>aeterna</strong></span> <span class='ocrx_word' id='word_1_599' title='bbox 1312 4273 1341 4322; x_wconf 94' lang='lat' dir='ltr'><strong>et</strong></span> <span class='ocrx_word' id='word_1_600' title='bbox 1361 4267 1603 4323; x_wconf 88' lang='lat' dir='ltr'><strong>incommutabilis</strong></span> <span class='ocrx_word' id='word_1_601' title='bbox 1624 4271 1748 4340; x_wconf 74' lang='lat' dir='ltr'><strong>praedes·</strong></span> 
     </span>
     <span class='ocr_line' id='line_1_47' title="bbox 85 4354 1746 4430; baseline -0.001 -13"><span class='ocrx_word' id='word_1_602' title='bbox 85 4362 166 4428; x_wconf 84' lang='grc' dir='ltr'>ιιιι,</span> <span class='ocrx_word' id='word_1_603' title='bbox 194 4361 225 4415; x_wconf 89' lang='grc' dir='ltr'><strong>ιι</strong></span> <span class='ocrx_word' id='word_1_604' title='bbox 253 4361 351 4430; x_wconf 87' lang='lat' dir='ltr'><strong>ignem</strong></span> <span class='ocrx_word' id='word_1_605' title='bbox 375 4363 526 4415; x_wconf 83' lang='lat' dir='ltr'><strong>aeternam.</strong></span> <span class='ocrx_word' id='word_1_606' title='bbox 556 4354 585 4428; x_wconf 78' lang='lat' dir='ltr'><strong>a]</strong></span> <span class='ocrx_word' id='word_1_607' title='bbox 611 4355 755 4410; x_wconf 77' lang='lat' dir='ltr'><strong>Manifesta</strong></span> <span class='ocrx_word' id='word_1_608' title='bbox 776 4371 845 4426; x_wconf 89' lang='lat' dir='ltr'><strong>ergo</strong></span> <span class='ocrx_word' id='word_1_609' title='bbox 899 4355 1010 4410; x_wconf 88' lang='grc' dir='ltr'>ιιιιιιο.</span> <span class='ocrx_word' id='word_1_610' title='bbox 1029 4356 1746 4427; x_wconf 82' lang='lat' dir='ltr'><strong>DequoimmobiliconsilioDeidicitPsalmista:</strong></span> 
     </span>
     <span class='ocr_line' id='line_1_48' title="bbox 92 4442 1749 4521; baseline -0.002 -14"><span class='ocrx_word' id='word_1_611' title='bbox 92 4452 127 4507; x_wconf 92' lang='lat' dir='ltr'><strong>de</strong></span> <span class='ocrx_word' id='word_1_612' title='bbox 143 4454 263 4521; x_wconf 86' lang='lat' dir='ltr'><strong>utraque</strong></span> <span class='ocrx_word' id='word_1_613' title='bbox 278 4453 369 4518; x_wconf 89' lang='lat' dir='ltr'><strong>parte,</strong></span> <span class='ocrx_word' id='word_1_614' title='bbox 387 4453 444 4503; x_wconf 89' lang='lat' dir='ltr'><strong>tam</strong></span> <span class='ocrx_word' id='word_1_615' title='bbox 464 4445 621 4501; x_wconf 86' lang='lat' dir='ltr'><strong>electorum</strong></span> <span class='ocrx_word' id='word_1_616' title='bbox 636 4461 724 4516; x_wconf 89' lang='lat' dir='ltr'><strong>quam</strong></span> <span class='ocrx_word' id='word_1_617' title='bbox 740 4460 844 4515; x_wconf 92' lang='lat' dir='ltr'><strong>repro·</strong></span> <span class='ocrx_word' id='word_1_618' title='bbox 900 4442 1089 4498; x_wconf 69' lang='lat' dir='ltr'><strong>«Consilium</strong></span> <span class='ocrx_word' id='word_1_619' title='bbox 1111 4450 1207 4499; x_wconf 89' lang='lat' dir='ltr'><strong>autem</strong></span> <span class='ocrx_word' id='word_1_620' title='bbox 1224 4444 1338 4499; x_wconf 84' lang='lat' dir='ltr'><strong>Domini</strong></span> <span class='ocrx_word' id='word_1_621' title='bbox 1358 4445 1389 4498; x_wconf 93' lang='lat' dir='ltr'><strong>in</strong></span> <span class='ocrx_word' id='word_1_622' title='bbox 1412 4450 1552 4515; x_wconf 79' lang='lat' dir='ltr'><strong>eternam</strong></span> <span class='ocrx_word' id='word_1_623' title='bbox 1572 4451 1688 4515; x_wconf 77' lang='lat' dir='ltr'><strong>manet3</strong></span> <span class='ocrx_word' id='word_1_624' title='bbox 1704 4464 1749 4504; x_wconf 90' lang='lat' dir='ltr'><strong>co·</strong></span> 
     </span>
     <span class='ocr_line' id='line_1_49' title="bbox 85 4531 1748 4607; baseline -0.002 -13"><span class='ocrx_word' id='word_1_625' title='bbox 85 4555 112 4607; x_wconf 91' lang='lat' dir='ltr'><strong>n,</strong></span> <span class='ocrx_word' id='word_1_626' title='bbox 128 4539 175 4594; x_wconf 94' lang='lat' dir='ltr'><strong>hic</strong></span> <span class='ocrx_word' id='word_1_627' title='bbox 190 4538 370 4603; x_wconf 89' lang='lat' dir='ltr'><strong>confitemur,</strong></span> <span class='ocrx_word' id='word_1_628' title='bbox 386 4539 592 4606; x_wconf 88' lang='lat' dir='ltr'><strong>utramqueest</strong></span> <span class='ocrx_word' id='word_1_629' title='bbox 606 4549 714 4598; x_wconf 87' lang='lat' dir='ltr'><strong>varum,</strong></span> <span class='ocrx_word' id='word_1_630' title='bbox 732 4538 844 4588; x_wconf 91' lang='lat' dir='ltr'><strong>utrum·</strong></span> <span class='ocrx_word' id='word_1_631' title='bbox 899 4531 1056 4602; x_wconf 89' lang='lat' dir='ltr'><strong>gitatienes</strong></span> <span class='ocrx_word' id='word_1_632' title='bbox 1070 4532 1164 4586; x_wconf 91' lang='lat' dir='ltr'><strong>cordis</strong></span> <span class='ocrx_word' id='word_1_633' title='bbox 1180 4532 1242 4603; x_wconf 87' lang='lat' dir='ltr'><strong>ejas</strong></span> <span class='ocrx_word' id='word_1_634' title='bbox 1264 4533 1295 4586; x_wconf 93' lang='lat' dir='ltr'><strong>in</strong></span> <span class='ocrx_word' id='word_1_635' title='bbox 1310 4533 1495 4602; x_wconf 88' lang='lat' dir='ltr'><strong>generatione</strong></span> <span class='ocrx_word' id='word_1_636' title='bbox 1516 4539 1545 4589; x_wconf 91' lang='lat' dir='ltr'><strong>et</strong></span> <span class='ocrx_word' id='word_1_637' title='bbox 1561 4536 1748 4606; x_wconf 87' lang='lat' dir='ltr'><strong>generatione</strong></span> 
     </span>
     <span class='ocr_line' id='line_1_50' title="bbox 85 4619 1748 4696; baseline -0.002 -14"><span class='ocrx_word' id='word_1_638' title='bbox 85 4631 189 4696; x_wconf 85' lang='lat' dir='ltr'><strong>natum,</strong></span> <span class='ocrx_word' id='word_1_639' title='bbox 200 4632 356 4696; x_wconf 89' lang='lat' dir='ltr'><strong>utrumque</strong></span> <span class='ocrx_word' id='word_1_640' title='bbox 369 4624 399 4678; x_wconf 92' lang='lat' dir='ltr'><strong>in</strong></span> <span class='ocrx_word' id='word_1_641' title='bbox 417 4629 525 4679; x_wconf 79' lang='lat' dir='ltr'><strong>eterno</strong></span> <span class='ocrx_word' id='word_1_642' title='bbox 541 4627 569 4677; x_wconf 90' lang='grc' dir='ltr'><strong>ιι</strong></span> <span class='ocrx_word' id='word_1_643' title='bbox 580 4622 658 4693; x_wconf 84' lang='lat' dir='ltr'><strong>justo</strong></span> <span class='ocrx_word' id='word_1_644' title='bbox 674 4620 725 4676; x_wconf 80' lang='lat' dir='ltr'><strong>itai</strong></span> <span class='ocrx_word' id='word_1_645' title='bbox 734 4620 843 4691; x_wconf 86' lang='lat' dir='ltr'><strong>judicio</strong></span> <span class='ocrx_word' id='word_1_646' title='bbox 898 4619 985 4690; x_wconf 84' lang='lat' dir='ltr'><strong>(Psal.</strong></span> <span class='ocrx_word' id='word_1_647' title='bbox 1002 4634 1087 4686; x_wconf 83' lang='lat' dir='ltr'><strong>xxxa,</strong></span> <span class='ocrx_word' id='word_1_648' title='bbox 1104 4621 1160 4689; x_wconf 89' lang='lat' dir='ltr'><strong>ll).</strong></span> <span class='ocrx_word' id='word_1_649' title='bbox 1175 4640 1189 4668; x_wconf 75' lang='lat' dir='ltr'><strong>a</strong></span> <span class='ocrx_word' id='word_1_650' title='bbox 1208 4621 1241 4674; x_wconf 86' lang='lat' dir='ltr'><strong>Et</strong></span> <span class='ocrx_word' id='word_1_651' title='bbox 1263 4619 1325 4689; x_wconf 90' lang='lat' dir='ltr'><strong>ipse</strong></span> <span class='ocrx_word' id='word_1_652' title='bbox 1349 4619 1485 4674; x_wconf 83' lang='lat' dir='ltr'><strong>[lominus</strong></span> <span class='ocrx_word' id='word_1_653' title='bbox 1499 4637 1553 4692; x_wconf 89' lang='lat' dir='ltr'><strong>per</strong></span> <span class='ocrx_word' id='word_1_654' title='bbox 1569 4623 1671 4678; x_wconf 88' lang='lat' dir='ltr'><strong>isaiam</strong></span> <span class='ocrx_word' id='word_1_655' title='bbox 1693 4628 1748 4679; x_wconf 87' lang='lat' dir='ltr'><strong>tas·</strong></span> 
     </span>
     <span class='ocr_line' id='line_1_51' title="bbox 85 4707 1747 4782; baseline -0.001 -13"><span class='ocrx_word' id='word_1_656' title='bbox 85 4715 240 4769; x_wconf 77' lang='lat' dir='ltr'><strong>astinetum.</strong></span> <span class='ocrx_word' id='word_1_657' title='bbox 257 4713 327 4768; x_wconf 85' lang='lat' dir='ltr'><strong>Nam</strong></span> <span class='ocrx_word' id='word_1_658' title='bbox 340 4712 364 4766; x_wconf 91' lang='lat' dir='ltr'><strong>si</strong></span> <span class='ocrx_word' id='word_1_659' title='bbox 379 4727 436 4766; x_wconf 91' lang='lat' dir='ltr'><strong>non</strong></span> <span class='ocrx_word' id='word_1_660' title='bbox 452 4715 494 4765; x_wconf 90' lang='lat' dir='ltr'><strong>est</strong></span> <span class='ocrx_word' id='word_1_661' title='bbox 506 4709 754 4782; x_wconf 78' lang='lat' dir='ltr'><strong>predestinatum,</strong></span> <span class='ocrx_word' id='word_1_662' title='bbox 772 4724 844 4779; x_wconf 87' lang='lat' dir='ltr'><strong>qao·</strong></span> <span class='ocrx_word' id='word_1_663' title='bbox 898 4713 976 4763; x_wconf 88' lang='lat' dir='ltr'><strong>tetur</strong></span> <span class='ocrx_word' id='word_1_664' title='bbox 992 4724 999 4763; x_wconf 90' lang='lat'><strong>:</strong></span> <span class='ocrx_word' id='word_1_665' title='bbox 1017 4726 1032 4759; x_wconf 78' lang='lat' dir='ltr'><strong>a</strong></span> <span class='ocrx_word' id='word_1_666' title='bbox 1047 4707 1205 4764; x_wconf 88' lang='lat' dir='ltr'><strong>Consilium</strong></span> <span class='ocrx_word' id='word_1_667' title='bbox 1229 4724 1326 4763; x_wconf 87' lang='lat' dir='ltr'><strong>meum</strong></span> <span class='ocrx_word' id='word_1_668' title='bbox 1342 4708 1439 4778; x_wconf 85' lang='lat' dir='ltr'><strong>stabit,</strong></span> <span class='ocrx_word' id='word_1_669' title='bbox 1461 4714 1490 4765; x_wconf 91' lang='lat' dir='ltr'><strong>et</strong></span> <span class='ocrx_word' id='word_1_670' title='bbox 1505 4711 1599 4766; x_wconf 90' lang='lat' dir='ltr'><strong>omnis</strong></span> <span class='ocrx_word' id='word_1_671' title='bbox 1615 4712 1747 4767; x_wconf 87' lang='lat' dir='ltr'><strong>voluntas</strong></span> 
     </span>
     <span class='ocr_line' id='line_1_52' title="bbox 99 4796 1749 4871; baseline -0.002 -13"><span class='ocrx_word' id='word_1_672' title='bbox 99 4803 154 4858; x_wconf 88' lang='lat' dir='ltr'><strong>boc</strong></span> <span class='ocrx_word' id='word_1_673' title='bbox 169 4807 228 4857; x_wconf 89' lang='lat' dir='ltr'><strong>tam</strong></span> <span class='ocrx_word' id='word_1_674' title='bbox 243 4800 365 4855; x_wconf 89' lang='lat' dir='ltr'><strong>firmiter</strong></span> <span class='ocrx_word' id='word_1_675' title='bbox 388 4799 541 4865; x_wconf 91' lang='lat' dir='ltr'><strong>credimus,</strong></span> <span class='ocrx_word' id='word_1_676' title='bbox 568 4804 626 4854; x_wconf 85' lang='lat' dir='ltr'><strong>tam</strong></span> <span class='ocrx_word' id='word_1_677' title='bbox 647 4797 846 4853; x_wconf 80' lang='lat' dir='ltr'><strong>indubitanter</strong></span> <span class='ocrx_word' id='word_1_678' title='bbox 899 4813 963 4851; x_wconf 89' lang='lat' dir='ltr'><strong>mea</strong></span> <span class='ocrx_word' id='word_1_679' title='bbox 980 4797 1031 4851; x_wconf 89' lang='lat' dir='ltr'><strong>liet</strong></span> <span class='ocrx_word' id='word_1_680' title='bbox 1044 4796 1110 4866; x_wconf 79' lang='lat' dir='ltr'><strong>(lca.</strong></span> <span class='ocrx_word' id='word_1_681' title='bbox 1126 4811 1201 4860; x_wconf 84' lang='grc' dir='ltr'>ιιιι,</span> <span class='ocrx_word' id='word_1_682' title='bbox 1220 4798 1272 4865; x_wconf 80' lang='grc'>10).</span> <span class='ocrx_word' id='word_1_683' title='bbox 1289 4818 1304 4846; x_wconf 91' lang='lat'>»</span> <span class='ocrx_word' id='word_1_684' title='bbox 1328 4796 1357 4851; x_wconf 87' lang='lat' dir='ltr'><strong>Si</strong></span> <span class='ocrx_word' id='word_1_685' title='bbox 1379 4813 1448 4869; x_wconf 91' lang='lat' dir='ltr'><strong>ergo</strong></span> <span class='ocrx_word' id='word_1_686' title='bbox 1471 4798 1518 4853; x_wconf 88' lang='lat' dir='ltr'><strong>hie</strong></span> <span class='ocrx_word' id='word_1_687' title='bbox 1534 4815 1586 4870; x_wconf 91' lang='lat' dir='ltr'><strong>per</strong></span> <span class='ocrx_word' id='word_1_688' title='bbox 1602 4800 1653 4853; x_wconf 86' lang='lat' dir='ltr'><strong>Dei</strong></span> <span class='ocrx_word' id='word_1_689' title='bbox 1668 4799 1749 4871; x_wconf 86' lang='lat' dir='ltr'><strong>jura·</strong></span> 
     </span>
     <span class='ocr_line' id='line_1_53' title="bbox 85 4885 1746 4959; baseline -0.003 -12"><span class='ocrx_word' id='word_1_690' title='bbox 85 4907 168 4947; x_wconf 90' lang='lat' dir='ltr'><strong>emur</strong></span> <span class='ocrx_word' id='word_1_691' title='bbox 181 4890 332 4946; x_wconf 78' lang='lat' dir='ltr'><strong>laturam?</strong></span> <span class='ocrx_word' id='word_1_692' title='bbox 347 4888 381 4944; x_wconf 92' lang='lat' dir='ltr'><strong>Se</strong></span> <span class='ocrx_word' id='word_1_693' title='bbox 403 4888 501 4959; x_wconf 89' lang='lat' dir='ltr'><strong>igitur,</strong></span> <span class='ocrx_word' id='word_1_694' title='bbox 521 4892 553 4942; x_wconf 91' lang='lat' dir='ltr'><strong>ut</strong></span> <span class='ocrx_word' id='word_1_695' title='bbox 574 4887 635 4958; x_wconf 90' lang='lat' dir='ltr'><strong>jam</strong></span> <span class='ocrx_word' id='word_1_696' title='bbox 656 4885 765 4941; x_wconf 89' lang='lat' dir='ltr'><strong>dictum</strong></span> <span class='ocrx_word' id='word_1_697' title='bbox 791 4888 843 4953; x_wconf 89' lang='lat' dir='ltr'><strong>est,</strong></span> <span class='ocrx_word' id='word_1_698' title='bbox 898 4885 1007 4941; x_wconf 89' lang='lat' dir='ltr'><strong>tionem</strong></span> <span class='ocrx_word' id='word_1_699' title='bbox 1024 4885 1060 4941; x_wconf 86' lang='lat' dir='ltr'><strong>ad</strong></span> <span class='ocrx_word' id='word_1_700' title='bbox 1078 4886 1223 4941; x_wconf 82' lang='lat' dir='ltr'><strong>Abraham</strong></span> <span class='ocrx_word' id='word_1_701' title='bbox 1246 4885 1351 4940; x_wconf 87' lang='lat' dir='ltr'><strong>factam</strong></span> <span class='ocrx_word' id='word_1_702' title='bbox 1377 4886 1497 4942; x_wconf 90' lang='lat' dir='ltr'><strong>docente</strong></span> <span class='ocrx_word' id='word_1_703' title='bbox 1515 4888 1653 4958; x_wconf 71' lang='lat' dir='ltr'><strong>apostolo</strong></span> <span class='ocrx_word' id='word_1_704' title='bbox 1669 4888 1746 4959; x_wconf 80' lang='lat' dir='ltr'><strong>(fieb.</strong></span> 
     </span>
     <span class='ocr_line' id='line_1_54' title="bbox 85 4971 1748 5052; baseline -0.001 -17"><span class='ocrx_word' id='word_1_705' title='bbox 85 4979 196 5052; x_wconf 66' lang='lat' dir='ltr'><strong>[nisque</strong></span> <span class='ocrx_word' id='word_1_706' title='bbox 219 4979 289 5034; x_wconf 91' lang='lat' dir='ltr'><strong>dum</strong></span> <span class='ocrx_word' id='word_1_707' title='bbox 317 4978 437 5032; x_wconf 79' lang='lat' dir='ltr'><strong>facultas</strong></span> <span class='ocrx_word' id='word_1_708' title='bbox 463 4975 558 5041; x_wconf 91' lang='lat' dir='ltr'><strong>datur,</strong></span> <span class='ocrx_word' id='word_1_709' title='bbox 588 4977 645 5030; x_wconf 80' lang='lat' dir='ltr'><strong>lieo</strong></span> <span class='ocrx_word' id='word_1_710' title='bbox 676 4973 844 5041; x_wconf 86' lang='lat' dir='ltr'><strong>auxiliante,</strong></span> <span class='ocrx_word' id='word_1_711' title='bbox 899 4989 936 5039; x_wconf 84' lang='lat' dir='ltr'><strong>vr,</strong></span> <span class='ocrx_word' id='word_1_712' title='bbox 955 4972 997 5044; x_wconf 82' lang='grc' dir='ltr'><strong>Π)</strong></span> <span class='ocrx_word' id='word_1_713' title='bbox 1014 4992 1029 5022; x_wconf 81' lang='grc' dir='ltr'><strong>ι</strong></span> <span class='ocrx_word' id='word_1_714' title='bbox 1044 4971 1277 5028; x_wconf 89' lang='lat' dir='ltr'><strong>immobilitatem</strong></span> <span class='ocrx_word' id='word_1_715' title='bbox 1291 4974 1414 5040; x_wconf 91' lang='lat' dir='ltr'><strong>consilii,</strong></span> <span class='ocrx_word' id='word_1_716' title='bbox 1431 4973 1488 5028; x_wconf 83' lang='lat' dir='ltr'><strong>»id</strong></span> <span class='ocrx_word' id='word_1_717' title='bbox 1506 4979 1549 5029; x_wconf 89' lang='lat' dir='ltr'><strong>est</strong></span> <span class='ocrx_word' id='word_1_718' title='bbox 1563 4976 1748 5046; x_wconf 81' lang='lat' dir='ltr'><strong>pradestina-</strong></span> 
     </span>
     <span class='ocr_line' id='line_1_55' title="bbox 85 5060 1748 5136; baseline -0.001 -12"><span class='ocrx_word' id='word_1_719' title='bbox 85 5069 138 5124; x_wconf 74' lang='grc' dir='ltr'>’,ιι</span> <span class='ocrx_word' id='word_1_720' title='bbox 161 5067 274 5123; x_wconf 88' lang='lat' dir='ltr'><strong>melius.</strong></span> <span class='ocrx_word' id='word_1_721' title='bbox 302 5068 358 5122; x_wconf 90' lang='lat' dir='ltr'><strong>lloc</strong></span> <span class='ocrx_word' id='word_1_722' title='bbox 382 5065 460 5119; x_wconf 92' lang='lat' dir='ltr'><strong>enim</strong></span> <span class='ocrx_word' id='word_1_723' title='bbox 484 5063 584 5134; x_wconf 90' lang='lat' dir='ltr'><strong>procul</strong></span> <span class='ocrx_word' id='word_1_724' title='bbox 605 5061 846 5134; x_wconf 83' lang='lat' dir='ltr'><strong>dubiovult,qui</strong></span> <span class='ocrx_word' id='word_1_725' title='bbox 899 5060 987 5116; x_wconf 90' lang='lat' dir='ltr'><strong>tionis</strong></span> <span class='ocrx_word' id='word_1_726' title='bbox 1009 5061 1080 5132; x_wconf 88' lang='lat' dir='ltr'><strong>ejus,</strong></span> <span class='ocrx_word' id='word_1_727' title='bbox 1104 5060 1318 5133; x_wconf 89' lang='lat' dir='ltr'><strong>intelligimus:</strong></span> <span class='ocrx_word' id='word_1_728' title='bbox 1342 5062 1383 5116; x_wconf 86' lang='lat' dir='ltr'><strong>ita</strong></span> <span class='ocrx_word' id='word_1_729' title='bbox 1407 5065 1435 5118; x_wconf 89' lang='lat' dir='ltr'><strong>et</strong></span> <span class='ocrx_word' id='word_1_730' title='bbox 1458 5061 1499 5116; x_wconf 91' lang='lat' dir='ltr'><strong>ibi</strong></span> <span class='ocrx_word' id='word_1_731' title='bbox 1514 5061 1679 5136; x_wconf 88' lang='lat' dir='ltr'><strong>intelligere</strong></span> <span class='ocrx_word' id='word_1_732' title='bbox 1701 5066 1748 5121; x_wconf 88' lang='lat' dir='ltr'><strong>ds-</strong></span> 
     </span>
     <span class='ocr_line' id='line_1_56' title="bbox 85 5149 1748 5225; baseline -0.002 -12"><span class='ocrx_word' id='word_1_733' title='bbox 85 5157 125 5214; x_wconf 92' lang='lat' dir='ltr'><strong>lie</strong></span> <span class='ocrx_word' id='word_1_734' title='bbox 140 5157 243 5212; x_wconf 87' lang='lat' dir='ltr'><strong>clamat</strong></span> <span class='ocrx_word' id='word_1_735' title='bbox 256 5161 285 5210; x_wconf 90' lang='lat' dir='ltr'><strong>et</strong></span> <span class='ocrx_word' id='word_1_736' title='bbox 300 5155 445 5221; x_wconf 87' lang='lat' dir='ltr'><strong>admonet,</strong></span> <span class='ocrx_word' id='word_1_737' title='bbox 461 5152 573 5208; x_wconf 87' lang='lat' dir='ltr'><strong>dicens:</strong></span> <span class='ocrx_word' id='word_1_738' title='bbox 591 5170 605 5202; x_wconf 82' lang='lat' dir='ltr'><strong>s</strong></span> <span class='ocrx_word' id='word_1_739' title='bbox 624 5151 737 5206; x_wconf 85' lang='lat' dir='ltr'><strong>llecline</strong></span> <span class='ocrx_word' id='word_1_740' title='bbox 753 5166 845 5205; x_wconf 89' lang='lat' dir='ltr'><strong>ama·</strong></span> <span class='ocrx_word' id='word_1_741' title='bbox 899 5151 1011 5217; x_wconf 91' lang='lat' dir='ltr'><strong>bemus,</strong></span> <span class='ocrx_word' id='word_1_742' title='bbox 1034 5149 1082 5204; x_wconf 92' lang='lat' dir='ltr'><strong>ubi</strong></span> <span class='ocrx_word' id='word_1_743' title='bbox 1109 5150 1144 5205; x_wconf 90' lang='lat' dir='ltr'><strong>de</strong></span> <span class='ocrx_word' id='word_1_744' title='bbox 1171 5155 1279 5206; x_wconf 76' lang='lat' dir='ltr'><strong>aeterno</strong></span> <span class='ocrx_word' id='word_1_745' title='bbox 1296 5151 1401 5206; x_wconf 84' lang='lat' dir='ltr'><strong>Christi</strong></span> <span class='ocrx_word' id='word_1_746' title='bbox 1426 5152 1586 5208; x_wconf 86' lang='lat' dir='ltr'><strong>sacerdotio</strong></span> <span class='ocrx_word' id='word_1_747' title='bbox 1608 5155 1683 5209; x_wconf 85' lang='lat' dir='ltr'><strong>Dens</strong></span> <span class='ocrx_word' id='word_1_748' title='bbox 1701 5157 1748 5225; x_wconf 86' lang='lat' dir='ltr'><strong>ja-</strong></span> 
     </span>
     <span class='ocr_line' id='line_1_57' title="bbox 92 5237 1748 5311; baseline -0.002 -9"><span class='ocrx_word' id='word_1_749' title='bbox 92 5247 137 5302; x_wconf 89' lang='lat' dir='ltr'><strong>fac</strong></span> <span class='ocrx_word' id='word_1_750' title='bbox 152 5246 260 5301; x_wconf 91' lang='lat' dir='ltr'><strong>bouum</strong></span> <span class='ocrx_word' id='word_1_751' title='bbox 275 5245 328 5311; x_wconf 83' lang='grc' dir='ltr'>(Ρι.</span> <span class='ocrx_word' id='word_1_752' title='bbox 345 5242 513 5311; x_wconf 75' lang='lat' dir='ltr'><strong>xxxv1,27);</strong></span> <span class='ocrx_word' id='word_1_753' title='bbox 533 5259 548 5292; x_wconf 79' lang='grc' dir='ltr'><strong>ι</strong></span> <span class='ocrx_word' id='word_1_754' title='bbox 563 5239 727 5294; x_wconf 88' lang='lat' dir='ltr'><strong>etiterum:</strong></span> <span class='ocrx_word' id='word_1_755' title='bbox 742 5258 756 5287; x_wconf 80' lang='grc' dir='ltr'><strong>ι</strong></span> <span class='ocrx_word' id='word_1_756' title='bbox 771 5238 844 5293; x_wconf 80' lang='lat' dir='ltr'><strong>Con·</strong></span> <span class='ocrx_word' id='word_1_757' title='bbox 898 5255 976 5294; x_wconf 88' lang='lat' dir='ltr'><strong>resse</strong></span> <span class='ocrx_word' id='word_1_758' title='bbox 999 5237 1201 5306; x_wconf 89' lang='lat' dir='ltr'><strong>introducitur,</strong></span> <span class='ocrx_word' id='word_1_759' title='bbox 1226 5240 1338 5294; x_wconf 92' lang='lat' dir='ltr'><strong>dicente</strong></span> <span class='ocrx_word' id='word_1_760' title='bbox 1355 5239 1507 5294; x_wconf 87' lang='lat' dir='ltr'><strong>Psalmista</strong></span> <span class='ocrx_word' id='word_1_761' title='bbox 1523 5257 1529 5294; x_wconf 94' lang='lat'><strong>:</strong></span> <span class='ocrx_word' id='word_1_762' title='bbox 1546 5263 1560 5291; x_wconf 90' lang='lat'>«</span> <span class='ocrx_word' id='word_1_763' title='bbox 1573 5241 1682 5297; x_wconf 79' lang='lat' dir='ltr'><strong>iuravit</strong></span> <span class='ocrx_word' id='word_1_764' title='bbox 1695 5244 1748 5298; x_wconf 89' lang='lat' dir='ltr'><strong>Do·</strong></span> 
     </span>
     <span class='ocr_line' id='line_1_58' title="bbox 85 5325 1749 5399; baseline -0.001 -10"><span class='ocrx_word' id='word_1_765' title='bbox 85 5334 192 5390; x_wconf 90' lang='lat' dir='ltr'><strong>niniad</strong></span> <span class='ocrx_word' id='word_1_766' title='bbox 215 5350 272 5397; x_wconf 90' lang='lat' dir='ltr'><strong>me,</strong></span> <span class='ocrx_word' id='word_1_767' title='bbox 289 5336 318 5387; x_wconf 89' lang='lat' dir='ltr'><strong>et</strong></span> <span class='ocrx_word' id='word_1_768' title='bbox 330 5335 480 5386; x_wconf 85' lang='lat' dir='ltr'><strong>convertar</strong></span> <span class='ocrx_word' id='word_1_769' title='bbox 495 5328 530 5384; x_wconf 88' lang='lat' dir='ltr'><strong>ad</strong></span> <span class='ocrx_word' id='word_1_770' title='bbox 545 5344 604 5397; x_wconf 89' lang='lat' dir='ltr'><strong>vos,</strong></span> <span class='ocrx_word' id='word_1_771' title='bbox 620 5326 689 5382; x_wconf 91' lang='lat' dir='ltr'><strong>dicit</strong></span> <span class='ocrx_word' id='word_1_772' title='bbox 704 5325 845 5381; x_wconf 83' lang='lat' dir='ltr'><strong>Dominus</strong></span> <span class='ocrx_word' id='word_1_773' title='bbox 900 5327 1005 5394; x_wconf 87' lang='lat' dir='ltr'><strong>minus,</strong></span> <span class='ocrx_word' id='word_1_774' title='bbox 1028 5331 1057 5382; x_wconf 90' lang='lat' dir='ltr'><strong>et</strong></span> <span class='ocrx_word' id='word_1_775' title='bbox 1082 5343 1142 5383; x_wconf 93' lang='lat' dir='ltr'><strong>non</strong></span> <span class='ocrx_word' id='word_1_776' title='bbox 1164 5327 1313 5399; x_wconf 70' lang='lat' dir='ltr'><strong>paenitebit</strong></span> <span class='ocrx_word' id='word_1_777' title='bbox 1335 5343 1402 5381; x_wconf 91' lang='lat' dir='ltr'><strong>eum</strong></span> <span class='ocrx_word' id='word_1_778' title='bbox 1421 5343 1427 5382; x_wconf 95' lang='lat'>:</span> <span class='ocrx_word' id='word_1_779' title='bbox 1444 5328 1484 5382; x_wconf 88' lang='lat' dir='ltr'><strong>Ta</strong></span> <span class='ocrx_word' id='word_1_780' title='bbox 1509 5344 1539 5383; x_wconf 92' lang='lat' dir='ltr'><strong>es</strong></span> <span class='ocrx_word' id='word_1_781' title='bbox 1561 5331 1695 5387; x_wconf 87' lang='lat' dir='ltr'><strong>sacerdos</strong></span> <span class='ocrx_word' id='word_1_782' title='bbox 1718 5330 1749 5388; x_wconf 92' lang='lat' dir='ltr'><strong>in</strong></span> 
     </span>
     <span class='ocr_line' id='line_1_59' title="bbox 85 5415 1748 5491; baseline -0.001 -13"><span class='ocrx_word' id='word_1_783' title='bbox 85 5424 176 5480; x_wconf 86' lang='lat' dir='ltr'><strong>ituum</strong></span> <span class='ocrx_word' id='word_1_784' title='bbox 188 5423 283 5487; x_wconf 79' lang='lat' dir='ltr'><strong>(lach.</strong></span> <span class='ocrx_word' id='word_1_785' title='bbox 299 5437 318 5489; x_wconf 90' lang='lat'><strong>1,</strong></span> <span class='ocrx_word' id='word_1_786' title='bbox 335 5423 375 5491; x_wconf 86' lang='grc'><strong>3).</strong></span> <span class='ocrx_word' id='word_1_787' title='bbox 392 5442 407 5469; x_wconf 88' lang='lat'>»</span> <span class='ocrx_word' id='word_1_788' title='bbox 419 5419 490 5474; x_wconf 86' lang='lat' dir='ltr'><strong>Nem</strong></span> <span class='ocrx_word' id='word_1_789' title='bbox 505 5417 537 5471; x_wconf 93' lang='lat' dir='ltr'><strong>in</strong></span> <span class='ocrx_word' id='word_1_790' title='bbox 549 5416 609 5482; x_wconf 92' lang='lat' dir='ltr'><strong>illo,</strong></span> <span class='ocrx_word' id='word_1_791' title='bbox 630 5436 645 5466; x_wconf 81' lang='grc' dir='ltr'><strong>ι</strong></span> <span class='ocrx_word' id='word_1_792' title='bbox 660 5415 743 5486; x_wconf 74' lang='lat' dir='ltr'><strong>Apud</strong></span> <span class='ocrx_word' id='word_1_793' title='bbox 758 5430 845 5485; x_wconf 89' lang='lat' dir='ltr'><strong>quem</strong></span> <span class='ocrx_word' id='word_1_794' title='bbox 899 5419 1040 5471; x_wconf 79' lang='lat' dir='ltr'><strong>cateruam</strong></span> <span class='ocrx_word' id='word_1_795' title='bbox 1059 5416 1217 5471; x_wconf 89' lang='lat' dir='ltr'><strong>secundnm</strong></span> <span class='ocrx_word' id='word_1_796' title='bbox 1237 5415 1370 5470; x_wconf 90' lang='lat' dir='ltr'><strong>ordinem</strong></span> <span class='ocrx_word' id='word_1_797' title='bbox 1393 5415 1600 5473; x_wconf 83' lang='lat' dir='ltr'><strong>Melchisedech</strong></span> <span class='ocrx_word' id='word_1_798' title='bbox 1619 5419 1674 5490; x_wconf 84' lang='lat' dir='ltr'><strong>(Pe.</strong></span> <span class='ocrx_word' id='word_1_799' title='bbox 1690 5437 1748 5491; x_wconf 85' lang='lat' dir='ltr'><strong>arx,</strong></span> 
     </span>
     <span class='ocr_line' id='line_1_60' title="bbox 85 5503 1748 5578; baseline 0 -10"><span class='ocrx_word' id='word_1_800' title='bbox 85 5516 126 5568; x_wconf 91' lang='lat' dir='ltr'><strong>est</strong></span> <span class='ocrx_word' id='word_1_801' title='bbox 147 5510 361 5578; x_wconf 83' lang='lat' dir='ltr'><strong>transmutatio,</strong></span> <span class='ocrx_word' id='word_1_802' title='bbox 383 5525 436 5567; x_wconf 89' lang='lat' dir='ltr'><strong>nec</strong></span> <span class='ocrx_word' id='word_1_803' title='bbox 458 5503 663 5563; x_wconf 87' lang='lat' dir='ltr'><strong>vicissitudinis</strong></span> <span class='ocrx_word' id='word_1_804' title='bbox 690 5503 845 5560; x_wconf 90' lang='lat' dir='ltr'><strong>obumbra·</strong></span> <span class='ocrx_word' id='word_1_805' title='bbox 898 5505 940 5576; x_wconf 80' lang='lat'><strong>4);</strong></span> <span class='ocrx_word' id='word_1_806' title='bbox 955 5525 971 5554; x_wconf 78' lang='lat' dir='ltr'><strong>a</strong></span> <span class='ocrx_word' id='word_1_807' title='bbox 983 5507 1012 5560; x_wconf 90' lang='grc' dir='ltr'><strong>ιι</strong></span> <span class='ocrx_word' id='word_1_808' title='bbox 1023 5504 1074 5560; x_wconf 91' lang='lat' dir='ltr'><strong>ubi</strong></span> <span class='ocrx_word' id='word_1_809' title='bbox 1088 5505 1192 5561; x_wconf 89' lang='lat' dir='ltr'><strong>iterum</strong></span> <span class='ocrx_word' id='word_1_810' title='bbox 1211 5504 1242 5559; x_wconf 93' lang='lat' dir='ltr'><strong>in</strong></span> <span class='ocrx_word' id='word_1_811' title='bbox 1260 5504 1373 5560; x_wconf 88' lang='lat' dir='ltr'><strong>Psalmo</strong></span> <span class='ocrx_word' id='word_1_812' title='bbox 1387 5504 1422 5561; x_wconf 92' lang='lat' dir='ltr'><strong>de</strong></span> <span class='ocrx_word' id='word_1_813' title='bbox 1437 5505 1630 5578; x_wconf 86' lang='lat' dir='ltr'><strong>promissione</strong></span> <span class='ocrx_word' id='word_1_814' title='bbox 1645 5510 1697 5566; x_wconf 86' lang='lat' dir='ltr'><strong>llei</strong></span> <span class='ocrx_word' id='word_1_815' title='bbox 1710 5511 1748 5568; x_wconf 89' lang='lat' dir='ltr'><strong>ad</strong></span> 
     </span>
    </p>
   </div>
   <div class='ocr_carea' id='block_1_4' title="bbox 1165 4039 1478 4108">
    <p class='ocr_par' dir='ltr' id='par_1_4' title="bbox 1165 4039 1478 4108">
     <span class='ocr_line' id='line_1_61' title="bbox 1165 4039 1478 4108; baseline -0.013 -14"><span class='ocrx_word' id='word_1_816' title='bbox 1165 4041 1204 4094; x_wconf 87' lang='lat' dir='ltr'><strong>De</strong></span> <span class='ocrx_word' id='word_1_817' title='bbox 1218 4039 1314 4094; x_wconf 80' lang='lat' dir='ltr'><strong>diuina</strong></span> <span class='ocrx_word' id='word_1_818' title='bbox 1327 4039 1478 4108; x_wconf 82' lang='lat' dir='ltr'><strong>juratione.</strong></span> 
     </span>
    </p>
   </div>
   <div class='ocr_carea' id='block_1_5' title="bbox 0 0 1970 6098">
    <p class='ocr_par' dir='ltr' id='par_1_5' title="bbox 0 0 1970 6098">
     <span class='ocr_line' id='line_1_62' title="bbox 0 0 1970 6098; baseline 0 0"><span class='ocrx_word' id='word_1_819' title='bbox 0 0 1970 6098; x_wconf 95' lang='lat' dir='ltr'><strong> </strong></span> 
     </span>
    </p>
   </div>
  </div>
 </body>
</html>
