3930 6098
106 247 173 300 roae
668 242 695 297 s.
716 241 854 298 aaaron
874 243 1109 301 nuoouususrs
1128 242 1281 299 mrsuorr
1468 218 1471 223 ’
1787 244 1847 297 roas

103 380 252 436 nemiuem
267 383 377 446 netum,
395 377 451 432 uisi
465 376 650 431 damnatione
665 377 797 441 detineri,
814 379 843 431 et
857 375 948 431 nemi·
968 379 992 432 Α
1043 378 1113 443 Quae
1136 377 1234 433 omnia
1259 392 1292 431 ex
1315 375 1549 431 fidelissimorum
1576 378 1606 429 et
1629 375 1848 432 clarissimorum

104 485 182 536 nem,
211 468 267 523 uisi
294 468 325 521 iu
348 465 460 522 Christo
489 469 633 532 renatum,
662 482 680 520 a
704 464 888 520 damnatione
917 464 950 519 li·
1005 468 1122 522 Petrum
1146 465 1387 537 disputationibus
1405 468 1529 535 sumpta,
1551 463 1848 520 ettaniadiriuomu
1875 454 1877 458 ’

104 558 221 628 berari]
1005 555 1256 621 testimoniorum,
1283 559 1370 625 atque
1397 552 1679 609 evidentissimarum
1709 553 1848 609 rationum

141 645 211 699 item
234 644 303 712 (cup.
329 642 393 711 till:
414 640 652 711 [Remanentibus
669 640 766 711 itaque
790 640 898 712 angelis
923 646 952 695 el
1005 643 1213 699 contestatione
1233 642 1376 697 declarata
1396 646 1483 713 utque
1503 641 1626 708 lirmata,
1653 656 1720 695 cum
1739 640 1780 696 ita
1795 658 1849 696 om·

104 731 270 786 hominibus
298 729 428 799 reprobis
452 729 480 783 in
511 735 619 783 aeterna
645 745 739 799 paena,
770 735 838 784 tunc
863 729 952 783 sancti
1006 732 1075 786 uino
1100 731 1298 786 indubitanter
1314 730 1467 786 credenda
1494 746 1527 784 ec
1552 730 1679 785 tenenda
1704 730 1775 796 sint,
1802 731 1850 785 tria

106 820 197 874 scient
219 818 334 891 plenius
358 817 514 888 quidboni
538 817 579 871 eis
600 818 721 872 contulit
744 819 847 888 gratia.
874 818 951 872 Tunc
1006 821 1140 891 quaedam
1170 818 1367 891 principaliter
1397 834 1501 890 magua
1531 823 1559 873 et
1585 818 1733 872 horrenda
1767 819 1848 885 mala,

104 907 190 962 rebus
202 907 271 976 ipsis
287 905 448 960 evidentius
462 906 611 977 apparebit
625 906 700 977 quod
714 906 743 959 in
759 907 870 975 psalmo
885 906 953 960 scri·
1005 915 1146 982 quantum
1171 908 1293 979 intelligi
1313 908 1416 962 datur:
1440 913 1468 962 et
1488 907 1517 962 in
1536 907 1667 978 reprobis
1691 906 1783 962 divini
1809 908 1849 978 ju·

105 1002 187 1068 ptum
202 1000 263 1049 est:
281 1012 295 1045 a
315 993 537 1048 Misericordiam
554 998 582 1047 et
593 994 734 1064 judicium
752 994 873 1049 cantabo
886 994 950 1061 tibi,
1006 998 1073 1053 dicii
1088 997 1237 1050 severitate
1256 1001 1379 1058 retenta,
1396 1000 1422 1050 et
1442 996 1472 1049 iu
1487 995 1585 1050 electis
1598 995 1703 1050 divinae
1720 995 1850 1050 bonilatis

107 1083 229 1140 Domine
243 1084 329 1151 (Psoi.
346 1099 370 1147 a,
391 1084 433 1150 ll:
450 1104 464 1132 »
482 1082 550 1153 quia
563 1083 617 1137 nisi
633 1099 684 1152 per
700 1082 857 1137 indebitam
872 1104 883 1130 ι
900 1084 952 1136 mi·
1007 1086 1193 1141 miseratione
1209 1085 1327 1139 remissa
1349 1088 1417 1139 sunt
1437 1101 1469 1139 ec
1485 1085 1589 1138 soluta.
1615 1085 1710 1139 ldanet
1732 1099 1849 1154 namque

106 1171 320 1227 sericordiama
344 1186 429 1226 nemo
446 1171 599 1238 liberatur3
622 1175 650 1226 et
673 1170 728 1225 uisi
752 1187 802 1242 per
824 1170 953 1226 debitum
1006 1175 1038 1230 in
1063 1175 1121 1230 illis
1145 1174 1273 1245 antiquae
1302 1179 1331 1228 et
1356 1173 1456 1244 primae
1480 1172 1729 1244 prevaricationis
1751 1177 1848 1239 reatus,

105 1261 297 1331 «judicium»
315 1276 400 1314 nemo
416 1260 590 1330 damnatur]
1007 1264 1058 1336 qni
1081 1264 1111 1318 in
1132 1262 1194 1318 istis
1215 1261 1321 1318 Christi
1345 1259 1485 1332 sauguine
1502 1265 1545 1316 est
1566 1261 1691 1316 deletus.
1711 1262 1807 1316 blauet
1825 1262 1849 1315 iu

141 1351 211 1404 ltem
228 1349 300 1419 (cop.
319 1348 384 1417 98):
409 1348 588 1418 [Universum
604 1363 695 1419 genus
718 1347 869 1402 hominum
893 1351 952 1401 tum
1007 1353 1063 1408 illis
1087 1353 1229 1407 sententia
1251 1355 1366 1406 eterne
1390 1350 1593 1415 damnationis,
1623 1350 1655 1404 in
1679 1349 1743 1404 istis
1769 1350 1850 1404 soluta

102 1438 180 1508 justo
191 1436 300 1507 judicio
314 1436 411 1491 divino
433 1436 462 1489 in
485 1435 640 1506 apostatica
656 1436 751 1490 radice
772 1435 951 1502 damnatum,
1007 1457 1058 1513 per
1073 1441 1195 1512 gratiam
1211 1438 1426 1509 redemptionis.
1450 1438 1522 1493 Sunt
1537 1437 1579 1492 illi
1603 1437 1633 1491 iu
1650 1443 1794 1492 aeteruum
1815 1438 1848 1493 di·

104 1531 136 1580 ut
151 1524 265 1579 etiamsi
280 1525 376 1578 nullus
388 1524 455 1579 iude
470 1524 651 1587 liberaretur,
664 1540 749 1578 nemo
765 1529 840 1578 recte
856 1528 954 1594 posset
1006 1528 1065 1583 viui
1083 1528 1186 1599 judieii
1215 1526 1467 1598 predestinatione
1499 1524 1639 1593 damuati,
1663 1527 1715 1580 isti
1740 1540 1801 1579 uero
1825 1528 1848 1579 iu

104 1613 156 1669 Dei
171 1613 336 1683 uituperare
347 1612 499 1682 justiliam.
518 1613 552 1666 Et
566 1612 616 1683 qui
632 1613 802 1678 liberantur,
816 1612 856 1666 sic
871 1627 953 1682 opor·
1006 1623 1137 1674 aetemum
1171 1617 1272 1672 divinae
1308 1614 1501 1670 misericordiae
1536 1614 1780 1684 praedestinatione
1805 1614 1849 1668 sel·

103 1702 193 1759 tuisse
210 1701 337 1768 liberari,
353 1706 385 1756 ut
399 1701 577 1772 expluribus
593 1718 651 1755 non
668 1701 806 1765 liberatis,
820 1705 907 1773 atque
922 1699 952 1755 in
972 1688 1067 1763 Beati
1095 1742 1846 1762 .................

104 1791 291 1846 damnatione
311 1790 471 1862 justissima
491 1789 636 1845 derelictio
657 1791 867 1859 ostenderetur,
883 1789 952 1861 quid

104 1879 321 1936 commeruisset
349 1879 483 1934 universa
514 1879 695 1949 conspersio:
726 1883 756 1933 et
783 1895 839 1949 quo
867 1880 954 1934 etiarn
1044 1866 1161 1935 (Demi
1184 1861 1329 1932 diffidam?
1344 1866 1446 1917 mmet
1464 1863 1494 1915 ⁸⁸²¹
1512 1863 1703 1931 mflnmffll’w
1717 1860 1772 1914 4²¹⁰
1790 1861 1849 1927 1οΜ

103 1968 176 2024 istos
190 1967 318 2022 debitum
331 1967 473 2037 judicium
490 1967 537 2021 Dei
552 1968 678 2032 doceret,
690 1966 955 2038 nisiejnsindebita
1008 1956 1100 2009 excisa
1113 1956 1191 2017 sulit
1207 1951 1254 2006 8θᾶ
1269 1953 1299 2006 ist
1316 1953 1355 2005 01'8
1377 1951 1449 2004 ”ihil
1469 1953 1527 2016 sm
1542 1951 1678 2018 millium
1694 1953 1766 2015 Mb
1782 1947 1847 2002 Μ·

104 2056 300 2111 misericordia
315 2055 502 2120 subvenisset,
520 2061 551 2109 ut
573 2055 731 2109 volentium
747 2056 783 2110 de
808 2055 866 2109 suis
890 2071 952 2109 me·
1009 2057 1061 2112 quc
1087 2039 1159 2095 '¹¹7¹ss
1183 2041 1273 2095 deme
1299 2040 1408 2094 videm?
1431 2043 1531 2108 We?
1564 2037 1717 2092 mmmm
1743 2037 1847 2091 “lm

104 2145 167 2201 ritis
181 2144 299 2216 gloriari
317 2165 328 2194 ι
352 2161 439 2201 omne
456 2161 488 2199 os
502 2144 677 2212 obstruatur,
693 2149 722 2198 el
737 2143 786 2214 qui
801 2143 951 2214 gloriatur,
1008 2133 1084 2186 ‘ertit'
1098 2130 1166 2184 mali
1180 2132 1209 2184 5²⁸
1223 2130 1312 2184 elici&
1326 2129 1456 2195 remitti)

105 2231 135 2287 in
152 2233 272 2287 Domino
284 2232 424 2303 glorietur
435 2231 522 2301 (llorm
540 2249 579 2296 ru,
599 2231 654 2303 ill).
672 2230 699 2304 s]

580 2528 753 2652 sm
768 2526 1215 2786 lllllll
1230 2523 1364 2648 (³¹¹

506 2886 596 2959 SUB
625 2885 815 2959 NOMINE
844 2883 1086 2958 ECCLESIAE
1111 2880 1448 2956 LUGDUNENSIS

224 3255 297 3388 ll
340 3256 613 3390 lilium
652 3063 1402 3389 lMMOlIilirliiEEIbLISJCSlllPTURAE
1444 3249 1734 3386 llfflllll]

378 3638 424 3694 SS.
445 3638 736 3696 onrrronuxouull
759 3638 902 3696 Parnon
922 3635 1166 3694 sucrunlraru
1185 3634 1367 3692 ulnnnlrssn
1385 3633 1577 3691 SECTANDA.

386 3914 499 3970 CAPUT
519 3912 680 3971 Pullion(
835 3929 845 3941 ⁸
970 3915 991 3972 C
1005 3916 1060 3986 ipsi
1076 3917 1189 3983 docere,
1204 3919 1233 3970 et
1255 3915 1319 3969 aliis
1340 3915 1464 3970 tenenda
1485 3918 1611 3970 statuere
1626 3918 1714 3988 atque
1729 3915 1839 3970 couscri-

103 4003 186 4070 Ott'oo
201 4003 327 4059 barcaeus
350 4018 385 4057 eu
398 4008 551 4073 contemptu
574 4005 722 4073 Scriptura
735 4019 821 4060 sacrae
843 4010 869 4059 et
887 4019 950 4059 aaa·
1003 4005 1086 4070 bere;
1102 4020 1168 4059 cum
1191 4010 1219 4059 et
1238 4004 1298 4075 ipse
1322 4003 1505 4073 omnipotens
1526 4004 1600 4057 Deus
1617 4003 1799 4074 speculatori,
1817 4001 1838 4056 id

403 4078 506 4129 imm
522 4075 647 4129 Pamm-
1004 4098 1047 4147 est
1071 4092 1226 4165 unicnique
1242 4092 1349 4164 pastori
1364 4091 1504 4159 Ecclesiae,
1521 4108 1555 4147 ee
1579 4092 1640 4146 sola
1655 4109 1722 4164 qum
1741 4092 1776 4147 ab
1788 4092 1839 4164 ipso

138 4180 336 4234 Interamnia
359 4180 496 4249 pericula,
523 4185 552 4234 et
572 4180 738 4234 innumeras
763 4180 948 4248 calamitates,
1004 4180 1126 4235 audierit
1147 4179 1346 4235 annuntianda
1368 4179 1525 4251 praecipiat,
1543 4180 1661 4235 dicens:
1686 4201 1701 4232 ι
1714 4181 1839 4251 Specula-

103 4270 189 4338 atque
204 4266 332 4323 miseriae
347 4267 453 4339 quibus
476 4266 598 4322 Ecclesia
622 4268 708 4338 hujus
732 4269 813 4339 regui
828 4269 950 4324 terribili
1003 4274 1094 4324 torem
1111 4274 1139 4324 te
1162 4268 1229 4324 dedi
1252 4267 1350 4322 domui
1374 4268 1479 4323 lsrael:
1501 4273 1529 4323 et
1542 4267 1641 4323 audies
1656 4285 1693 4322 ex
1716 4284 1767 4322 ore
1786 4281 1839 4323 meo

103 4359 132 4409 et
156 4356 267 4409 occulto
293 4355 343 4409 nei
361 4355 470 4426 judicio
491 4356 667 4410 incessanter
696 4357 835 4428 affligitur
863 4363 949 4428 atque
1003 4358 1132 4426 verbum,
1155 4363 1184 4413 et
1204 4356 1389 4412 annuntiabis
1408 4356 1449 4410 eis
1464 4372 1498 4411 ex
1514 4372 1561 4411 me
1575 4356 1689 4427 (Erech.
1703 4373 1744 4424 m,
1760 4361 1839 4423 li);»

103 4446 240 4510 vastatur,
256 4443 296 4496 ita
314 4447 344 4496 ut
354 4443 436 4514 regni
449 4444 543 4499 unitas
559 4445 595 4498 sil
609 4444 724 4499 discissa
737 4462 769 4501 ac
783 4446 948 4512 dilacerata,
1002 4452 1031 4501 et
1046 4447 1077 4501 B.
1094 4447 1240 4517 apostolus
1256 4448 1357 4500 Petrus
1371 4445 1504 4499 similiter
1517 4447 1697 4500 contestetur
1710 4450 1739 4500 et
1758 4445 1837 4500 dicat:

103 4532 283 4587 sacerdotum
299 4534 445 4603 generalia
466 4539 495 4588 et
517 4534 705 4589 saluberrima
720 4535 841 4590 concilia
859 4537 948 4590 inter·
1003 4557 1017 4585 a
1027 4535 1056 4591 Si
1067 4536 1131 4606 quis
1140 4534 1280 4606 loquitur,
1292 4534 1374 4606 quasi
1383 4549 1529 4588 sermones
1542 4534 1594 4588 bei
1603 4534 1625 4604 (l
1635 4535 1715 4589 Patr.
1727 4550 1764 4601 rr,
1779 4534 1838 4602 ¹¹)i’

102 4634 200 4690 missa,
225 4622 321 4692 legum
344 4623 478 4677 seueritas
500 4628 529 4677 et
548 4624 691 4693 judicium
717 4624 865 4695 vigilantia
885 4624 950 4679 sub·
1002 4630 1032 4678 et
1046 4624 1077 4679 B.
1095 4625 1199 4678 Paulus
1220 4622 1345 4693 idipsum
1366 4622 1563 4677 admoueatet
1586 4621 1712 4676 inculcet
1735 4621 1838 4676 diceus:

102 4715 203 4772 tracta,
231 4711 362 4781 specialis
393 4711 531 4766 doctrinae
554 4713 663 4779 studia,
686 4713 791 4784 quibus
818 4712 890 4767 fides
921 4716 949 4767 et
1003 4734 1017 4762 o
1037 4711 1288 4778 Doctrinisvariis,
1312 4716 1341 4765 et
1355 4709 1516 4781 peregrinis
1537 4710 1626 4764 nolite
1644 4709 1751 4764 abduci
1765 4707 1838 4780 (Hel.

103 4797 222 4852 scientia
245 4799 296 4853 liei
320 4798 448 4870 quotidie
468 4801 589 4854 enutriri
618 4817 649 4854 sc
675 4803 813 4871 prolicere
837 4802 947 4871 debuit,
1002 4817 1060 4868 xm,
1088 4800 1125 4871 9).
1152 4819 1165 4852 s
1192 4798 1360 4871 liujusmodi
1387 4799 1464 4852 euim
1489 4796 1626 4853 doctrines
1656 4798 1742 4851 varim
1765 4801 1839 4867 atque

103 4901 176 4956 pene
188 4886 296 4958 ubique
311 4888 463 4954 exstincta;
477 4895 607 4943 exortum
622 4895 665 4942 esl
680 4891 772 4960 magis
790 4890 948 4945 dolendum
1002 4889 1174 4960 peregrinae,
1199 4891 1228 4942 in
1253 4887 1357 4959 quibus
1381 4902 1441 4940 nou
1465 4891 1507 4940 est
1528 4885 1624 4939 unitas
1644 4884 1784 4951 veritatis,
1799 4882 1839 4938 aad

102 4990 135 5028 ae
150 4974 307 5045 lugendum
331 4975 449 5040 malum,
474 4981 507 5030 ut
529 4976 669 5043 videlicet,
690 4982 855 5048 contempla
878 4979 949 5033 veri·
1001 4977 1177 5033 introductio
1202 4975 1307 5032 diversi
1330 4980 1359 5030 et
1380 4974 1494 5046 profani
1510 4973 1626 5038 erroris,
1649 4973 1840 5045 significantur

102 5070 161 5119 tate
190 5064 401 5134 scripturarum
435 5079 596 5129 sacrarum,
638 5067 743 5120 calcata
780 5067 948 5121 auctoritate
1002 5065 1033 5120 in
1049 5067 1111 5137 lege
1133 5065 1221 5137 lloysi
1242 5081 1294 5135 per
1314 5064 1392 5119 uaria
1415 5078 1522 5134 genera
1535 5061 1696 5133 leprarum,
1713 5079 1777 5134 quae
1791 5074 1840 5116 noo

103 5151 335 5208 beatissimorum
367 5156 452 5222 atque
480 5154 707 5209 orthodoxorum
736 5156 867 5223 Patrum,
896 5172 948 5226 per
968 5155 1093 5249 1,solum
1119 5157 1235 5208 crateras
1263 5152 1393 5223 corporis
1414 5156 1510 5222 partes
1537 5151 1741 5206 contaminant
1766 5155 1840 5221 atqua

104 5257 175 5312 quos
200 5241 321 5295 Ecclesia
345 5241 395 5295 Dei
419 5241 577 5296 aedilicatur
600 5248 628 5297 et
651 5242 820 5312 illustrator,
841 5261 948 5315 praesu·
1003 5247 1201 5313 corrumpunt,
1220 5241 1268 5296 sed
1284 5240 1367 5295 etiam
1380 5239 1411 5294 in
1427 5240 1519 5311 capite
1535 5239 1838 5311 atbarbugermiuaul,

103 5334 183 5382 mant
197 5329 286 5398 aliqui
298 5327 385 5382 eliam
400 5328 434 5383 de
452 5330 537 5384 rebus
549 5331 693 5402 praecipue
708 5333 744 5386 ad
759 5332 844 5387 fidem
859 5334 947 5403 perti·
1002 5346 1067 5386 cum
1082 5331 1126 5384 vel
1142 5330 1176 5384 de
1201 5330 1263 5400 ipso
1278 5328 1398 5384 Domino
1420 5329 1487 5383 lesu
1507 5327 1630 5394 Christo,
1655 5329 1700 5383 rel
1726 5329 1762 5384 de
1781 5326 1840 5381 viris

103 5416 237 5469 uentibus
256 5433 288 5471 or
303 5417 412 5487 proprii
429 5433 529 5472 seusus
544 5420 695 5473 temeraria
712 5421 947 5492 praesumptione,
1001 5418 1165 5491 apostolicis
1191 5422 1276 5488 atque
1300 5415 1509 5481 ecelesiasticis,
1530 5416 1582 5487 qui
1602 5416 1629 5471 ei
1652 5416 1840 5487 principaliter

102 5517 168 5571 quas
192 5504 370 5573 apertissime
391 5507 534 5560 contraria
554 5513 621 5562 suut
645 5508 750 5564 divinae
773 5509 896 5578 veritati,
920 5515 950 5563 et
999 5507 1145 5563 adbaerent
1168 5512 1196 5560 et
1223 5506 1325 5561 faeiem
1344 5505 1408 5576 ejus
1430 5508 1547 5568 ornant,
1564 5503 1720 5575 indignum
1740 5499 1838 5575 aliquid
