3930 6098
165 233 201 289 id
742 217 922 277 nstnsbut
936 213 1168 275 consulensis
1187 215 1341 273 unusual
1881 220 1915 271 re

167 380 218 420 cor
231 357 389 420 Pharaonis
403 373 410 413 ε
428 375 443 409 s
457 352 514 410 nisi
528 351 605 426 qnod
620 367 679 408 non
692 349 773 425 prius
787 349 968 405 emolliretur
978 347 1013 404 ad
1027 353 1049 407 Α
1068 353 1097 405 ct
1112 365 1146 405 ex
1161 349 1297 405 omnibus
1312 347 1476 405 divinornm
1486 348 1663 427 judiciorum
1671 349 1758 423 gestis
1767 351 1917 422 prescien-

167 448 371 511 dimittendum
402 443 452 501 bei
476 441 736 517 populum,donec
763 438 855 511 plagis
877 438 1011 493 omnihus
1066 439 1150 501 tiam,
1165 443 1194 494 et
1206 436 1487 510 praedestinationem
1503 437 1553 493 bai
1575 439 1772 511 comprobare.
1789 440 1823 494 t't
1837 439 1914 512 quod

168 542 302 600 feriretur
315 539 463 607 AEgyptus,
479 532 583 604 quibus
610 529 707 585 diuina
725 543 846 584 censura
870 527 1013 598 disposue·
1066 543 1118 582 aec
1134 527 1314 599 prescientia
1327 527 1481 598 compellat
1491 527 1524 582 ad
1535 532 1694 599 peccatum,
1707 544 1760 584 nec
1770 527 1918 599 praedesti·

167 636 212 688 rat
230 644 294 685 earu
308 624 479 682 feriendam.
497 620 576 677 Unde
591 634 656 675 cum
670 633 773 673 norem
801 616 894 688 plagis
912 615 1013 671 fuisset
1067 616 1144 669 natio
1156 616 1189 671 ad
1200 630 1325 687 poenam.
1338 615 1372 669 Et
1381 614 1508 670 fortassis
1519 602 1578 670 non
1588 617 1838 684 sitnecessarium,
1850 633 1915 672 cram

167 722 303 791 AEgyptus
317 712 425 780 attrita,
450 726 503 765 nec
528 708 621 764 adhuc
647 722 696 762 cor
727 704 883 762 Pharaonis
903 703 1013 760 emolli·
1067 708 1095 758 et
1107 720 1171 776 que
1184 720 1270 776 supra
1288 702 1414 758 diximus
1429 703 1500 759 torte
1515 703 1668 772 sufficiant,
1689 709 1717 759 et
1728 705 1820 776 pietas
1837 706 1916 769 tidsi,

167 805 295 877 tum,ait
314 801 450 859 Dominus
474 797 636 869 adlloysen
652 811 660 850 ι
676 817 691 846 a
713 795 814 851 Adhuc
841 808 898 848 una
927 792 1013 865 plaga
1067 792 1140 847 sicut
1155 794 1244 847 beram
1258 792 1332 847 nihil
1349 793 1590 863 ignorarecrcdit,
1601 793 1641 847 sic
1655 794 1716 864 ejus
1738 795 1918 865 praescientia

166 894 326 970 percutiam
339 891 504 963 AEgyptum,
521 890 550 942 et
562 891 630 941 tunc
649 883 775 940 dimittet
797 898 846 938 ros
861 882 981 937 Pharao.
999 901 1010 930 s
1067 881 1540 953 neminemimpctliadpeccatum.
1551 881 1918 955 Cumquediaiaaedispoei.

167 985 241 1055 Ergo
255 981 285 1036 in
299 978 390 1036 divini
405 974 588 1048 dispositione
598 971 699 1045 judicii
715 971 932 1044 praedestinatus
954 969 1013 1024 loe-
1066 971 1153 1026 tionis
1164 969 1452 1042 jndicioconfiteatur
1462 971 1559 1026 omnia
1575 971 1648 1042 regi,
1659 971 1806 1027 neminem
1816 977 1917 1028 tumen

166 1077 212 1129 rat
226 1082 375 1136 numerus,
391 1070 420 1120 et
444 1054 546 1118 modus
562 1062 713 1134 plagarum
740 1058 845 1131 quibus
874 1059 1012 1129 Aigyptos
1067 1075 1102 1114 ex
1130 1057 1382 1131 praedestinatione
1410 1059 1606 1114 damnandum
1628 1059 1756 1131 recipiat,
1785 1061 1918 1133 quamvis

167 1158 264 1215 attrita
279 1159 331 1223 est,
343 1159 371 1209 et
387 1152 538 1208 obduratio
553 1150 648 1206 cordis
664 1147 820 1205 Pharaonis
843 1163 909 1202 mox
927 1145 1014 1201 cmol·
1067 1146 1284 1220 predestinatos
1307 1147 1399 1202 malos
1422 1147 1459 1202 ad
1475 1163 1590 1219 poenam
1615 1164 1675 1203 non
1696 1149 1819 1220 ignoret,
1837 1150 1917 1204 pm.

168 1249 218 1305 lita
238 1249 290 1308 est,
307 1259 372 1300 cum
386 1244 516 1297 decretus
531 1238 650 1295 ultionis
666 1238 768 1294 modus
782 1236 941 1308 completus
960 1239 1011 1290 est.
1067 1234 1201 1291 destinati
1216 1234 1293 1290 enim
1309 1239 1376 1291 sunt
1390 1234 1458 1290 mali
1477 1235 1513 1291 ad
1535 1251 1666 1306 poenam;
1683 1236 1820 1308 quoniam
1836 1252 1917 1309 quoe.

169 1340 202 1394 Et
215 1335 292 1409 quod
307 1332 461 1389 norissima
476 1329 592 1384 inmari
609 1328 707 1385 Rubro
723 1327 831 1383 Pharao
856 1341 922 1380 cnm
938 1340 1014 1380 exar-
1068 1340 1179 1396 cunque
1194 1323 1320 1379 facturus
1333 1328 1376 1378 est
1391 1325 1466 1379 Deus
1487 1323 1519 1378 in
1534 1324 1702 1379 aeternitatis
1714 1324 1915 1395 dispositione,

169 1427 226 1483 citu
243 1441 294 1480 suo
310 1421 440 1495 perierit,
466 1419 592 1475 otlsrael
621 1418 727 1473 illaesus
755 1415 910 1480 transierit,
942 1415 1014 1469 sicut
1064 1412 1125 1483 jaan
1157 1412 1393 1483 praedestinatam
1426 1411 1534 1467 babet:
1562 1412 1743 1484 judicaturus
1770 1413 1847 1469 enim
1872 1419 1917 1469 est

169 1514 267 1588 magni
288 1512 414 1567 continet
431 1508 599 1580 mysterium
628 1503 809 1570 sacramenti,
838 1503 875 1556 ita
904 1505 1015 1556 constat
1067 1500 1182 1572 impios,
1199 1506 1228 1556 et
1253 1516 1337 1572 poena
1363 1500 1538 1571 sempiterna
1562 1504 1760 1557 damnaturus.
1787 1503 1820 1557 Et
1847 1503 1917 1575 quis

168 1603 272 1659 divina
296 1595 517 1670 dispensationis
543 1597 651 1648 secreto
680 1595 803 1663 gestum,
829 1588 918 1643 utilli
947 1604 1013 1659 pcr-
1068 1589 1122 1645 lroc
1135 1589 1211 1644 inter
1225 1606 1312 1661 opera
1327 1589 1377 1644 Dei
1396 1594 1588 1661 computatur,
1613 1589 1713 1662 negari
1737 1607 1795 1645 non
1820 1596 1918 1662 potest

168 1693 255 1756 irent,
270 1688 312 1743 illi
325 1688 512 1743 salvarentur.
530 1683 599 1737 Cum
616 1696 684 1752 ergo
696 1680 798 1750 liquet,
814 1677 891 1750 quod
907 1653 1049 1747 inpio-¹³
1069 1677 1304 1750 praedestinatum
1321 1694 1328 1734 :
1350 1677 1406 1732 nisi
1420 1677 1493 1733 loric
1503 1678 1655 1750 judicium,
1675 1695 1732 1750 quo
1742 1679 1916 1750 judicandus

168 1776 287 1834 scientia
304 1770 571 1841 llei,sicutaillictio
590 1770 794 1835 lsraelitarum‚
815 1765 1014 1838 eberardelitas
1068 1766 1469 1838 estmundus,aliquisdicat
1492 1767 1628 1839 opusllei
1656 1784 1801 1823 nonessa.
1831 1769 1913 1833 Quod

168 1865 365 1938 AEgyptiorum
392 1857 572 1916 constiterit:
588 1858 628 1912 ita
652 1871 766 1929 quoque
785 1859 813 1909 et
838 1853 958 1908 istorum
978 1851 1013 1907 li·
1068 1869 1134 1909 cnm
1148 1870 1234 1909 uerno
1245 1854 1375 1910 fidelium
1386 1855 1504 1922 abnuat,
1519 1855 1617 1926 negari
1627 1872 1743 1928 quoque
1753 1872 1811 1911 non
1822 1861 1917 1928 potest

166 1954 287 2020 beratio,
305 1957 334 2006 et
354 1951 469 2007 illorum
495 1945 619 2019 perditio
635 1945 664 2000 in
688 1941 948 2016 predestinationis
969 1941 1014 2012 jo·
1067 1943 1154 1997 alteo
1169 1942 1198 1997 in
1211 1943 1463 2014 praedestinatione
1475 1943 1656 2015 dispositum,
1668 1944 1916 2017 quemadmodum

167 2042 242 2098 dicio
257 2051 371 2110 semper
382 2037 479 2092 inerit.
497 2036 558 2090 Nou
573 2039 670 2089 mmen
694 2032 846 2087 crudelitas
870 2031 1014 2102 AEgyptio-
1068 2031 1104 2085 de
1128 2030 1249 2103 singulis
1268 2031 1400 2103 judicet:
1416 2037 1449 2086 ut
1472 2031 1549 2087 enim
1573 2048 1633 2088 non
1648 2037 1691 2089 051
1705 2033 1734 2088 in
1763 2034 1820 2088 000
1842 2050 1916 2090 no„

167 2146 232 2186 rum
260 2127 362 2183 divina
387 2123 574 2197 praescientiae
600 2120 754 2176 tribuenda
780 2123 833 2185 est,
861 2118 934 2173 sicut
961 2133 1015 2172 nec
1067 2119 1197 2186 scicntia,
1221 2119 1261 2174 sic
1288 2135 1404 2192 qnoque
1433 2136 1486 2175 nec
1513 2136 1586 2176 nova
1601 2120 1761 2192 dispositio.
1789 2121 1916 2193 Simplex

168 2216 370 2275 condemnatio
387 2209 648 2287 predestinationis
663 2209 781 2264 occultae
798 2211 916 2262 secroto.
938 2208 1014 2262 Prae·
1068 2207 1288 2263 etenimaatura
1310 2207 1480 2275 divinitatis,
1505 2209 1578 2263 sicut
1602 2209 1676 2264 nihil
1698 2209 1799 2281 recipit
1818 2215 1914 2266 mum.

169 2307 339 2363 scivitenim
354 2305 445 2359 Deum
459 2300 558 2373 quales
572 2297 661 2354 futuri
677 2294 915 2369 iorantAEgyptii,
929 2293 1015 2350 idest
1068 2295 1492 2367 bile,sicnilrilcompositum.
1510 2297 1589 2352 Unde
1614 2297 1644 2352 in
1673 2298 1730 2353 lleo
1754 2297 1917 2355 scientiaet

168 2394 366 2452 credulitatem
394 2406 495 2446 eorum
516 2404 630 2460 sempor
644 2391 742 2442 notam
769 2384 880 2454 babuit,
898 2400 956 2438 uon
977 2388 1015 2438 ta·
1067 2383 1217 2455 dispositio
1231 2399 1290 2439 non
1305 2384 1462 2452 variantur,
1478 2389 1511 2439 ut
1530 2385 1587 2439 alio
1600 2390 1730 2456 tempore
1744 2386 1819 2441 Deus
1833 2386 1913 2455 sciat,

170 2501 235 2540 men
251 2482 381 2538 crudeles
400 2478 503 2535 effecit.
526 2476 660 2542 Quamvis
688 2473 837 2530 Psalmista
860 2472 895 2527 de
921 2472 961 2527 eis
974 2477 1014 2525 te·
1067 2471 1331 2543 etaliodisponat3
1360 2472 1408 2526 sed
1425 2473 1510 2527 simul
1529 2473 1591 2542 scit,
1607 2473 1693 2528 simul
1717 2473 1914 2546 etiamdispo·

168 2577 279 2630 stetur:
309 2570 384 2642 quod
417 2591 428 2616 ι
459 2565 637 2623 Converterit
672 2579 721 2620 cor
762 2578 863 2618 eoram
902 2561 945 2630 (id
975 2565 1014 2615 est
1067 2561 1119 2628 nit,
1136 2576 1303 2632 quanquam
1327 2562 1466 2616 nonnulla
1484 2561 1564 2630 sciat,
1592 2577 1657 2633 quae
1682 2578 1742 2617 non
1766 2562 1913 2634 disponat,

169 2657 377 2735 dtgyptiorum)
393 2657 478 2719 Deus,
492 2647 1013 2724 utodirantpopulumejusetdolum
1067 2649 1140 2704 sicut
1160 2654 1228 2705 sunt
1251 2654 1391 2720 peccata:
1417 2664 1512 2720 neque
1532 2648 1609 2705 enim
1635 2650 1669 2706 ad
1696 2651 1914 2722 dispositionem

168 2752 293 2807 lacerent
309 2748 339 2802 iu
354 2763 449 2801 servos
464 2743 526 2816 ejus
550 2743 632 2815 (Psoi.
650 2757 704 2808 err,
720 2742 805 2806 15).»
830 2740 894 2794 Non
917 2743 1013 2792 manen
1066 2737 1144 2793 illius
1159 2737 1310 2810 pertinent,
1323 2753 1389 2811 qua
1403 2737 1464 2809 ipse
1480 2755 1539 2793 uon
1551 2738 1628 2805 iacit,
1639 2738 1769 2811 quamuis
1783 2740 1834 2812 qui
1847 2756 1915 2813 pec-

168 2855 217 2894 eos
247 2839 320 2893 beus
339 2840 389 2889 aut
411 2833 525 2889 dolosos
550 2830 625 2895 iecit,
655 2833 705 2884 aut
733 2827 919 2899 malignitatis
946 2824 1013 2880 odio
1066 2830 1141 2892 caut,
1162 2826 1265 2882 divinae
1292 2827 1441 2897 potcstatis
1470 2826 1614 2898 judicium
1641 2844 1700 2882 uon
1726 2828 1857 2896 eradant,
1886 2836 1917 2887 et

168 2924 357 2983 inflammarit
373 2941 380 2979 ε
396 2923 444 2978 sed
459 2937 524 2977 cum
538 2920 609 2975 tales
624 2922 719 2974 essent
735 2917 785 2989 qui
800 2920 830 2971 et
852 2915 917 2970 odio
931 2915 1013 2969 sari·
1027 2951 1049 3008 G
1068 2914 1145 2970 unde
1159 2913 1306 2987 pravitatis
1323 2931 1381 2969 suaa
1392 2915 1551 2987 nequitiam
1565 2920 1706 2982 exercent,
1720 2915 1788 2971 inde
1803 2917 1915 2972 occulto

167 3020 241 3085 rent,
257 3018 287 3072 et
306 3013 373 3069 dolo
400 3010 576 3082 deciperent,
610 3024 663 3081 per
687 3022 736 3062 eos
763 3005 903 3078 populum
928 3020 1013 3058 suurn
1069 3003 1118 3059 llei
1129 3003 1237 3075 judicio
1250 3003 1421 3059 deserviant.
1437 3004 1537 3075 ltaque
1552 3019 1611 3058 non
1626 3003 1708 3059 cstin
1722 3004 1779 3058 boo
1795 3002 1915 3059 scientie

166 3105 312 3178 flagellare
327 3100 479 3173 disposuit,
495 3104 527 3155 nt
540 3097 590 3170 qui
605 3112 658 3169 per
679 3111 815 3168 prospera
831 3076 921 3149 De'um
945 3092 1012 3147 reli·
1067 3091 1129 3148 sine
1145 3091 1343 3163 dispositione,
1361 3108 1414 3147 nec
1429 3091 1580 3164 dispositio
1595 3092 1656 3147 sine
1684 3092 1811 3148 scientia.
1834 3091 1915 3148 Alio·

166 3197 278 3266 qoerat,
312 3189 434 3263 flagellis
460 3187 624 3244 admonitus
651 3185 686 3240 ad
718 3186 808 3239 ileum
835 3183 1011 3254 confugeret.
1067 3181 1136 3253 quin
1152 3181 1175 3236 si
1190 3181 1309 3236 scientia
1329 3181 1404 3236 inest
1430 3181 1455 3236 ei
1486 3182 1548 3237 sine
1576 3180 1776 3253 dispositione,
1794 3186 1826 3236 ut
1855 3181 1914 3237 alio

165 3280 310 3338 Praescirit
323 3279 412 3351 igitur
421 3278 496 3332 Deus
514 3274 712 3348 AEgyptiorum
725 3272 934 3338 crudelitatem,
954 3286 1012 3325 non
1067 3274 1194 3341 tempora
1209 3269 1279 3325 sciat
1291 3274 1320 3325 et
1331 3270 1387 3325 alio
1403 3269 1545 3342 disponat,
1559 3270 1619 3342 jam
1634 3287 1692 3325 non
1707 3270 1762 3326 crit
1776 3269 1914 3342 simplicis

165 3364 568 3433 sarnlecit3nectideotules
593 3361 776 3428 ellectisnat,
796 3357 1012 3431 quiatalasiu-
1066 3360 1175 3411 natura
1207 3357 1291 3425 beas,
1320 3357 1379 3428 jam
1405 3372 1466 3412 non
1493 3357 1548 3412 erit
1572 3357 1833 3425 incommutabilis;
1861 3357 1913 3412 uhi

165 3458 223 3513 turi
238 3472 299 3512 esse
317 3452 443 3526 presciti
458 3456 541 3517 sunt;
571 3465 622 3505 sue
646 3447 770 3520 denique
796 3445 937 3519 nequitia,
952 3462 1011 3500 non
1066 3460 1190 3516 namque
1205 3442 1353 3499 intervalla
1369 3448 1533 3516 temporum
1548 3445 1715 3514 succedunt,
1729 3444 1913 3518 {mutabilitas

167 3542 408 3617 Dcipraescientia
431 3539 499 3595 mali
515 3537 608 3594 effecti
623 3540 700 3605 sunt,
722 3541 752 3592 et
776 3535 839 3592 ideo
861 3535 1011 3608 praedesti·
1065 3533 1206 3605 temporis
1234 3533 1289 3588 erit
1314 3532 1497 3588 intervallum
1522 3533 1546 3588 si
1576 3550 1635 3589 non
1650 3533 1737 3601 inest;
1754 3537 1783 3589 et
1808 3533 1838 3588 in
1853 3534 1912 3589 Deo

166 3635 226 3691 nati
245 3632 356 3689 occulte
371 3628 555 3702 dispositione
568 3626 670 3699 judicii
683 3625 719 3681 ad
742 3641 857 3698 poenam
882 3641 940 3696 qua
953 3640 1010 3696 pu·
1064 3622 1149 3677 simul
1165 3622 1227 3691 scit,
1244 3622 1329 3677 simul
1345 3623 1433 3678 etiam
1445 3621 1580 3694 disponit,
1601 3628 1635 3679 nt
1657 3623 1805 3679 antecedet
1827 3621 1913 3679 scien·

165 3723 218 3780 niti
231 3721 387 3777 anathem
398 3717 551 3804 quodcnon
563 3731 594 3770 cx
607 3713 860 3788 predestinatione
871 3714 1011 3769 damnan·
1065 3712 1114 3780 tia,
1132 3716 1160 3767 et
1184 3717 1285 3784 postea
1310 3716 1448 3783 sequatur
1471 3711 1630 3783 dispositio.
1657 3711 1737 3776 Quod
1761 3727 1827 3766 cum
1842 3711 1912 3767 sim·

164 3818 213 3868 tur
227 3808 321 3882 impii,
337 3807 385 3864 sed
400 3823 434 3862 ex
450 3822 501 3862 sua
526 3804 679 3876 iniquitate
694 3807 815 3858 testatur
838 3818 919 3858 sacra
940 3802 1011 3858 Scri·
1064 3800 1147 3872 plicis
1162 3804 1271 3856 naturae
1290 3799 1364 3856 ratio
1387 3816 1445 3855 noa
1472 3800 1613 3869 admittat,
1628 3800 1769 3872 sequitur,
1792 3805 1824 3856 ut
1844 3817 1912 3857 cram

164 3904 259 3971 ptura,
275 3912 340 3970 quer
356 3894 391 3950 de
406 3891 580 3949 Amorrhaeis
596 3891 632 3946 ad
646 3891 790 3946 Abrabam
810 3890 919 3945 dietum
933 3889 1009 3961 quod
1064 3888 1183 3944 scientia
1200 3887 1381 3961 llei,pariter
1411 3889 1447 3943 sit
1476 3893 1504 3944 et
1532 3888 1707 3960 dispositio:
1737 3904 1794 3961 qua
1821 3888 1856 3944 de
1882 3906 1913 3946 re

166 4011 180 4040 a
196 4003 295 4042 scaren
311 3985 373 4055 ejus
400 3980 589 4054 peregrinum
617 3979 748 4034 laturam
776 3983 848 4033 essct
876 3979 906 4032 in
933 3980 1010 4032 terra
1064 3977 1334 4049 quosscitinssnem
1353 3976 1470 4031 inmalo
1486 3977 1912 4049 perseveraturos,dispositum

165 4078 260 4132 aliena
274 4069 597 4148 quadringentisannis,
613 4073 680 4140 post
698 4069 759 4123 laroc
775 4067 892 4122 intulit:
917 4067 1010 4122 Gene-
1064 4064 1230 4137 babetquid
1260 4064 1297 4121 sit
1312 4065 1346 4120 de
1374 4064 1415 4119 ais
1438 4069 1563 4120 acturas.
1593 4066 1655 4121 b'on
1684 4069 1780 4121 tamen
1809 4065 1913 4121 idcirco

162 4165 273 4220 ratione
293 4156 914 4231 autemquartarevertenturbuczneedum
931 4153 1007 4208 enim
1063 4153 1202 4224 puniendi
1225 4157 1292 4208 saint
1320 4153 1389 4226 quia
1418 4152 1459 4207 sic
1481 4153 1612 4225 dispositi
1637 4154 1779 4224 sunt,sed
1806 4153 1912 4209 idcirco

163 4251 312 4324 completae
327 4252 393 4304 suut
415 4247 580 4320 iniquitates
603 4245 835 4301 Amorrbaeorum
857 4259 948 4315 usque
973 4241 1046 4309 adt)
1065 4241 1186 4314 quadiu
1206 4243 1282 4297 malo
1305 4243 1512 4314 perseveraturi
1527 4248 1604 4298 sunt.
1630 4242 1682 4298 Sed
1704 4242 1911 4298 antichristum

161 4356 289 4415 praeseus
301 4342 413 4409 tenipus
429 4335 505 4404 (Gen.
531 4350 577 4401 xv,
596 4333 649 4405 tc).
679 4333 786 4400 Quibus
807 4331 1010 4386 rerhisosten·
1062 4330 1092 4385 in
1108 4330 1236 4386 medium
1252 4330 1432 4400 devocemus,
1451 4330 1486 4386 de
1512 4346 1569 4404 quo
1597 4346 1683 4386 nemo
1712 4331 1840 4387 fidetium
1857 4331 1909 4387 du.

161 4431 240 4486 ditur
252 4432 320 4484 tunc
334 4423 500 4498 iniquitates
516 4422 663 4478 eorumad
683 4436 828 4476 summum
845 4419 1008 4491 malignita·
1061 4417 1142 4486 bitot,
1158 4418 1236 4491 quod
1253 4424 1281 4473 et
1296 4419 1443 4491 proescitus
1458 4423 1500 4474 est
1515 4420 1606 4474 malus
1622 4420 1746 4486 iuturus,
1763 4423 1792 4475 et
1812 4420 1910 4475 divino

160 4519 197 4574 tis
212 4520 410 4591 perventuras,
431 4510 547 4584 quamn
574 4525 673 4565 semen
695 4507 890 4565 shrahamce
916 4508 1008 4562 serri-
1060 4507 1402 4580 judiciopradestinatos
1431 4508 1464 4563 ad
1480 4524 1605 4579 poenam,
1624 4514 1654 4563 et
1678 4525 1710 4563 cx
1735 4523 1769 4562 eo
1798 4523 1904 4579 cogno·

159 4607 230 4663 tutis
240 4606 312 4678 jugo
328 4601 455 4672 liberari,
475 4604 504 4656 et
516 4598 550 4656 ad
572 4604 679 4654 terram
708 4597 837 4669 perduci,
865 4601 893 4652 et
907 4601 1008 4669 gentas
1061 4611 1182 4662 scamus,
1195 4597 1271 4668 quod
1288 4612 1340 4651 nec
1352 4596 1532 4667 prescientia
1548 4596 1598 4651 bei
1617 4596 1773 4667 compellat
1791 4595 1827 4651 ad
1848 4595 1909 4651 cal-

158 4692 393 4751 Amorrhoeorum
408 4687 498 4744 deleri
513 4692 703 4743 mererentur.
722 4686 758 4741 Ut
771 4683 849 4756 quod
876 4683 1008 4739 nationes
1060 4699 1139 4755 pam,
1156 4700 1208 4739 nec
1223 4684 1439 4755 predestinatio
1460 4683 1555 4739 trahat
1579 4684 1613 4739 ad
1636 4699 1763 4756 poenarn,
1787 4689 1816 4739 et
1831 4684 1908 4756 quod

158 4783 226 4849 illae,
243 4797 309 4855 quae
327 4778 529 4851 priustcrram
555 4773 788 4847 repromissionis
811 4772 1005 4840 obtinuerant,
1061 4771 1203 4843 decapite
1219 4772 1385 4838 dixerimus,
1403 4775 1438 4838 de
1454 4789 1574 4843 corpore
1594 4774 1672 4828 illius
1700 4773 1908 4845 intelligamus.

158 4871 349 4938 daletaesunt,
374 4882 434 4922 nou
450 4864 556 4921 divinae
582 4862 851 4935 predestinationis,
881 4860 931 4915 sed
947 4877 1005 4915 suae
1060 4860 1138 4916 Sicut
1164 4860 1241 4915 euim
1258 4865 1344 4931 caput
1368 4861 1524 4916 electorum
1545 4861 1686 4932 Christus,
1702 4861 1742 4916 sic
1760 4861 1909 4916 Antichri-

158 4956 346 5032 malignitatis
361 4955 448 5011 luisse
472 4956 658 5008 monstretur.
683 4950 782 5020 ltaque
797 4964 882 5003 ncrno
910 4964 943 5002 ex
959 4949 1006 5004 di·
1060 4952 1220 5019 stuscaput
1239 4954 1281 5003 est
1309 4949 1522 5022 reproborum:
1545 4956 1571 5005 ct
1599 4949 1638 5004 sic
1667 4966 1772 5021 corpus
1803 4949 1909 5005 Christi

156 5051 229 5105 vinae
246 5040 645 5120 praedestinationiscensura
664 5038 885 5102 condemnatur,
906 5053 1007 5108 quam·
1060 5052 1159 5090 omnes
1171 5037 1273 5108 sancti,
1292 5037 1333 5092 ita
1344 5054 1448 5109 corpus
1477 5038 1643 5093 Antichristi
1672 5055 1772 5094 omncs
1801 5038 1907 5110 iniq-i.

155 5139 197 5193 ris
217 5137 450 5208 perseveraturos
464 5128 495 5183 in
515 5126 639 5199 peccatis
656 5125 769 5196 justitia
784 5123 888 5195 judicis
904 5125 1005 5178 decre·
1061 5126 1109 5178 lile
1124 5130 1201 5180 certe
1213 5125 1300 5181 homo
1313 5125 1485 5197 perditionis
1508 5127 1639 5181 nondum
1664 5131 1748 5181 natus
1767 5130 1910 5181 ettamen

153 5227 228 5281 uerit
239 5219 417 5279 damnandos
434 5236 440 5273 :
457 5217 506 5272 sed
525 5214 722 5286 unusquisque
738 5218 806 5267 tuaac
828 5212 1003 5267 condemna·
1054 5214 1115 5284 jarn
1132 5215 1194 5284 eJus
1210 5213 1319 5269 malitia
1332 5213 1681 5287 abomuibuspraescitur¹
1695 5214 1756 5284 jam
1772 5212 1806 5269 ad
1821 5214 1910 5268 inter.

155 5320 214 5379 tur,
230 5309 347 5382 quando
362 5305 494 5364 damnari
521 5308 703 5376 peecatorum
730 5302 832 5356 merito
860 5306 1001 5356 censetor.
1059 5303 1133 5357 itum
1160 5301 1380 5372 praedestinatus
1407 5319 1468 5356 esse
1496 5320 1554 5358 non
1591 5303 1753 5375 ignoratur,
1785 5303 1821 5357 de
1850 5318 1909 5374 qno

156 5397 411 5472 tragonariae
431 5395 548 5450 modurn
569 5391 717 5446 brevitatis
734 5389 891 5457 excederet,
915 5390 937 5446 si
957 5406 1004 5443 ro·
1059 5390 1213 5460 Apostolus
1225 5390 1259 5444 ad
1269 5390 1537 5446 Thessalonicenses
1552 5391 1680 5446 scribens
1700 5391 1740 5445 ait
1762 5392 1799 5461 (tt
1815 5391 1908 5447 Thess.

154 5490 293 5546 luerirnus
309 5485 411 5540 sericus
427 5483 588 5538 diiinzrrum
602 5478 812 5551 scripturarum
824 5493 1002 5550 percurrere,
1058 5479 1085 5535 nl
1100 5494 1106 5531 :
1124 5501 1136 5523 a
1155 5478 1194 5533 Ne
1209 5478 1275 5549 quis
1292 5494 1339 5532 vos
1362 5479 1477 5535 seducat
1492 5481 1551 5535 utto
1568 5480 1664 5548 moda,
1688 5479 1828 5553 quonjam
1851 5478 1909 5535 nisi
