3930 6098
159 256 224 312 llll
716 250 745 306 S.
765 247 907 304 nlenten
926 247 1168 307 Lucnurtmtsm
1187 246 1344 307 narseum
1844 254 1911 309 lrlt

192 388 219 444 d.
235 386 329 460 (laid,
345 402 370 442 c.
388 384 427 455 9.)
451 383 534 449 Quod
553 382 592 438 ita
612 385 684 439 Deus
704 381 734 436 iu
753 381 886 436 cordibus
905 380 1044 436 homi-A
1095 383 1165 437 Cum
1180 382 1242 437 haec
1256 382 1296 437 ita
1318 382 1385 450 sint,
1407 387 1434 439 et
1458 383 1582 438 liberum
1602 384 1756 440 arbitrium
1779 384 1910 440 omnibus

158 492 240 544 num,
256 480 341 547 atqua
353 474 384 528 iu
398 473 460 544 ipso
475 473 566 528 libero
576 475 711 542 operetur
724 470 856 537 arbitrio,
867 475 899 524 ut
907 474 1006 525 sancta
1059 470 1155 526 inesse
1170 471 1337 526 bominibus
1358 473 1457 543 negari
1477 473 1641 528 nullatenus
1666 473 1781 541 debeat,
1798 489 1835 528 ne
1853 479 1912 528 tan·

55 580 59 587 ·
157 565 302 638 cogitatio,
330 563 412 633 pium
436 561 591 616 consitium
618 560 771 631 omnisque
801 564 894 614 motus
921 559 1006 614 bona
1060 563 1119 614 tam
1134 560 1349 616 multitudinem
1365 561 1516 616 bominum
1532 560 1705 628 infidelium,
1724 578 1791 633 quae
1806 562 1911 617 exstitit

147 652 314 710 'voluntatis
335 667 367 705 ar
387 651 445 706 Deo
470 650 505 705 sit
521 666 528 704 t
543 649 612 720 quia
630 665 682 720 per
707 648 790 703 illum
815 647 922 719 aliquid
938 648 1006 702 boni
1061 649 1097 704 ab
1111 647 1194 702 initio
1209 648 1306 702 saculi
1324 664 1416 719 usque
1436 648 1472 703 ad
1488 648 1644 704 adventum
1660 649 1780 717 Christi,
1796 654 1824 704 et
1839 666 1911 704 nunc

158 757 322 815 possumus,
337 740 401 795 siue
416 755 473 810 quo
487 738 562 794 nibil
577 753 739 808 possumus.
1061 735 1154 790 adhuc
1170 734 1274 804 existit,
1295 742 1324 790 et
1344 737 1445 790 existet
1463 753 1555 808 usqua
1579 737 1615 792 ad
1631 737 1910 793 consummationem

195 833 219 885 5.
238 829 334 897 libid,
358 845 382 882 c.
406 827 460 897 ln.)
478 826 614 884 Omnium
640 824 799 879 studiorum
818 824 1008 895 omniumque
1061 824 1172 890 muudi,
1196 830 1344 879 excusatos
1362 825 1510 889 iaciamus,
1533 825 1610 897 qnod
1634 825 1772 881 videlicet
1788 842 1850 881 non
1867 826 1911 880 ba·

160 918 310 984 obtritum,
334 916 441 988 quibus
461 916 496 970 ab
521 914 605 968 initio
626 913 692 969 fidei
714 913 749 968 ad
770 913 924 967 Dominum
945 917 1008 967 ten·
1061 912 1178 967 bueriut
1203 913 1248 968 vel
1276 912 1402 968 habeant
1432 913 1544 969 arbitrii
1572 914 1736 969 libertatem
1765 930 1854 986 qnam
1883 915 1910 968 io

158 1007 246 1075 ditur,
266 1008 357 1062 Deum
373 1004 545 1076 profitemur
559 1006 720 1067 auctorem
737 1005 765 1056 et
778 1017 834 1056 non
845 1001 1009 1056 dubitamus
1062 1001 1151 1056 Adam
1173 1000 1361 1072 perdiderint,
1391 1005 1420 1056 et
1442 1002 1506 1057 ideo
1529 1018 1581 1056 nac
1600 1002 1678 1073 justa
1706 1005 1861 1074 culpentur
1882 1003 1908 1056 iu

159 1096 196 1152 ad
209 1095 300 1166 ipsius
315 1095 408 1166 gratia
422 1092 521 1147 omnia
535 1089 660 1146 hominis
672 1090 776 1145 merita
790 1089 942 1162 praeveniri
957 1105 1010 1160 per
1063 1089 1155 1157 malis,
1172 1105 1236 1160 quae
1248 1095 1346 1161 agunt,
1364 1106 1415 1145 nec
1433 1106 1486 1162 pro
1500 1090 1608 1146 eisdam
1624 1091 1709 1145 malis
1721 1091 1801 1161 juste
1829 1090 1908 1145 indi-

160 1201 247 1258 quem
266 1185 299 1238 iit
314 1187 347 1238 ut
361 1181 469 1253 aliquid
484 1180 551 1235 boni
562 1185 591 1235 et
601 1180 672 1234 vcllc
681 1179 853 1250 incipiamus
864 1183 893 1233 at
904 1179 1007 1234 lacere.
1062 1177 1129 1232 vino
1143 1176 1251 1248 judicio
1267 1178 1477 1233 condemnandi
1491 1184 1566 1234 sunt.
1582 1180 1685 1234 Contra
1695 1178 1774 1233 bunc
1789 1194 1907 1251 namquo

160 1272 222 1338 Quo
237 1272 338 1342 utiquc
353 1270 461 1323 auxilio
477 1274 505 1322 et
520 1266 713 1322 misericordia
729 1267 780 1322 Dei
795 1283 853 1321 non
881 1267 1010 1321 aufertur
1064 1281 1192 1321 errorem
1214 1272 1359 1321 atvauam
1383 1266 1597 1322 excusationem
1620 1268 1650 1321 B.
1672 1267 1909 1337 augustinnsvc·

162 1361 285 1418 liberum
310 1358 473 1427 arbitrium,
494 1356 545 1410 sed
564 1356 719 1427 {liberatum
746 1360 778 1410 ut
801 1356 836 1410 da
860 1354 1009 1410 tenebroso
1063 1355 1177 1409 ritatem
1194 1354 1261 1410 fidei
1286 1355 1453 1423 defendens,
1471 1355 1513 1409 ita
1532 1355 1620 1411 dicit:
1639 1356 1749 1426 [Primo
1771 1355 1849 1409 cuim
1863 1356 1909 1409 lto

162 1449 302 1517 lucidum,
318 1447 353 1502 de
376 1462 463 1518 pravo
485 1449 605 1511 rectum,
621 1444 656 1498 de
678 1444 814 1517 languido
838 1459 951 1511 sanum,
975 1444 1011 1499 de
1064 1441 1159 1498 minus
1179 1444 1271 1512 lesus,
1293 1444 1367 1498 sicut
1388 1443 1526 1515 scriptum
1550 1449 1592 1498 est
1612 1443 1644 1498 in
1663 1443 1820 1515 Evangelio
1834 1444 1909 1498 toan-

162 1536 345 1609 imprudente
359 1535 397 1589 sit
410 1533 574 1605 providum.
589 1535 679 1589 Tanta
699 1533 776 1587 enim
800 1537 842 1587 ast
863 1548 942 1604 erga·
955 1548 1012 1587 om·
1064 1532 1110 1586 nis
1123 1532 1253 1603 apostoli,
1270 1548 1326 1586 nou
1342 1531 1422 1586 venit
1436 1536 1469 1587 ut
1486 1532 1628 1603 judicaret
1648 1533 1807 1597 mundum,
1823 1531 1870 1586 sed
1883 1534 1909 1585 ot

162 1642 214 1683 nes
227 1625 358 1680 homines
373 1623 486 1678 bouitas
500 1623 559 1692 liei,
577 1627 610 1678 ut
627 1627 726 1678 nostra
740 1622 809 1677 velit
828 1638 888 1676 essa
909 1621 1012 1676 merita
1065 1621 1222 1675 salvaretur
1237 1621 1363 1675 mrrudus
1376 1636 1429 1692 por
1443 1621 1538 1693 ipsum
1564 1623 1649 1691 (loun.
1677 1637 1718 1688 111,
1741 1622 1796 1689 ll).
1817 1622 1909 1675 Postea

162 1730 227 1788 quae
243 1713 414 1784 suntipsius
436 1712 533 1767 dona:
555 1715 584 1766 et
607 1727 658 1782 pro
681 1710 806 1782 hisquae
825 1709 1010 1782 largitusast,
1029 1678 1142 1776 Bvero,
1172 1710 1246 1765 sicut
1276 1708 1374 1765 scribit
1408 1711 1553 1782 apostotus
1581 1710 1697 1778 Paulus,
1730 1731 1741 1758 ι
1775 1709 1909 1764 iudicabit

162 1807 270 1860 aeterna
284 1801 404 1873 pramis
418 1800 456 1855 sit
477 1801 644 1855 donaturus.
659 1799 726 1868 Agit
745 1798 852 1870 quippe
867 1799 896 1852 in
916 1798 1010 1867 uobis,
1066 1797 1140 1853 Deus
1155 1798 1298 1854 mundum
1321 1797 1436 1870 quando
1453 1804 1589 1853 venturus
1614 1803 1656 1853 est
1670 1799 1767 1870 (Rom.
1785 1813 1826 1858 nr,
1847 1800 1908 1865 tit»

161 1896 195 1948 ut
211 1890 371 1962 quodvult,
388 1893 417 1943 et
428 1889 560 1953 velimus,
576 1892 749 1958 etagamus.
1065 1887 1138 1942 sicut
1152 1890 1213 1942 tota
1238 1886 1361 1942 Ecclesia
1379 1887 1410 1941 in
1428 1886 1563 1959 Symbolo
1583 1886 1737 1942 cantitetur
1757 1905 1771 1937 a
1786 1887 1800 1941 1
1805 1885 1910 1940 udicare

198 1983 224 2035 6.
244 1979 298 2051 (En
313 1979 464 2047 Anqustini
475 1979 555 2047 epist.
574 1974 648 2047 lot.)
666 1976 798 2031 Fatamur
813 1974 936 2045 gratiam
961 1973 1011 2031 Dei
1064 1975 1144 2029 vivos
1158 1979 1187 2029 et
1207 1979 1345 2029 mortuos.
1364 1974 1423 2030 »Si
1443 1991 1511 2047 argo
1529 1991 1589 2030 uon
1604 1981 1646 2029 est
1661 1975 1712 2030 bai
1728 1974 1833 2045 gratia.
1845 1990 1908 2045 quo·

163 2067 380 2138 atadjutorium
398 2064 534 2121 etiamad
556 2065 682 2136 singulos
696 2068 774 2117 actus
794 2062 870 2128 duri;
886 2078 1012 2133 namque
1066 2063 1152 2119 modo
1176 2064 1265 2118 salvat
1285 2063 1445 2118 muudum?
1463 2068 1491 2117 et
1505 2063 1530 2117 si
1550 2079 1608 2118 uon
1632 2067 1674 2118 est
1697 2063 1822 2117 liberum
1842 2062 1909 2116 arbi·

164 2173 223 2211 nou
238 2155 299 2211 dari
315 2154 474 2210 secundum
487 2151 590 2207 marita
605 2156 713 2218 nostra,
731 2155 763 2206 ut
774 2166 840 2205 vara
858 2151 894 2204 sit
907 2151 1011 2222 gratia,
1065 2152 1165 2219 trium,
1178 2153 1322 2222 quomodo
1334 2152 1445 2223 judicat
1456 2150 1628 2225 muudum]

163 2244 250 2301 idest
268 2244 355 2316 gratis
370 2242 447 2309 data,
463 2257 515 2313 per
530 2241 592 2312 ejus
611 2240 839 2295 miscricordiam
855 2239 906 2310 qui
918 2239 1011 2294 dixit:
1101 2243 1173 2298 Cum
1196 2255 1265 2311 ergo
1282 2240 1405 2295 liberum
1429 2239 1581 2296 arbitrium
1605 2241 1710 2296 habeat
1730 2245 1810 2296 totus
1831 2255 1908 2294 raun-

167 2332 347 2390 ‹lliserabor
365 2330 412 2386 cui
435 2330 568 2385 misertus
590 2345 639 2384 aro
662 2330 747 2401 (Rom.
773 2344 809 2396 ur,
837 2327 890 2398 ld).
917 2348 931 2376 n
953 2328 1011 2382 Et:
1066 2329 1130 2396 dus,
1149 2334 1178 2384 et
1193 2328 1258 2384 ideo
1283 2331 1355 2385 Deus
1367 2329 1444 2400 juste
1465 2329 1575 2400 judicat
1592 2329 1745 2385 mundum.
1770 2328 1909 2401 quemme

166 2441 181 2475 a
208 2418 430 2479 Misericordiam
463 2419 616 2491 praestabo,
655 2419 703 2474 cui
739 2416 901 2473 misericors
933 2416 1013 2471 luero
1066 2417 1097 2472 iu
1113 2417 1165 2471 bac
1181 2417 1434 2472 uovadeflnitiono
1454 2417 1642 2474 dictumest:
1665 2417 1780 2483 «Qirod
1804 2417 1910 2471 liberta·

164 2511 265 2580 (baud
284 2525 343 2576 cnr,
362 2509 413 2578 tlt).
431 2529 444 2556 υ
1067 2510 1126 2562 tam
1141 2505 1253 2561 arbitrii
1273 2506 1305 2560 in
1324 2506 1420 2578 primo
1443 2506 1560 2561 homine
1585 2506 1776 2577 perdidimus.
1794 2527 1809 2554 »
1825 2503 1911 2560 Sancti

200 2604 228 2653 7.
244 2600 378 2654 Faiemur
394 2613 455 2651 asse
471 2596 593 2652 liberum
609 2594 762 2650 arbitrium
780 2593 896 2649 etiamsi
918 2592 1014 2648 divino
1069 2597 1176 2650 Patres
1195 2595 1293 2650 dicunt
1311 2594 1434 2649 liberum
1456 2595 1607 2650 arbitrium
1628 2596 1659 2650 in
1684 2594 1911 2667 prevaricatione

165 2685 278 2757 indiget
292 2684 446 2755 adjutorio.
1068 2683 1137 2738 ndae
1168 2682 1357 2752 infirmatum,
1380 2683 1478 2738 dicunt
1503 2683 1664 2739 naturalem
1694 2681 1911 2754 possibilitatem

202 2775 233 2829 8:
247 2773 303 2844 (Ec
329 2772 428 2828 concil.
457 2772 585 2826 Arausio.
614 2784 677 2824 can.
711 2768 765 2841 la.)
781 2769 938 2824 Arbitrium
969 2785 1015 2824 vo·
1069 2778 1099 2828 et
1121 2773 1315 2827 innocentiam
1337 2773 1503 2844 perdidisse.
1536 2773 1637 2828 Dicunt
1660 2773 1738 2844 quod
1755 2788 1801 2838 eo,
1826 2771 1911 2826 idest

167 2859 569 2932 luntatisinprimohomine
585 2857 775 2927 infirmatum,
794 2858 848 2912 nisi
872 2874 923 2931 per
947 2873 1015 2930 gra·
1068 2861 1161 2916 libero
1193 2862 1322 2928 arbitrio,
1351 2877 1437 2916 nemo
1462 2861 1535 2917 bona
1568 2864 1666 2916 utatur
1700 2861 1763 2914 siue
1796 2860 1908 2915 Gbnslo.

167 2951 236 3007 tiam
252 2949 386 3021 baptismi
402 2965 460 3003 non
475 2951 568 3019 potest
583 2947 720 3019 reparari.
1034 2977 1054 3033 c
1070 2951 1174 3006 Dicunt
1193 2951 1316 3006 liberum
1332 2966 1393 3007 csse
1413 2951 1574 3018 arbitrium,
1592 2949 1708 3005 etiamsi
1728 2948 1827 3004 divino
1844 2946 1909 3002 indi·

203 3044 229 3097 9.
244 3040 402 3096 Arbitrium
415 3037 570 3094 voluntatis
584 3042 653 3092 tuuc
666 3042 709 3091 est
720 3052 785 3091 vere
801 3037 936 3105 liberum,
950 3053 1015 3093 cum
1069 3044 1135 3112 gaal
1149 3039 1302 3111 adjutorio.

167 3129 244 3185 viliis
257 3128 438 3200 peccatisque
459 3142 517 3180 uon
539 3125 634 3181 servit.
652 3126 719 3180 Tale
735 3124 834 3180 datum
854 3129 896 3180 est
914 3141 931 3180 a
946 3127 1014 3196 ileo,
1408 3165 1521 3219 CAPUT
1534 3164 1568 3220 XI

169 3219 268 3289 utique
282 3217 395 3272 homini
409 3216 522 3288 primo:
539 3214 616 3287 quod
631 3214 779 3282 amissum,
793 3214 953 3288 nisiaquo
968 3232 1017 3288 po
1139 3256 1142 3262 -
1573 3204 1579 3217 ’

169 3307 224 3362 tuit
250 3305 323 3368 dari,
347 3320 406 3359 non
438 3304 532 3375 potuit
554 3301 646 3356 reddi.
677 3303 757 3358 Unde
787 3303 896 3358 Veritas
926 3304 1012 3360 dicit:
1071 3288 1246 3359 Quidlwsst'i
1260 3288 1375 3372 ²²]me
1393 3287 1540 3371 “rbftti'um
1555 3301 1653 3370 ΡΝ·
1671 3288 1753 3371 OM
1772 3286 1909 3358 ΜΡΝ

170 3395 230 3450 «si
251 3411 300 3449 vos
316 3395 404 3450 Filius
428 3391 598 3456 liberaverit,
623 3406 688 3445 vera
712 3390 796 3447 libari
826 3391 904 3445 eritis
924 3391 1015 3462 (loun.
1262 3359 1377 3414 ζώω
1391 3358 1538 3413 mmm
1552 3373 1611 3413 ΜΘ
1625 3363 1729 3428 ΨΜ·

169 3499 232 3551 vnr,
245 3483 301 3553 36).
319 3503 332 3532 »
607 3534 612 3551 ,
1105 3480 1680 3553 Habentitaqueomnashomines,etiam
1692 3481 1911 3553 quialienisunt

207 3572 274 3626 Ecce
297 3568 467 3625 sanctissimi
491 3570 587 3623 Patres
616 3583 675 3622 non
696 3571 804 3639 negant
826 3567 950 3623 liberum
974 3585 1016 3623 ar·
1070 3570 1910 3642 aChristo,liberumarbitrium3sedtalequalcistiPatrcs

169 3659 289 3715 bitrium
317 3673 378 3712 asse
398 3656 427 3711 in
446 3655 624 3725 hominibus,
647 3656 696 3711 scd
720 3655 823 3710 docent
840 3656 870 3710 in
881 3657 1017 3727 praevari·
1070 3660 1233 3726 ostendunt,
1250 3659 1277 3713 id
1293 3665 1337 3714 est
1350 3659 1381 3713 in
1395 3659 1629 3731 prevaricatione
1646 3660 1716 3714 Adae
1730 3659 1909 3720 infirmatum,

170 3748 282 3806 catione
309 3747 377 3801 Adae
402 3745 562 3799 naturalem
593 3743 811 3816 possibilitatem
836 3748 864 3798 et
884 3745 1017 3799 innocen·
1070 3748 1196 3803 naturali
1216 3747 1406 3818 possibilitate
1429 3752 1456 3801 at
1479 3747 1644 3801 innocentia
1667 3748 1838 3818 spoliatum,
1862 3746 1911 3801 siue

170 3838 241 3892 tiam
255 3835 423 3908 perdidisse.
1071 3837 1183 3895 Christo
1205 3837 1278 3892 nulli
1301 3836 1376 3891 bono
1399 3835 1464 3890 usui
1485 3840 1595 3907 aptum.
1610 3835 1726 3891 Habent
1746 3852 1849 3891 omnes
1871 3835 1912 3889 bo·

121 3930 123 3935 ’
208 3927 270 3981 Non
293 3929 402 3996 negant
426 3922 550 3977 liberum
574 3921 693 3976 humani
718 3919 832 3991 generis
854 3920 1017 3990 arbitrium,
1071 3926 1164 3982 minas
1192 3926 1362 3981 naturaliter
1386 3930 1512 3980 mentem
1541 3925 1713 3980 rationalem
1738 3930 1768 3980 at
1796 3926 1911 3980 intellec-

170 4016 220 4072 scd
234 4014 337 4069 docent
352 4012 427 4085 quod
444 4027 529 4067 namo
545 4009 601 4064 uisi
616 4026 668 4080 per
682 4009 826 4064 Christum
841 4009 930 4064 libero
945 4009 1018 4065 bane
1071 4015 1190 4080 tualam,
1207 4029 1264 4084 qua
1284 4013 1394 4084 possint
1421 4012 1584 4068 discerncre
1608 4028 1641 4067 ac
1665 4012 1840 4083 dijudicare,
1858 4027 1911 4067 cun

171 4109 267 4161 utatur
280 4102 398 4159 arbitrio
416 4117 422 4156 :
439 4116 498 4155 non
523 4103 631 4170 negant
651 4097 772 4153 liberum
790 4097 955 4164 arbitrium,
970 4097 1018 4153 sed
1072 4103 1106 4158 ad
1125 4102 1280 4157 rationales
1304 4117 1395 4156 anuos
1419 4101 1559 4170 venerint,
1590 4101 1665 4156 inter
1692 4101 1773 4157 bona
1792 4108 1822 4157 et
1839 4103 1912 4167 mala,

170 4195 274 4250 docent
294 4191 370 4263 qnod
385 4189 426 4244 ita
446 4191 519 4244 Deus
545 4187 653 4257 inipso
677 4186 767 4241 libero
792 4191 928 4257 operetur
946 4186 1020 4240 arbi·
1071 4191 1147 4246 iuter
1158 4190 1235 4261 justa
1255 4194 1284 4245 et
1297 4189 1413 4261 injusta.
1429 4190 1540 4246 liabent
1556 4189 1643 4245 otiam
1662 4191 1836 4245 naturaliter
1854 4189 1911 4243 iosi-

171 4282 228 4338 tric
248 4286 281 4336 ut
299 4283 397 4334 sancta
420 4276 566 4347 cogitatio.
588 4274 667 4346 pium
687 4273 846 4344 consilium,
863 4274 1015 4346 omnisque
1036 4281 1134 4336 [itum
1149 4279 1300 4334 arbitrium
1320 4278 1475 4334 voluntatis
1495 4282 1526 4335 ut
1539 4279 1640 4335 codem
1666 4279 1790 4334 arbitrio
1816 4278 1912 4349 possint

172 4372 267 4423 motus
280 4367 363 4422 bouae
376 4365 530 4420 voluntatis
544 4380 577 4420 ex
594 4364 651 4419 000
669 4362 714 4417 sit·
1070 4368 1245 4436 vallemala,
1269 4367 1382 4440 possint
1403 4367 1475 4422 velle
1495 4367 1582 4422 ctiam
1603 4365 1736 4438 quaedam
1758 4366 1857 4422 bona:
1872 4362 1911 4420 sed

208 4456 272 4510 lton
290 4458 396 4526 negant
414 4454 536 4508 liberum
558 4450 721 4519 arbitrium,
737 4451 785 4507 sed
808 4452 921 4520 docent,
941 4451 1018 4524 quod
1071 4457 1200 4513 humana
1226 4456 1375 4511 affcctione
1398 4456 1435 4511 ad
1464 4455 1619 4511 humanam
1648 4455 1912 4526 sociatutcmatqna

171 4542 278 4599 auxilio
306 4547 335 4598 et
353 4558 473 4598 munera
498 4541 549 4597 Dei
569 4557 627 4596 non
651 4540 781 4596 aufertur
803 4541 924 4595 liberum
940 4539 1018 4608 arbi·
1073 4547 1250 4601 honestatem
1274 4544 1459 4615 pertinentia.
1489 4544 1558 4608 Oua
1579 4544 1680 4598 cadem
1701 4543 1834 4599 humana
1856 4542 1912 4597 alie·

171 4633 272 4701 trium,
298 4631 346 4686 sed
369 4630 576 4699 liberatur3'ut
594 4629 630 4685 da
654 4630 805 4684 tenebroso
827 4629 963 4695 lucidum,
984 4629 1018 4683 da
1073 4635 1179 4701 ctione,
1195 4633 1237 4687 vel
1260 4637 1376 4704 propter
1395 4633 1492 4704 aliqua
1507 4631 1678 4703 temporalia
1705 4633 1861 4688 commoda
1874 4648 1912 4701 ap·

172 4738 259 4795 pravo
278 4724 399 4786 rectum,
423 4720 457 4775 de
477 4718 615 4791 languido
639 4734 751 4785 sanum,
776 4718 811 4774 de
834 4717 1018 4788 imprudente
1071 4726 1223 4794 petuntur,
1237 4723 1281 4776 vel
1305 4726 1423 4794 propter
1438 4721 1531 4793 ipsam
1545 4721 1730 4776 solummodo
1753 4722 1822 4777 vitm
1836 4723 1912 4778 hona·

172 4813 209 4867 sit
223 4808 385 4882 providum.
1073 4816 1185 4866 statem.
1201 4810 1254 4866 Sed
1270 4811 1438 4882 hujusmodi
1455 4811 1581 4865 bumana
1600 4810 1687 4877 bona,
1714 4827 1784 4882 quae
1797 4812 1912 4866 humana

208 4901 271 4954 Non
290 4901 397 4968 negent
414 4895 536 4950 liberum
560 4893 722 4963 arbitrium,
745 4895 793 4950 scd
822 4893 927 4950 docent
941 4894 1018 4966 quod
1073 4898 1223 4954 affectione
1247 4902 1341 4970 potest
1363 4898 1447 4969 velle,
1474 4903 1569 4970 potest
1591 4897 1680 4953 etiarn
1711 4911 1911 4971 nonnunquam

171 4986 311 5058 inprime
328 4983 444 5040 bomine
455 4982 643 5050 infirmatum,
660 4982 716 5037 nisi
730 4998 783 5054 per
792 4982 915 5054 gratimn
929 4983 1020 5054 bapti·
1074 5003 1159 5058 agere
1171 4988 1299 5042 bumana
1315 4991 1418 5042 natura
1434 5003 1441 5042 :
1457 5003 1522 5042 cnm
1538 4991 1657 5058 propter
1671 4988 1912 5058 temporaliabeua

172 5075 228 5133 ami
242 5090 301 5130 nou
317 5077 411 5144 potest
420 5071 555 5144 reparari.
1073 5078 1259 5147 appetuntur,
1276 5073 1432 5130 sinedubio
1447 5073 1618 5146 cupiditates
1632 5080 1717 5142 sunt;
1734 5091 1802 5130 cum
1812 5079 1911 5147 propter

210 5167 273 5221 lton
300 5166 407 5235 negent
431 5161 555 5216 liberum
580 5161 744 5228 arbitrium,
760 5161 809 5216 sed
825 5159 928 5217 docent
950 5165 1019 5216 tunc
1073 5164 1165 5218 solam
1177 5161 1511 5231 vitaehonestatem,siue
1523 5161 1755 5218 dubioiuflataet
1767 5164 1908 5218 elataauul.

171 5268 310 5312 assevero
323 5251 459 5321 liberum,
473 5265 539 5305 cum
555 5249 629 5305 vitiis
646 5251 823 5321 peccatisque
845 5264 903 5305 nou
918 5250 1018 5319 sarvit;
1072 5251 1178 5306 Tamen
1191 5253 1285 5321 potest
1303 5266 1337 5305 aa
1349 5249 1520 5317 discernere,
1534 5251 1726 5321 potestatiam
1736 5253 1822 5317 velle,
1832 5251 1909 5322 potest

172 5344 274 5398 docant
287 5339 343 5396 lale
358 5339 456 5394 datum
472 5354 562 5393 essaa
579 5339 646 5393 lieo.
660 5339 766 5394 [locent
781 5337 859 5409 quod
869 5338 1018 5406 amissum,
1073 5339 1157 5394 otiam
1173 5339 1288 5408 babere,
1299 5339 1471 5410 inquantum
1482 5339 1607 5394 naturali
1620 5339 1700 5394 bonu
1716 5340 1875 5412 adjuvatur,
1887 5339 1908 5389 et

173 5430 323 5502 uisiaquo
333 5426 513 5500 potuitdari,
527 5426 690 5499 nonpotuit
706 5426 798 5482 reddi.
814 5426 893 5482 Unde
907 5427 1019 5483 Veritas
1074 5428 1125 5483 Dei
1147 5427 1335 5500 dispositione
1357 5427 1533 5499 permittitur
1560 5427 1689 5483 bumana
1711 5433 1825 5484 natura.
1846 5424 1908 5483 Talia

173 5516 264 5572 dicit:
282 5535 297 5569 a
313 5518 342 5574 Si
357 5533 407 5572 vos
422 5515 509 5572 Filius
523 5515 697 5584 liberaverit,
712 5532 780 5572 vere
794 5515 881 5571 libari
894 5514 983 5571 critis.
1004 5535 1018 5569 a
1074 5532 1198 5588 namque
1211 5517 1285 5574 bona
1306 5521 1335 5572 ct
1346 5515 1377 5572 in
1391 5516 1502 5573 catoris
1521 5515 1613 5574 videri
1636 5518 1730 5574 solent
1747 5516 1908 5575 nominibus
