3930 6098
71 268 97 322 lt

71 402 124 475 quia
146 399 328 464 crediderunt,
347 398 403 452 sed
441 397 494 470 'rjai
522 397 670 469 eliguntur
697 401 731 452 ul
757 397 926 466 credanl31l

70 488 208 548 hancenim
222 494 251 542 et
279 488 417 544 Dominus
440 487 502 560 ipse
526 487 593 542 salis
619 487 712 559 aperit
735 487 783 542 ubi
798 487 889 545 dicit:

72 581 141 634 1Non
162 595 208 631 ros
223 593 268 632 mc
284 577 421 647 elegistis,
441 577 491 631 sed
506 592 559 646 ego
573 592 622 630 vos
637 575 710 646 elegi
735 576 826 646 (loon.
843 592 888 644 rr,

72 669 136 736 ill.»
159 668 225 721 Nam
241 666 266 720 si
288 671 443 736 propterea
461 665 545 719 electi
568 670 651 719 erant
678 665 747 735 quia
761 664 888 719 credide-

69 761 124 823 rant,
146 755 199 826 ipsi
214 771 280 809 cum
300 754 381 825 prius
403 753 501 825 utique
523 753 670 824 elegeraut
690 752 832 808 credendo
859 752 890 807 in

69 848 163 911 euu,ut
176 843 244 914 eligi
255 846 435 897 mererentur
449 859 456 897 :
471 841 562 896 aufert
577 845 673 896 autern
689 841 743 895 hoc
771 840 898 895 omnino·

68 933 103 1004 qni
114 933 174 986 dicit
188 949 195 985 :
214 932 301 988 «Non
316 947 364 986 ros
380 946 425 985 me
436 930 571 1001 elegistis,
584 930 632 985 sed
644 945 697 1000 ago
713 946 760 983 vos
772 929 855 1000 clegi.
873 950 887 979 a

68 1022 90 1075 u
102 1021 146 1090 ipsi
160 1020 277 1090 quidem
294 1020 393 1090 procul
407 1018 494 1073 dubio
516 1019 754 1088 elegerunteum,
771 1018 887 1088 quando

67 1108 224 1161 crediderunt
235 1107 265 1161 in
276 1123 359 1173 eum;
376 1106 451 1161 nude
467 1122 523 1161 aon
543 1107 579 1161 ob
593 1106 671 1160 aliud
683 1104 772 1159 dicit:
794 1123 809 1157 a
826 1106 888 1159 Non

67 1212 103 1248 ros
119 1211 158 1248 me
181 1194 317 1264 elegistis,
335 1195 386 1250 sed
409 1211 462 1264 ega
477 1210 526 1248 vos
540 1194 625 1265 elegi,
642 1214 656 1243 a
673 1193 727 1247 nisi
747 1193 886 1264 quianon
920 1195 923 1199 '

65 1285 191 1353 elegerunt
205 1288 236 1339 ut
249 1284 370 1354 eligeret
384 1299 444 1349 eos,
461 1283 510 1337 sed
531 1287 560 1336 ut
574 1284 721 1352 elegerent
744 1297 810 1336 euni
826 1282 887 1335 ele-

63 1373 157 1441 giteos,
173 1371 242 1442 quia
263 1371 459 1426 misericordia
482 1370 544 1441 ejus
563 1370 760 1441 proeveuileos
787 1384 887 1424 sacun-

60 1461 114 1514 dnm
135 1459 265 1530 gratiam,
286 1475 345 1513 nou
367 1458 527 1513 secundum
541 1457 680 1513 debitum.
703 1458 795 1528 Elegit
817 1474 885 1528 ergo

58 1565 95 1601 eos
108 1549 138 1602 de
152 1548 268 1613 mundo,
289 1563 355 1602 cum
369 1547 416 1601 hic
429 1550 529 1617 ageret
543 1560 658 1600 caraem
672 1544 732 1616 lul..
747 1545 776 1600 in
790 1546 884 1616 carne]

55 1638 95 1690 scd
109 1636 163 1706 jam
179 1636 283 1690 clectos
308 1635 338 1688 iu
362 1635 457 1705 seipso
484 1639 550 1688 aule
575 1634 677 1689 muudi
702 1633 881 1688 constitutio·

52 1741 109 1778 acm
125 1739 131 1778 :
145 1724 205 1778 haec
219 1734 263 1779 est
284 1723 444 1778 immobilis
463 1723 567 1778 veritas
582 1722 840 1794 predestinationis
855 1727 884 1778 et

50 1813 159 1884 gratim]

901 1696 920 1750 u

558 262 626 336 ,uu
646 262 978 321 rumuusrtuatluuu
1000 262 1068 318 DEI.
1085 291 1120 301 -
1135 262 1203 319 utu.
1224 263 1259 319 ll.

1759 273 1813 327 le·

946 396 1079 452 norimus
1095 397 1236 468 possimus
1251 398 1374 469 operari,
1390 415 1490 456 verum
1506 401 1592 458 etiam
1607 404 1747 475 prevenit
1762 405 1791 460 in

945 486 1079 540 omnibus
1093 485 1201 541 iaciens
1213 486 1242 541 in
1259 487 1343 541 nohis
1355 493 1383 543 et
1398 491 1574 545 voluntatem
1593 509 1650 563 qua
1669 493 1792 549 velimus

945 579 974 628 et
996 575 1139 645 possimus
1163 574 1255 630 lacero
1281 575 1402 646 honum,
1433 584 1461 632 et
1481 579 1609 635 tribuens
1632 580 1792 655 fidemque

943 676 1002 716 non
1014 661 1107 716 solum
1122 662 1272 717 credamus
1282 662 1312 717 iu
1324 664 1424 729 unuin,
1436 668 1630 722 verumetiam
1643 685 1694 740 per
1706 686 1792 741 quam

944 765 1124 821 quaecunque
1147 751 1400 822 postulaverimus,
1428 752 1614 824 impetremus
1631 774 1646 811 a
1663 758 1721 811 [leo
1739 774 1745 813 :
1763 759 1790 813 id

943 842 1026 893 estet
1049 838 1223 910 principium
1245 839 1323 908 lidei,
1350 845 1378 894 el
1393 841 1604 911 plenitudinem
1623 846 1685 915 ejus
1710 846 1792 901 nobis

943 926 1053 981 danaus
1068 942 1075 981 ι
1091 927 1139 982 sed
1155 931 1183 981 ct
1202 928 1300 982 omnia
1326 945 1414 999 opera
1429 935 1516 997 recta,
1537 935 1567 984 ut
1585 933 1728 1002 possimus
1750 935 1762 988 l
1778 966 1790 976 -

941 1030 1005 1070 cere
1016 1018 1107 1087 gratia
1122 1016 1261 1086 largiente
1274 1017 1491 1088 possibilitatem
1508 1019 1665 1090 accipimus
1679 1022 1788 1077 facien·

941 1104 980 1159 di.
997 1105 1061 1159 llaec
1074 1120 1139 1159 cum
1155 1120 1189 1160 ex
1211 1105 1407 1176 superioribus
1432 1108 1581 1163 sententiis
1603 1109 1672 1164 satis
1697 1112 1790 1166 maui-

941 1192 1012 1247 lesla
1024 1194 1104 1260 liant,
1120 1199 1181 1249 turn
1194 1210 1310 1267 qaoque
1326 1211 1360 1249 ex
1374 1201 1539 1251 sanctorum
1562 1198 1679 1253 Petrum
1697 1199 1790 1265 dictis,

941 1295 1066 1350 quorum
1083 1280 1129 1335 hic
1140 1281 1306 1336 testimonia
1320 1288 1440 1355 propter
1455 1283 1625 1340 brevitatem
1640 1286 1791 1342 omisimus

940 1384 1058 1438 ponere,
1087 1369 1155 1423 salis
1185 1375 1345 1440 patescunt.
1369 1373 1431 1428 lam
1457 1389 1523 1429 tero
1539 1374 1574 1429 de
1600 1375 1789 1445 praedestina·

940 1457 1019 1512 tione
1034 1465 1199 1513 sanctornm
1222 1458 1262 1514 ita
1277 1460 1371 1530 posita
1399 1462 1565 1517 testimonia
1586 1461 1789 1519 incunctanter

940 1542 1108 1612 loquuntur,
1136 1548 1168 1597 ut
1189 1546 1317 1598 omnium
1330 1545 1600 1616 predestinatorum
1635 1564 1788 1604 numerum

940 1628 1091 1685 delinitum
1115 1647 1176 1686 esse
1200 1631 1331 1699 doceant,
1360 1640 1389 1689 et
1408 1635 1555 1689 neminem
1580 1652 1681 1691 corum
1705 1645 1811 1707 posse'

938 1718 1042 1788 perire.
1060 1718 1128 1783 Quae
1148 1735 1213 1773 cnm
1237 1721 1277 1775 ila
1303 1722 1371 1790 sint,
1384 1723 1445 1794 jam
1462 1724 1616 1779 ridendum
1632 1730 1675 1780 est
1691 1731 1786 1781 utrum

938 1806 1006 1860 nrali
1022 1807 1214 1878 predestinati
1231 1808 1288 1865 sint
1306 1810 1342 1864 ad
1362 1827 1476 1880 paenam
1491 1811 1559 1867 :sed
1578 1829 1642 1867 cum
1659 1829 1693 1866 ex
1717 1830 1789 1885 prae·

76 1901 148 1955 Sicut
161 1901 238 1955 euim
254 1917 289 1956 cx
304 1900 348 1956 his
363 1916 429 1971 quae
444 1899 570 1954 breviter
585 1899 619 1954 dc
632 1898 710 1954 beati
727 1899 882 1970 Augustini
937 1894 1128 1968 destinatione
1143 1900 1305 1952 sanctorum
1321 1899 1374 1952 lroc
1389 1899 1470 1955 lacile
1486 1899 1573 1971 possit
1589 1901 1695 1972 colligi,
1717 1902 1785 1972 quia

46 1988 104 2043 libri
125 1990 301 2060 collegimus,
333 1989 457 2060 intelligi
484 1987 570 2043 datur
594 1989 692 2043 omnia
717 1994 881 2043 sanctorum
936 1983 960 2037 si
983 1983 1101 2038 illorum
1124 1990 1201 2039 certa
1215 1991 1258 2041 est
1283 1987 1506 2057 praedestinatio,
1523 1993 1552 2043 et
1578 2005 1663 2044 nemo
1690 1995 1786 2060 potest

42 2075 117 2145 lecta,
145 2077 220 2132 dicta
248 2081 277 2131 et
299 2076 489 2148 cogitationes
513 2080 609 2138 rcctae,
629 2075 734 2146 quibus
762 2072 882 2128 coelestis
936 2071 1031 2142 perire
1045 2072 1211 2143 electorum,
1228 2074 1358 2146 seqnitur
1374 2079 1404 2130 ut
1419 2076 1506 2130 etiam
1521 2077 1709 2148 reproborum
1734 2078 1785 2133 dc·

40 2166 337 2236 ragnibertitudinem
362 2171 530 2220 mereantur
553 2164 693 2235 accipere,
721 2179 778 2218 non
799 2179 816 2217 a
837 2177 880 2216 se·
935 2160 1018 2216 finita
1033 2164 1133 2232 procul
1158 2163 1247 2217 dubio
1272 2163 1310 2218 sit
1332 2164 1566 2235 predestinatioz
1586 2181 1679 2237 neque
1708 2166 1785 2221 enim

38 2255 162 2325 metipsis
177 2255 297 2325 habent,
322 2254 372 2309 sed
394 2253 488 2325 gratia
509 2252 629 2323 superni
655 2251 784 2306 muneris
806 2266 882 2304 acce·
938 2249 987 2303 lici
1004 2249 1165 2321 dispositio,
1187 2267 1253 2323 quae
1271 2258 1434 2307 sanctorum
1451 2269 1605 2309 nnmerum
1626 2254 1665 2309 ita
1680 2255 1785 2310 consti·

37 2347 150 2412 perant,
174 2359 298 2414 cumque
313 2342 438 2398 liberum
453 2340 608 2396 voluntatis
622 2340 756 2394 humanae
781 2339 817 2393 sit
836 2354 880 2393 ur·
936 2337 992 2392 tuit
1018 2342 1051 2393 ut
1073 2354 1158 2392 uerno
1178 2356 1212 2394 er
1240 2339 1282 2395 eis
1308 2341 1403 2412 perire
1432 2341 1531 2412 possit,
1552 2358 1609 2396 nou
1639 2342 1727 2397 etiam
1751 2343 1786 2398 dc

36 2425 881 2497 bitrium,ialirmumtamenetinvalidumesladopusjusti·
936 2426 1066 2496 reprobis
1095 2427 1206 2498 aliquid
1226 2428 1385 2498 judicavit,
1410 2430 1460 2484 sed
1484 2429 1551 2501 quid
1575 2445 1609 2484 ex
1630 2431 1685 2485 hoc
1721 2447 1786 2486 sau·

35 2519 89 2585 tiae,
107 2518 131 2572 si
148 2535 206 2572 noa
221 2516 603 2589 pcrlleigratiamvalidum
617 2515 668 2570 tlat
680 2519 709 2569 et
721 2514 804 2580 torte,
816 2529 881 2585 quae
935 2517 1046 2568 ciorum
1071 2513 1149 2569 dicta
1176 2515 1332 2589 loquantur
1355 2519 1486 2589 sequenti
1516 2519 1613 2573 libello
1647 2525 1787 2574 monstra·

34 2607 82 2662 Dei
99 2606 194 2679 gratia
208 2623 267 2661 non
283 2608 377 2661 solum
397 2605 582 2677 subsequitur
603 2619 666 2673 nos,
686 2607 716 2658 ut
729 2603 805 2658 lona
816 2618 882 2674 quoe
935 2599 1015 2656 bitur
1033 2610 1055 2655 ⁸.

65 2778 78 2802 ⁸
96 2768 142 2824 ud
166 2769 271 2823 calcem
287 2768 353 2824 libri
376 2767 464 2839 primi
478 2767 540 2822 hec
554 2766 699 2821 interserit
722 2766 817 2822 editor
832 2766 881 2821 Bi·
935 2761 1003 2831 lato,
1019 2768 1108 2818 testor
1127 2767 1300 2835 praesentem
1315 2766 1426 2836 copiam
1443 2767 1478 2822 de
1502 2767 1588 2823 aerbo
1605 2769 1639 2823 ad
1666 2769 1784 2825 verbnm

30 2839 184 2894 hliothecae
203 2841 321 2895 Petrum
340 2838 560 2920 Lugdunensis:
588 2843 686 2892 cern.
707 2837 879 2909 lleymundi,
935 2849 995 2887 esse
1020 2834 1112 2888 eidem
1141 2835 1274 2907 originali
1298 2838 1483 2892 conformem.
1515 2841 1570 2894 llac
1594 2841 1611 2894 t
1640 2842 1785 2896 Februarii

29 2912 162 2966 notarius
186 2911 329 2980 publicus,
368 2927 429 2964 vrso
458 2909 594 2981 originali
628 2909 822 2979 ruauuscripto
850 2910 880 2963 in
934 2907 1125 2960 unstrote.»

31 2982 189 3036 chlicnci
224 2982 364 3046 coeuabio,
392 2986 420 3036 el
443 2997 497 3052 per
520 2995 566 3034 me
606 2980 643 3034 ad
672 2980 789 3050 longum
824 2980 879 3033 col-

575 3299 828 3376 PRAEFATIO
865 3299 994 3375 LIBRI
1034 3298 1238 3374 SECUNDI

734 3494 775 3539 ΔΙ)
798 3492 943 3539 ceuottir
964 3493 1080 3537 REGEM.

61 3819 224 3893 Superiora
238 3818 348 3884 libello,
361 3833 409 3873 rex
424 3815 569 3887 religiose,
585 3831 643 3886 qna
659 3812 885 3869 traluihravitate
901 3818 921 3874 c
938 3811 1044 3868 nostris
1069 3810 1173 3879 verbis,
1189 3811 1238 3867 sed
1262 3815 1425 3867 sanctorum
1446 3812 1528 3867 dictis
1554 3814 1785 3870 monstravimus.

31 3917 201 3965 unctorum
229 3907 304 3962 dicta
335 3907 502 3976 decerpens,
531 3902 642 3974 aperui,
667 3918 720 3973 pro
748 3903 887 3973 qualitate
941 3902 1076 3972 Superest
1103 3917 1179 3955 nunc
1205 3905 1236 3956 ut
1267 3901 1301 3955 de
1326 3901 1579 3972 predestinatione
1607 3901 1786 3973 iniquorum,

36 3999 148 4070 ingenii
167 3993 476 4067 aostri,quodomuia
498 3991 604 4047 divinis
632 3995 754 4062 agantur
772 3989 885 4063 dispen·
937 3990 1019 4063 juata
1038 3991 1116 4062 quod
1138 3988 1353 4061 magnificentia
1376 3995 1468 4044 vestra
1489 3990 1607 4063 dignata
1633 3995 1676 4046 est
1704 3991 1786 4046 nohis

36 4086 214 4152 sationibus3
232 4091 260 4139 et
278 4085 345 4139 licet
362 4082 529 4155 iniquorum
545 4096 640 4152 pravae
656 4079 713 4134 sint
727 4080 888 4133 voluntates
940 4080 1103 4151 injungere,
1118 4084 1282 4134 sanctorum
1296 4078 1370 4134 dicta
1386 4080 1515 4150 exempla
1527 4079 1697 4151 colligamus
1714 4095 1720 4134 :
1737 4079 1786 4134 ubi

37 4179 65 4228 et
91 4174 223 4228 actiones
255 4187 408 4243 perverse,
438 4185 622 4241 nequaquam
649 4167 887 4238 tarneuellugere
941 4168 1028 4223 etiarn
1044 4167 1079 4223 de
1098 4171 1261 4223 sanctorum
1277 4167 1531 4238 praedestinatione
1558 4169 1664 4240 pariter
1687 4170 1787 4242 loque·

40 4267 160 4334 possunt
180 4261 342 4317 divinorum
365 4257 609 4330 dispensationem
621 4255 888 4327 judiciorumzsed
942 4272 1017 4311 mur.
1046 4257 1115 4321 Qum
1138 4272 1202 4310 cum
1218 4256 1325 4311 luerint
1347 4256 1465 4312 anobis
1492 4257 1636 4328 explicita,
1664 4258 1789 4313 breviter

10 4376 12 4385 ·
41 4352 116 4407 unde
130 4353 190 4407 lleo
204 4351 402 4417 adversantur,
419 4347 487 4403 inde
503 4346 580 4401 illins
596 4343 735 4400 voluntati
748 4343 886 4398 serviunt.
942 4344 1053 4416 aperire
1073 4345 1243 4399 conabimur
1258 4345 1503 4416 quemadmodum
1523 4362 1588 4402 cum
1608 4348 1683 4403 Deus
1697 4348 1789 4403 malos

43 4441 113 4495 llinc
127 4454 244 4512 quoque
258 4436 455 4505 manifestum,
472 4440 611 4507 quautam
626 4431 779 4501 credimus,
791 4431 890 4487 elicuit
941 4433 1159 4508 predestinatos
1172 4432 1277 4489 habeat
1291 4435 1325 4490 ad
1340 4451 1466 4506 poenam,
1488 4451 1547 4490 non
1566 4439 1662 4492 tamen
1692 4440 1790 4492 auctor

44 4531 185 4599 quianon
199 4529 294 4583 solum
319 4541 384 4598 quae
399 4529 476 4591 stant,
491 4523 538 4578 sed
565 4527 594 4578 et
616 4538 681 4594 qnae
702 4521 799 4577 lutura
823 4524 890 4576 sunt
942 4525 978 4579 sil
993 4523 1147 4589 malarum,
1168 4537 1220 4576 aec
1235 4521 1271 4577 sit
1285 4522 1441 4578 voluntatis
1456 4524 1517 4595 ejus
1540 4524 1664 4596 perditio
1688 4525 1791 4598 impia·

47 4618 189 4688 deperient
216 4614 340 4670 caelestis
364 4611 515 4685 sapientia,
541 4616 570 4666 ct
598 4610 825 4682 unumquodque
853 4609 889 4662 ad
943 4627 1027 4666 rum:
1050 4609 1133 4675 «Qui
1147 4626 1248 4665 ornnes
1264 4611 1394 4666 homines
1405 4613 1466 4667 vult
1479 4614 1598 4682 salvare,
1615 4618 1644 4669 et
1657 4615 1693 4669 ad
1712 4613 1791 4687 agni·

47 4722 125 4760 suam
137 4705 224 4759 linem
240 4701 382 4776 perducit,
394 4718 453 4757 non
469 4701 561 4756 solum
577 4699 678 4770 bouus,
691 4713 788 4752 verum
803 4694 889 4751 etiarn
942 4699 1050 4756 tionem
1066 4698 1192 4754 veritatis
1207 4699 1302 4754 vcnirc
1318 4701 1344 4769 ll
1362 4701 1432 4755 Tim.
1458 4718 1488 4768 n,
1506 4703 1545 4774 l).
1563 4723 1577 4752 »
1603 4703 1790 4759 obsecramus

47 4794 143 4861 mdes,
160 4793 319 4848 secundnm
345 4791 422 4864 qnod
440 4794 506 4845 ante
528 4788 633 4843 secula
647 4785 820 4841 eternaliter
834 4783 890 4838 dis·
943 4794 1041 4843 autem
1055 4787 1255 4843 celsitudinem
1279 4789 1436 4860 majestatis
1458 4796 1566 4859 restrae,
1583 4796 1616 4846 ut
1629 4792 1654 4846 si
1675 4792 1744 4864 qnid
1759 4793 1790 4847 ia

47 4882 146 4952 posuit,
171 4882 337 4937 moderatur
363 4883 392 4935 et
415 4877 496 4949 agit;
524 4881 553 4931 et
577 4875 650 4930 sicut
676 4877 794 4928 nonest
816 4888 891 4927 nova
944 4876 1046 4932 litteris
1071 4875 1176 4931 nostris
1191 4875 1269 4947 quad
1294 4876 1372 4932 vobis
1397 4877 1584 4949 displicuerit,
1612 4879 1789 4945 inveneritis,

48 4971 178 5043 cogitatio
196 4969 275 5040 apud
299 4969 401 5034 Deum,
426 4967 466 5021 ita
479 4980 533 5019 nec
556 4978 665 5020 novum
680 4962 841 5026 consilium,
863 4966 891 5015 ct
944 4964 1166 5020 misericorditer
1181 4964 1341 5037 corrigatis,
1357 4965 1497 5039 nobisque
1516 4968 1687 5040 corrigenda
1699 4967 1789 5037 sigui·
1822 5001 1825 5005 -

48 5060 162 5131 quidde
179 5056 300 5128 singulis
326 5054 486 5127 agatur,in
505 5058 614 5108 eterna
641 5048 781 5122 sapientie
813 5049 891 5103 illius
944 5053 1029 5108 ticare
1055 5069 1112 5108 non
1135 5053 1355 5125 dedignemini:
1379 5056 1423 5111 vel
1453 5057 1476 5112 si
1507 5059 1571 5130 quis
1597 5055 1791 5128 deprehensor

48 5146 215 5219 dispositum
229 5149 273 5201 est
302 5149 331 5200 et
348 5141 570 5198 immutabiliter
595 5139 823 5195 determinatum.
839 5136 888 5193 os·
908 5121 1096 5197 Deristiterit
1112 5158 1223 5211 earum,
1250 5143 1335 5199 detur
1360 5145 1444 5200 nohis
1459 5146 1631 5201 defensionis
1648 5147 1733 5208 locus,
1759 5145 1791 5197 ut

47 5238 190 5292 tendimus
204 5235 292 5290 etiam
306 5231 591 5306 predestinationem
607 5234 770 5284 sanctorum
792 5227 890 5284 divina
942 5232 986 5286 vel
1002 5230 1215 5302 acquiescamus
1233 5232 1310 5304 juste
1329 5233 1563 5306 reprehendenti,
1577 5233 1621 5287 vel
1642 5232 1793 5291 confirmet

47 5327 135 5397 gratia
150 5325 223 5395 regi,
238 5339 292 5379 nec
305 5323 464 5377 electorum
475 5336 628 5376 numerum
643 5322 692 5374 aut
703 5334 787 5390 posse
798 5317 891 5374 minui
949 5337 1013 5375 mus
1034 5337 1099 5393 quae
1115 5337 1182 5377 vera
1202 5321 1312 5378 luerint
1336 5324 1422 5392 dicta,
1446 5327 1627 5391 vestramque
1656 5321 1793 5392 pietatem

46 5419 91 5467 aut
105 5412 234 5466 vacillari
251 5427 258 5465 :
275 5411 323 5466 sed
341 5411 414 5465 sicut
434 5412 502 5463 autc
528 5408 632 5462 saecula
658 5406 740 5461 electi
760 5411 836 5475 suut,
856 5407 896 5462 ila
949 5410 1023 5464 circa
1037 5409 1230 5467 humilitatem
1245 5417 1373 5468 nostram
1388 5426 1501 5480 semper
1511 5424 1674 5465 mereamur
1688 5412 1793 5471 hahere

46 5519 145 5557 corum
162 5500 262 5556 electio
283 5499 451 5554 inconvulsa
476 5497 613 5564 manebit,
633 5513 697 5567 qum
715 5495 813 5552 omnia
837 5511 895 5550 nan
948 5495 1112 5567 propitiam.

207 5597 353 5658 Parnon.
376 5595 491 5658 CXXI.
1617 5597 1638 5658 2
