3930 6098
626 244 730 300 alana
749 244 933 301 ADVERSUS
952 244 1105 301 GRAECDS.
1642 201 1645 207 Ι
1672 251 1734 321 ¹742

85 374 254 446 adragasima
277 374 306 428 in
332 374 433 429 ultima
458 374 618 444 septimana
644 374 916 446 qnintaferiaetin
940 375 1004 430 cibo
1035 387 1117 430 arcens
1144 375 1325 431 abstinentiae
1354 377 1466 447 perlicit
1499 382 1606 432 votum.
1626 379 1734 444 Quibus

85 479 129 517 um
151 465 271 527 solvero,
304 468 450 534 totamque
487 464 742 535 Ouedragesimam
771 463 833 518 sine
888 464 1049 534 ergodeest
1067 464 1260 518 diversitasac
1287 465 1482 536 multiplicitas
1504 465 1659 532 fructuum,
1684 484 1735 521 ne·

85 550 172 605 itione
202 553 333 617 transire,
364 551 513 623 magisque
545 551 693 606 eorrveniat
717 568 833 606 omnem
888 567 1033 623 quaquam
1055 551 1207 622 negabitur
1228 553 1308 606 cibus
1323 553 1358 607 ab
1372 555 1438 623 igne
1460 553 1603 609 decoctus.
1619 557 1734 610 Germa·

85 641 241 710 agesimam
256 640 382 694 districto
397 641 527 693 venerari
540 640 660 710 jejunio.
677 660 691 690 a
889 640 1033 694 niaetiem
1049 658 1064 694 a
1080 640 1158 695 lactis
1173 645 1201 694 et
1217 641 1311 710 butyri
1329 658 1360 694 ac
1383 642 1468 707 casei,
1491 647 1519 695 at
1541 658 1661 697 ovorum
1685 659 1735 698 esu

85 741 136 798 rgo
152 743 210 782 non
225 734 349 799 oportet,
363 733 392 782 ut
405 729 459 782 boc
479 734 612 782 censetur
622 728 751 794 consilia,
763 727 835 781 solvi
888 743 940 798 per
955 733 1043 782 totam
1058 728 1313 798 Ouedragosimam
1329 730 1501 798 generaliter
1517 746 1575 784 non
1592 731 1734 798 abstinet;

85 832 128 870 nm
143 815 174 869 in
193 817 278 870 Coena
293 812 417 884 Domini,
434 817 525 870 multo
537 816 629 887 magis
641 823 685 870 est
699 816 834 870 indecens
889 822 1007 886 excepto
1029 832 1115 886 quem
1131 822 1290 886 spontanee
1309 817 1428 871 attrahit
1452 819 1589 873 volutatus.
1608 820 1735 890 [lenique

86 903 177 959 udum
192 906 223 959 in
239 905 339 976 quinta
363 910 391 960 et
412 905 532 975 septima
549 904 620 959 laria
639 921 691 975 per
709 904 834 975 reliquas
889 904 1022 959 nonnulli
1037 905 1117 959 luere
1137 904 1306 959 rationabile
1326 904 1488 975 judicantes
1513 907 1622 960 solvere
1645 907 1735 962 absti-

86 993 222 1064 egcsimte
235 993 437 1048 hebdomadas.
890 993 1018 1047 nentiam
1033 993 1063 1047 in
1075 993 1161 1048 Coena
1176 993 1291 1047 Domini
1311 999 1339 1046 et
1352 994 1517 1060 Parascere,
1533 1011 1597 1066 quae
1610 995 1670 1050 dies
1683 1011 1735 1066 pro

301 1081 365 1136 Cae.
386 1081 513 1136 clxxiv,
889 1080 989 1134 dolore
1021 1081 1219 1151 apostolorum
1246 1080 1370 1150 liguram
1399 1080 1485 1135 hahet
1512 1082 1646 1152 tristitiae,
1674 1083 1735 1137 esni

86 1168 205 1224 datiam
222 1169 361 1240 quaeritur
382 1186 433 1223 cur
448 1186 505 1224 non
520 1185 663 1224 cassamus
681 1175 744 1223 octo
763 1168 833 1223 heb·
889 1184 1018 1236 orarum,
1036 1168 1121 1234 casei,
1138 1169 1219 1223 lactis
1238 1174 1266 1222 et
1280 1169 1376 1240 butyri
1397 1169 1524 1224 indebite
1539 1175 1568 1224 at
1582 1171 1683 1225 stolide
1694 1170 1737 1225 in·

85 1252 239 1307 llbnsante
262 1255 404 1308 Paschae
433 1255 563 1308 carnium
591 1270 651 1318 esu,
670 1258 698 1307 et
725 1258 835 1324 septem
889 1256 1049 1326 dulgentas.
1066 1257 1164 1327 ltaque
1189 1256 1281 1311 donec
1305 1256 1397 1327 gloria
1429 1257 1581 1312 Dominisae
1610 1273 1736 1312 resurre-

85 1345 144 1394 oet
159 1341 238 1406 oris;
252 1341 287 1395 ad
302 1342 356 1395 hoc
373 1341 498 1396 brevitor
510 1340 752 1410 respondendum,
767 1340 836 1410 quia
889 1343 992 1398 ctionis
1008 1360 1124 1415 vespere
1147 1344 1268 1412 sabbati,
1285 1360 1348 1414 qnae
1369 1344 1502 1398 elucescit
1518 1345 1546 1398 in
1562 1344 1656 1416 prima
1671 1347 1738 1400 seb-

85 1428 278 1499 rdragesimsli
294 1429 405 1498 jejunio
430 1446 480 1482 nos
503 1428 657 1499 perfectius
683 1429 834 1481 Dominum
889 1431 959 1498 bati,
975 1432 1141 1487 solemniter
1163 1433 1385 1503 appropinquet,
1411 1437 1439 1487 et
1461 1432 1537 1487 ouda
1560 1433 1738 1504 baptismatis

85 1531 145 1580 nur,
167 1517 218 1587 qui
231 1517 344 1572 eosdem
360 1518 419 1571 dies
443 1516 836 1586 continuatim,'ntipseDei
890 1521 942 1575 lllii
959 1520 1028 1574 lucis
1049 1527 1244 1586 renascantur,
1273 1527 1302 1575 et
1325 1521 1418 1575 Gloria
1444 1525 1473 1574 ia
1500 1523 1611 1576 eccelsia
1633 1525 1687 1577 Deo
1710 1527 1738 1577 et

85 1604 283 1675 ‚jejrioamua
313 1622 371 1659 non
396 1606 574 1670 dirimentes,
603 1622 655 1659 nec
680 1606 835 1658 interrum-
889 1611 1012 1664 Alleluia
1028 1614 1210 1680 praeconetur
1229 1609 1448 1663 resurrectionis
1463 1610 1567 1663 tllsrisli
1582 1611 1736 1680 gloriosam

85 1693 235 1763 aspeliam
251 1695 430 1748 abstinentiae
447 1698 476 1748 et
487 1694 601 1763 jejunii,
619 1693 691 1747 sient
705 1693 734 1746 in
750 1694 836 1746 Eran-
858 1667 1049 1763 Barietariam,
1067 1702 1096 1753 et
1116 1699 1253 1767 mysticus
1282 1713 1381 1751 cereus
1408 1702 1505 1750 sancta
1533 1698 1593 1750 luce
1622 1697 1736 1768 spirita·

85 1782 206 1851 legitur:
224 1784 258 1836 at
279 1797 337 1835 eura
357 1782 512 1850 jejunasset
536 1781 722 1847 qaeadraqlatu
742 1780 836 1833 diebus
891 1785 956 1839 liter
977 1784 1169 1856 resplendeat,
1192 1784 1342 1855 indignam
1373 1783 1452 1837 ducit
1478 1783 1519 1837 uti
1539 1783 1737 1854 hujuscemodi

85 1868 225 1937 tdraut'ttta
240 1871 372 1928 uectibus.
394 1875 489 1939 postea
505 1874 602 1923 esuriit
616 1869 722 1929 lahaim·
745 1885 781 1933 lv,
797 1869 835 1936 2).
891 1872 961 1927 cibis
976 1878 1068 1927 mater
1089 1872 1220 1940 Ecclesia,
1240 1887 1335 1942 quara
1357 1871 1450 1942 primo
1477 1871 1590 1925 Pastore
1615 1871 1738 1942 sumpsit

100 2043 836 2116 quintaetseptimaleriajejuninmsolverit,aliis
892 2049 984 2102 multa
1012 2048 1104 2119 spatia
1132 2048 1209 2101 orbis
1235 2047 1480 2117 Quadragesimali
1510 2053 1637 2118 ternpore
1667 2047 1737 2102 ordo

85 2135 261 2200 substinens,
277 2143 303 2187 nt
322 2134 411 2189 Graeci
430 2134 522 2188 lacere
538 2134 681 2196 dicuntur,
706 2133 753 2187 sad
769 2131 837 2202 ipsis
892 2135 1072 2190 abstinentiae
1101 2135 1302 2202 confundatur,
1338 2136 1518 2206 potissimum
1544 2142 1572 2188 et
1595 2136 1736 2207 optimum

85 2222 181 2293 aginta
195 2224 297 2277 diebus
311 2239 343 2276 ex
358 2239 419 2276 asse
438 2228 467 2277 et
482 2222 678 2292 perordinem
690 2220 835 2291 jejunans,
893 2223 998 2294 delegit
1014 2225 1141 2278 Romana
1157 2226 1238 2277 sedes
1257 2224 1424 2277 continuare
1449 2229 1477 2276 et
1501 2224 1654 2278 extendere
1670 2229 1736 2278 ante

85 2328 183 2366 amum
199 2312 339 2365 esurierit.
358 2310 516 2365 Dicendum
535 2311 621 2363 etiam
633 2310 700 2380 quia
716 2309 773 2362 sire
786 2323 838 2378 per
892 2313 1000 2366 Pascha
1006 2312 1149 2382 jejunium
1160 2312 1189 2366 in
1201 2328 1321 2366 numero
1333 2312 1524 2382 quadraginta
1537 2312 1660 2367 dieram.
1675 2313 1737 2367 Tri-

85 2399 271 2454 sebdomadas
295 2401 453 2469 jejunetur,
478 2398 615 2454 solvendo
638 2397 782 2468 jejunium
807 2397 838 2450 in
892 2401 1084 2471 gintaautem
1101 2407 1192 2455 etsex
1207 2401 1308 2455 diebus
1334 2401 1363 2454 in
1392 2400 1565 2455 abstinentia
1589 2405 1737 2470 computa·

86 2488 112 2542 is
141 2488 241 2559 quinta
267 2494 295 2542 et
325 2488 446 2559 septima
474 2488 553 2553 laria,
576 2486 837 2547 etdiaDominica‚
893 2490 938 2555 tis,
956 2488 1096 2558 adjunctis
1111 2495 1139 2543 et
1167 2494 1300 2560 quatuor,
1330 2490 1378 2560 qni
1395 2507 1410 2542 a
1427 2489 1518 2560 capite
1544 2489 1648 2560 Jejunii
1673 2489 1739 2544 inci·

85 2593 111 2632 ex
128 2576 357 2631 hebdomadibus
377 2576 565 2630 continuatim
590 2574 776 2641 abstineatur,
790 2591 839 2629 cx·
893 2578 987 2649 piant,
1003 2578 1118 2648 egregia
1138 2578 1386 2649 compaginamur,
1403 2584 1430 2631 et
1444 2579 1551 2649 absque
1574 2579 1632 2632 nlla
1646 2594 1740 2649 repre-

87 2666 290 2733 Dorninica,in
314 2671 436 2736 utroquo
463 2671 591 2735 ternpore
613 2663 732 2732 triginta
751 2668 838 2717 atses
893 2667 1031 2721 hensione
1055 2665 1174 2721 unimur
1191 2666 1303 2736 jejunio
1328 2666 1480 2721 salvatoris
1500 2667 1600 2734 nostri,
1627 2668 1740 2738 dequo

88 2771 107 2808 n
127 2754 512 2808 abstinentiainveniuntur.
541 2753 618 2807 Unde
642 2752 839 2806 rationabilius
893 2753 1067 2825 evangelista
1095 2753 1183 2807 dicit:
1213 2755 1247 2806 Et
1288 2770 1346 2807 eura
1372 2754 1527 2823 jejunasset
1553 2754 1740 2823 quadruplata

96 2841 158 2914 qui,
175 2842 328 2895 Dominum
346 2842 499 2908 imitantes
512 2841 700 2894 continuatim
717 2840 838 2910 quadra·
893 2843 988 2896 etlehas
1001 2848 1026 2896 et
1043 2843 1229 2910 'aaudraqlata
1253 2843 1386 2903 noctibas,
1408 2848 1504 2912 postea
1518 2847 1616 2897 eaustit
1628 2842 1738 2911 (llattlr.

85 2932 128 2985 sle
141 2931 285 3000 jejunium
301 2935 443 2996 exercent,
469 2945 557 3000 qaam
581 2929 631 2999 qui
646 2945 697 2999 per
712 2929 838 2998 aliquam
859 2959 879 3014 C
893 2947 930 2997 rr,
946 2934 986 3001 2).

85 3034 103 3073 n
135 3019 377 3088 intercapedinem
420 3018 492 3072 illud
531 3033 668 3089 peregere
697 3017 837 3071 videntur.
1213 3001 1424 3056 Cli-CLXXVI·

86 3106 189 3162 beatus
211 3123 285 3177 papa
312 3107 464 3177 Gregorius
489 3105 736 3177 quadragesimale
764 3121 840 3158 com·
929 3105 1047 3160 Sanctus
1082 3106 1230 3160 Faustinus
1258 3105 1407 3175 episcopus
1439 3105 1470 3157 in
1499 3105 1645 3158 Dominica
1674 3110 1740 3160 ante

85 3200 243 3266 stempas,
268 3197 394 3266 sospite
429 3212 477 3248 sex
502 3194 748 3248 hebdomadarum
768 3193 838 3247 illud
894 3193 1159 3265 Ouadregesimam,
1197 3192 1374 3246 homiliatico
1417 3208 1548 3246 sermone
1581 3193 1739 3247 secundum

85 3299 175 3338 rerarc
199 3283 309 3354 incipit,
334 3284 430 3336 diceas
455 3283 499 3336 his
522 3282 615 3336 verbis
640 3281 741 3348 (homil.
762 3283 794 3335 lb
810 3285 839 3334 la
894 3298 1003 3337 morem
1019 3282 1256 3352 illinstemporis,
1269 3281 1307 3334 ita
1318 3281 1468 3350 dejejunio
1482 3280 1738 3351 varieexsrqnitnr,

85 3371 356 3441 r.):aApraesenti
380 3370 706 3441 etenimdieusquead
723 3369 840 3440 pascha·
894 3371 1041 3426 dicens:«
1068 3372 1217 3425 Permolos
1237 3369 1471 3435 essevoscredo‚
1499 3368 1740 3423 lratresdilectis-

85 3459 245 3515 lemnitatis
272 3459 376 3531 gaudia
406 3475 452 3513 sex
482 3459 670 3513 hebdomadae
701 3459 838 3513 veniunt:
895 3457 1740 3530 simi,cnrasuperioreDominicaOuadragesimamper·

88 3564 118 3602 m
131 3548 261 3602 videlicet
286 3548 345 3602 dies
368 3548 558 3618 quadraginta
583 3551 610 3600 et
626 3547 683 3601 duo
700 3546 790 3615 finnt3
807 3563 840 3602 ex
895 3547 1055 3614 currimus;
1070 3551 1173 3601 etcum
1184 3547 1312 3602 hodiesit
1323 3547 1384 3616 ejus
1405 3545 1566 3613 exordium,
1578 3545 1741 3601 curlestivi·

85 3653 99 3689 s
117 3636 187 3690 dnm
202 3653 249 3689 sex
265 3636 325 3690 dies
350 3635 491 3689 Dominici
518 3635 553 3689 ab
577 3635 749 3689 abstinentia
773 3635 839 3689 sub·
895 3640 983 3690 tatem
997 3635 1059 3706 ejus
1079 3641 1145 3688 ante
1163 3651 1248 3688 unam
1264 3634 1471 3688 hebdomadam
1489 3634 1632 3689 celebrare
1647 3651 1740 3706 coepe·

85 3729 232 3790 ntor,non
256 3724 363 3795 plnsin
389 3723 561 3777 abstinentia
577 3739 661 3793 quam
679 3723 798 3793 triginta
813 3727 842 3776 et
897 3722 995 3776 rimus.
1013 3722 1195 3793 Reprehendi
1215 3738 1273 3776 non
1300 3727 1392 3792 potest
1420 3722 1578 3776 observatio
1595 3723 1648 3776 ista
1673 3738 1743 3795 prae·

88 3819 217 3867 manent.
233 3813 306 3865 Dum
329 3828 395 3865 vero
420 3828 472 3882 per
495 3817 637 3865 trecentos
651 3816 680 3864 et
693 3810 841 3880 sexaginta
895 3824 1037 3880 propere:
1063 3810 1223 3864 devotionis
1249 3810 1327 3863 enim
1354 3810 1493 3865 indicium
1510 3816 1538 3864 et
1553 3811 1633 3881 prius
1649 3811 1741 3883 legem

86 3917 122 3955 ue
137 3901 197 3954 dies
214 3916 305 3953 annus
331 3899 454 3963 ducitur,
472 3915 521 3953 nos
545 3904 641 3954 autem
659 3914 709 3969 per
724 3898 842 3969 triginta
897 3897 1024 3969 exsequi,
1041 3913 1128 3968 quam
1146 3897 1215 3967 legis
1235 3901 1339 3950 statuta
1356 3912 1526 3966 cognoscas,
1542 3903 1649 3952 etanta
1671 3898 1742 3952 obo-

85 3988 173 4044 rdies
197 3987 364 4057 affligimur,
394 3988 475 4057 quasi
503 3987 572 4040 anui
599 3986 689 4041 nostri
718 3987 841 4041 decimas
896 3987 957 4041 diro
974 3986 1134 4056 praeceptis,
1151 4001 1237 4056 quam
1254 3985 1424 4039 obedientie
1449 3990 1592 4056 praecepta
1612 3986 1741 4056 compel-

87 4091 180 4142 amus,
196 4081 229 4129 nt
241 4076 291 4147 qui
317 4075 533 4145 nobismetipsis
560 4091 613 4146 per
627 4080 776 4146 acceptum
791 4092 840 4130 an·
897 4077 965 4130 lant.
983 4076 1054 4130 Illud
1069 4075 1176 4129 amoris
1202 4079 1254 4136 est,
1271 4075 1325 4128 hoc
1348 4068 1478 4141 timoris;
1494 4074 1548 4128 hoc
1572 4074 1741 4146 imperative

85 4165 206 4226 rixinrus,
223 4163 332 4217 auctori
349 4168 445 4216 nostro
462 4179 514 4216 nos
534 4162 563 4216 in
579 4164 640 4232 ejus
657 4163 776 4217 decimis
791 4177 842 4233 per
897 4165 1118 4236 exigitor,illud
1146 4163 1278 4233 religiose
1306 4163 1441 4217 defertur.
1459 4163 1501 4217 lbi
1516 4163 1622 4217 donum
1640 4178 1740 4217 nume·

88 4253 195 4308 entiam
211 4251 431 4306 mortificemur.
444 4272 458 4300 a
863 4253 883 4305 D
896 4254 936 4307 ris
949 4252 1109 4319 exhibetur,
1124 4252 1171 4306 hic
1191 4252 1317 4306 debitum
1333 4251 1459 4306 solvitur.
1479 4252 1558 4306 Unde
1582 4257 1612 4306 et
1625 4267 1677 4306 nos
1692 4268 1741 4306 ra·

314 4342 376 4395 Car.
399 4339 516 4394 Chlllll'.
897 4341 1031 4411 ligiosum
1046 4356 1152 4394 munus
1167 4340 1347 4394 exhibuimus
1368 4341 1427 4394 Deo
1440 4340 1510 4393 dnm
1526 4340 1648 4410 amplius
1666 4341 1742 4411 jeju·

85 4441 103 4484 a
116 4434 254 4484 cartousu
264 4430 436 4483 abstinentia
448 4429 619 4482 diversarum
632 4433 782 4496 reqionum.
898 4430 1047 4496 nevimus;
1063 4429 1236 4499 reprehendi
1252 4444 1309 4483 non
1331 4432 1424 4499 potest
1436 4428 1571 4482 festinata
1585 4427 1723 4483 festivitas
1735 4449 1743 4496 3

84 4519 140 4573 hoc
154 4519 239 4572 etiam
254 4518 328 4588 quod
355 4517 503 4589 quaeritur,
527 4533 616 4587 quare
638 4522 747 4587 septem
771 4516 842 4570 heb·
897 4533 1010 4588 semper
1033 4518 1111 4571 eninr
1135 4517 1165 4570 in
1186 4517 1297 4588 gaudiis
1323 4516 1535 4571 solemnitatem
1556 4522 1618 4572 vota
1637 4532 1744 4587 praere·

85 4607 166 4662 dibus
181 4612 246 4661 anta
271 4606 378 4660 Pascha
399 4606 433 4660 ab
450 4622 499 4660 esu
516 4605 589 4659 casei
604 4610 633 4659 et
649 4621 768 4659 ovorum
783 4620 841 4658 non
897 4607 993 4674 niunt,
1010 4610 1038 4660 et
1052 4605 1178 4660 liitnram
1189 4606 1320 4659 laetitiam
1334 4605 1448 4658 devotio
1464 4607 1532 4660 dum
1549 4610 1674 4676 exoptat,
1692 4622 1742 4660 an·

85 4710 182 4761 remus,
208 4694 256 4748 sed
283 4694 483 4749 tantummodo
512 4710 570 4761 sex,
600 4693 753 4747 dicendum
776 4692 839 4746 bre·
898 4694 1190 4764 ticipat.Nonsolnm
1211 4693 1300 4758 igitur
1325 4692 1627 4764 irreprehensibiliter,
1653 4693 1744 4749 sedet

85 4784 227 4855 quietalis
243 4783 350 4837 exactio
364 4782 510 4848 superllua
521 4797 554 4836 ex
570 4782 674 4836 sanctis
689 4781 843 4852 seripturis
898 4788 978 4838 eante
994 4783 1166 4837 factumest.
1192 4780 1314 4851 Semper
1333 4782 1410 4835 enim
1437 4782 1467 4835 in
1492 4783 1577 4837 rebus
1598 4781 1743 4852 ambiguis

85 4874 156 4927 ‚abet
169 4874 385 4939 auctoritatem,
400 4888 467 4925 nana
494 4887 547 4941 per
572 4871 695 4925 diversas
710 4870 842 4940 regiones
898 4876 1012 4942 oportet
1031 4870 1135 4925 addere
1159 4869 1267 4940 aliquid
1294 4870 1418 4940 amplius
1442 4872 1476 4925 ad
1499 4870 1658 4937 cantelam;
1677 4870 1744 4941 quia

85 4966 253 5014 sexercetur
276 4960 455 5014 abstinentiae
472 4975 548 5013 usus.
566 4961 703 5030 AEgyptus
717 4973 843 5030 namque
898 4961 976 5030 qnod
991 4966 1033 5013 ost
1051 4958 1184 5028 amplius,
1212 4958 1299 5012 recidi
1322 4964 1430 5028 potest;
1456 4959 1534 5029 quod
1559 4958 1665 5025 minus,
1684 4974 1744 5014 non

86 5048 133 5103 nis
153 5048 303 5103 Palaestina
324 5065 427 5103 novem
446 5047 675 5102 hebdomadibus
700 5052 766 5101 anle
791 5048 843 5101 Pa·
898 5046 1180 5119 potestprolongari.
1196 5047 1274 5101 Sicut
1298 5047 1327 5101 in
1351 5048 1403 5101 hac
1426 5045 1623 5100 observatione
1638 5046 1744 5101 facturn

85 5136 230 5208 jejunant;
261 5137 427 5207 insaporet
453 5153 518 5208 pars
546 5136 645 5202 ltaliae,
671 5135 716 5189 cui
743 5135 843 5189 hocex
898 5143 950 5203 est,
967 5152 1002 5189 ne
1026 5134 1102 5206 quod
1128 5141 1247 5206 propter
1273 5134 1526 5205 Quadragesimam
1550 5134 1613 5204 plus
1632 5134 1743 5205 jeJ'una·

85 5244 94 5281 )
118 5227 287 5296 complacet,
308 5226 399 5279 tribus
423 5225 524 5279 diebus
548 5225 578 5278 in
595 5224 776 5279 hebdomada
791 5240 844 5295 per
899 5224 1001 5286 rimus,
1018 5239 1076 5277 non
1091 5223 1511 5294 minuimusOuadregesimam
1525 5239 1532 5289 ;
1545 5224 1655 5293 integra
1666 5222 1743 5277 enim

103 5314 358 5384 Quadragesimam
375 5331 391 5368 a
406 5313 476 5367 cibis
489 5313 554 5382 igne
571 5313 692 5366 decoctis
707 5312 842 5383 abstinet,
898 5313 981 5367 nohis
996 5318 1101 5368 manet.
1117 5313 1197 5378 Ouod
1213 5314 1236 5365 si
1252 5312 1347 5366 urinas
1359 5313 1570 5382 jejunassemus
1584 5327 1742 5380 enumero,

85 5403 196 5457 mmodo
225 5403 342 5457 dirersis
375 5402 514 5456 lruolibus
537 5402 671 5456 arborum
700 5406 729 5456 et
755 5418 842 5473 gene·
899 5401 1093 5471 redintegrare
1120 5418 1177 5456 non
1199 5405 1367 5471 poteramus
1389 5399 1601 5454 adnumerum.
1619 5398 1744 5455 Sedlor-

95 5492 262 5556 herbarum,
293 5490 398 5563 quibus
429 5490 508 5544 ltalia
533 5492 684 5561 opulenter
707 5491 842 5551 abundat.
899 5488 1099 5545 tasseilludin
1124 5494 1284 5555 causaest,
1308 5485 1742 5560 ourjejnninmqnodjejuna-
