3930 6098
54 253 56 256 ’
110 286 174 339 ιιιι

677 280 703 333 s.
726 279 864 334 aaaron
885 234 1296 336 cuenunnnus'nmscoer

1801 284 1869 336 itta

107 417 158 472 illo
178 419 354 487 resurgente,
373 412 450 468 etad
472 411 558 465 coelos
572 409 754 477 ascendente,
780 410 867 464 misso
892 408 956 478 Spi·
976 408 1127 472 Aloannis
1152 408 1333 479 evangelistae
1357 408 1438 463 docet
1460 408 1556 463 diceus
1578 411 1680 475 (Trcct.
1697 409 1763 480 ts):
1787 410 1869 480 [Ecce

108 505 165 560 ritu
193 509 298 567 sancto,
324 507 353 557 et
380 500 606 572 praedicantibus
637 499 773 570 apostolis
794 515 846 569 per
868 497 957 569 inspi-

108 594 248 648 rationem
271 592 374 646 divinae
394 590 506 660 gratiae,
526 588 620 642 subito
641 588 676 641 ad
700 603 800 641 eorum
823 587 959 658 pradica-

108 680 216 734 tionem
245 683 432 749 compunctos
459 676 584 731 dixisse:
617 696 628 725 ι
660 675 718 729 Viri
745 675 857 742 tratres,
888 674 957 744 quid

108 767 245 822 iaciemus
267 767 344 837 (Act.
367 782 396 832 ιι,
410 765 463 833 37).
483 785 496 812 a
523 766 554 818 lit
574 763 709 817 contiuno
726 769 840 832 accepto
857 761 958 815 salutis

108 856 226 910 consilio
237 856 405 925 baptizatos.
425 870 457 907 ac
471 853 536 908 vitae
552 869 609 906 suae
629 867 716 922 quam
732 852 761 905 in
786 866 868 905 cruce
892 856 957 905 ante

108 944 207 999 oculos
231 960 296 997 suos
320 942 443 1012 positam
471 956 624 1012 agnoscere
650 957 708 994 non
731 944 885 1010 potuerant
906 955 958 993 nec

109 1031 300 1098 crediderant,
330 1030 538 1095 reconciliatos,
565 1030 597 1082 Et
626 1028 690 1083 ideo
711 1028 879 1082 mirabiliter
907 1043 960 1097 per

107 1120 224 1176 beatum
254 1121 378 1190 hloysam
409 1124 563 1187 utrumque
594 1117 776 1187 prophetam,
805 1121 958 1186 utrumque

108 1208 303 1279 significatum
328 1212 377 1271 est,
406 1212 437 1260 ut
462 1212 491 1259 et
516 1205 546 1258 in
573 1205 704 1274 passione
731 1204 845 1259 Domini
871 1204 957 1257 babe-

107 1303 172 1353 rent
199 1297 313 1350 ‹vitam
336 1301 402 1349 ante
427 1295 535 1361 oculos,
552 1315 568 1342 ι
589 1294 637 1348 sed
655 1310 707 1347 nec
724 1293 884 1358 crederent,
907 1307 959 1346 nec

109 1390 296 1456 agnoscerent
311 1399 317 1437 :
332 1390 360 1437 et
374 1385 435 1437 baec
451 1387 547 1436 tamen
563 1383 620 1436 vita
639 1388 714 1436 esset
730 1383 816 1435 etiarn
831 1382 958 1452 ipsorum

108 1479 167 1541 tam
188 1473 347 1527 infidelium
364 1478 393 1525 ct
406 1476 464 1525 tam
480 1475 698 1537 excaecatorum,
716 1471 783 1541 qnia
797 1487 846 1524 eos
862 1474 960 1539 postea

110 1562 166 1617 tide
200 1578 251 1615 sua
284 1561 444 1627 viviticavit,
476 1560 551 1614 sicut
583 1561 721 1629 scriptum
746 1565 807 1613 est:
834 1559 959 1613 «tuscus

1013 499 1153 551 Dominus
1167 498 1247 552 lesus
1263 498 1391 553 Christus
1405 499 1491 564 venit,
1511 498 1679 568 praedicavit
1695 515 1702 565 ;
1729 499 1781 552 sed
1800 498 1870 569 quid

1012 587 1169 658 putamus?
1203 607 1218 635 α
1243 586 1421 655 Nunquid‚»
1456 587 1505 657 qui
1539 587 1695 641 andierunt
1728 608 1743 636 a
1764 603 1833 640 oves
1854 609 1868 637 n

1012 675 1116 730 erant?
1142 676 1209 730 Ecce
1234 675 1343 729 audivit
1359 697 1372 723 a
1388 675 1484 741 tudes,
1503 695 1516 727 ι
1533 681 1562 729 et
1583 676 1669 746 lupus
1694 681 1772 741 erat;
1787 697 1802 724 κ
1819 693 1867 729 se-

1013 764 1162 834 quebatur,
1181 783 1194 815 r
1211 763 1259 817 sed
1280 764 1354 832 pelle
1369 765 1454 817 ovina
1477 769 1568 818 tectus
1584 767 1691 832 pastori
1708 763 1867 817 insidiaba-

1012 858 1067 907 tur.
1091 873 1105 902 c
1126 852 1221 923 Aliqui
1242 869 1308 906 vero
1327 874 1340 901 a
1360 868 1460 906 eorum
1484 852 1533 923 qui
1554 852 1697 907 Christum
1718 851 1868 905 crucifixe·

1012 946 1081 995 runt
1104 956 1162 994 non
1186 939 1342 993 audiebant
1366 947 1423 994 «et
1446 956 1512 994 oves
1534 946 1661 1004 erant;»
1688 940 1766 1011 ipsos
1789 941 1866 993 enim

1011 1028 1126 1082 videbat
1141 1029 1171 1082 in
1196 1028 1280 1082 turba
1297 1029 1412 1099 quando
1438 1029 1570 1083 dicebat:
1596 1049 1610 1078 ι(
1627 1029 1699 1083 Cum
1726 1030 1867 1082 exaltare

1013 1116 1075 1170 ritis
1091 1115 1193 1170 Filium
1207 1115 1343 1183 bominis,
1361 1121 1428 1169 tunc
1443 1115 1618 1186 cognoscetis
1634 1116 1704 1186 quia
1725 1132 1780 1186 ego
1803 1131 1865 1170 sum

1011 1205 1103 1275 (locri.
1119 1204 1245 1274 v111,t8i.
1263 1225 1277 1254 s
1297 1204 1446 1268 Quomodo
1469 1219 1537 1274 ergo
1552 1205 1607 1258 ista
1623 1205 1745 1258 solvitur
1760 1226 1771 1252 ι
1791 1220 1864 1274 quac·

1012 1295 1087 1347 atio?
1107 1292 1234 1347 Audierit
1249 1307 1302 1347 non
1317 1284 1386 1359 oues,
1408 1297 1495 1347 etnau
1510 1291 1628 1346 audiunt
1648 1307 1720 1359 oves,
1744 1307 1863 1360 sequeu-

1014 1386 1059 1435 tur
1085 1396 1197 1442 vocem,-
1229 1382 1350 1451 pastoris
1372 1381 1490 1450 quidam
1513 1381 1582 1451 tupi,
1612 1385 1640 1434 et
1663 1380 1705 1434 eis
1731 1382 1863 1451 quedam

1013 1469 1211 1523 contradicunt
1249 1485 1335 1535 oves,
1362 1474 1508 1538 postremo
1543 1474 1690 1539 pastorem
1731 1469 1863 1523 occidunt

1013 1573 1087 1612 oves.
1115 1557 1168 1612 Sed
1206 1556 1320 1627 quando
1357 1573 1415 1611 non
1447 1557 1610 1624 audiebant,
1641 1573 1710 1610 oves
1736 1557 1862 1611 nondum

75 1656 79 1664 ‘
110 1656 253 1704 autemex
277 1648 335 1703 fide
362 1648 431 1703 vivit
458 1646 635 1719 (Habac.1x;
660 1650 734 1702 Rom.
763 1651 830 1715 rt.»
858 1648 900 1701 lta
928 1647 959 1699 in
1013 1652 1113 1712 erant,
1144 1661 1195 1700 vox
1226 1645 1322 1699 audita
1350 1661 1397 1699 eos
1427 1646 1559 1712 mutavit,
1585 1649 1613 1699 et
1639 1660 1674 1700 ex
1693 1646 1770 1716 lupis
1799 1661 1862 1700 oves

33 1808 40 1815 .
109 1739 241 1809 passione
265 1754 315 1791 sua
333 1736 470 1791 Dominus
484 1742 513 1789 et
534 1736 589 1789 vita
613 1740 673 1788 erat
695 1735 834 1805 ipsorum,
856 1740 884 1788 et
898 1750 957 1788 non
977 1717 1103 1807 Bianti]

110 1830 172 1879 erat
186 1824 244 1878 vita
258 1823 404 1894 ipsorum:
425 1824 481 1876 vita
498 1839 623 1893 namque
646 1828 707 1876 erat
728 1823 868 1893 ipsorum,
891 1821 959 1892 qnia

108 1919 169 1969 erat
193 1929 241 1968 eos
266 1913 478 1978 viviticaturus3
495 1927 552 1965 non
573 1918 634 1966 erat
648 1912 707 1965 vita
728 1911 865 1981 ipsorum,
890 1911 959 1981 quia

108 2001 230 2056 necdum
248 2017 296 2055 eos
316 1998 486 2065 vivificabat,
511 2000 627 2070 quando
652 2000 756 2054 mortui
782 2001 869 2053 vitam
893 2014 958 2058 cru·

108 2088 271 2159 cifigcbant.
294 2087 372 2142 Unde
395 2092 426 2140 ut
448 2087 501 2139 ista
520 2087 632 2140 caecitas
652 2086 761 2140 abillis
786 2085 957 2151 auferretur,

108 2180 137 2231 et
153 2176 220 2231 tidei
232 2174 407 2229 illuminatio
424 2174 464 2228 eis
479 2175 646 2240 donaretur,
661 2174 691 2227 in
707 2174 770 2242 ipse
785 2175 876 2227 crucis
893 2189 958 2243 pas-

108 2266 190 2319 sione
219 2266 333 2319 Patrem
362 2263 531 2334 precabatur
552 2263 667 2317 dicens:
696 2263 816 2329 «Pater,
842 2262 957 2332 ignosce

70 2378 76 2389 1
108 2353 253 2427 illia-non
268 2353 345 2407 enim
362 2351 457 2405 sciunt
471 2352 539 2422 qnid
555 2351 664 2405 faciunt
682 2352 755 2420 (Luc.
771 2366 851 2416 xxnr,
868 2351 922 2412 34).
942 2367 956 2401 s

108 2441 248 2497 Similiter
276 2447 303 2494 et
318 2441 388 2495 illud
413 2441 489 2511 quod
509 2443 539 2494 in
567 2441 640 2494 lsaia
666 2455 701 2493 ex
728 2439 817 2510 ipsius
843 2438 958 2492 Domini

108 2533 230 2599 persona
253 2528 426 2598 intelligitur
439 2529 566 2583 dictum:
586 2550 596 2576 ι
616 2528 741 2598 Expandi
760 2543 862 2581 mantis
878 2543 957 2580 meas

108 2621 167 2670 tota
189 2615 290 2670 dicad
319 2617 459 2684 populum
484 2631 543 2669 non
563 2616 739 2681 credentem,
765 2621 793 2669 et
814 2616 956 2669 contradi-

108 2710 230 2772 centem,
248 2726 259 2753 ·
278 2703 378 2759 eodem
402 2720 486 2758 sensu
507 2704 705 2776 accipiendum
728 2709 780 2772 est,
799 2704 875 2774 quod
891 2720 957 2774 per·

108 2809 207 2864 pessus
222 2794 258 2848 sit
273 2809 305 2847 ac
323 2793 490 2847 sustinuerit
511 2793 594 2847 illum
610 2794 750 2863 poputum
768 2807 882 2861 semper
902 2791 957 2845 sibi

108 2897 166 2935 non
188 2881 351 2936 credentem
373 2885 400 2934 et
418 2881 675 2946 contradicentem,
691 2882 731 2934 ita
757 2885 787 2934 ut
800 2883 955 2934 clamaret:

1049 1824 1129 1878 hibet
1144 1823 1174 1876 in
1191 1823 1248 1877 tine
1270 1828 1435 1877 sanctorum
1450 1823 1566 1876 Petrum
1585 1838 1677 1892 pauca
1690 1822 1777 1876 rerba
1796 1822 1858 1876 sub·

1009 1912 1144 1982 jungere,
1164 1927 1250 1982 quam
1275 1911 1447 1965 mirabiliter
1465 1920 1493 1964 et
1508 1910 1630 1964 dulciter
1651 1910 1811 1980 praedicent
1828 1911 1860 1964 da

1013 2000 1150 2072 mysterio
1171 2001 1377 2070 redemptionis
1393 2000 1514 2053 Christi:
1534 1999 1568 2052 de
1584 1999 1675 2051 salute
1699 2000 1788 2053 etiam
1803 1999 1860 2052 illo·

1012 2103 1075 2142 rum
1097 2087 1254 2157 justorum,
1279 2087 1329 2156 qui
1353 2088 1469 2140 inerunt
1485 2092 1550 2140 aute
1572 2086 1729 2140 adventum
1748 2085 1858 2151 Christi,

1011 2180 1040 2230 et
1062 2176 1197 2246 deinceps
1213 2176 1343 2229 omnium
1363 2175 1491 2234 fidetium
1514 2174 1565 2245 qui
1579 2175 1644 2243 ejus
1658 2175 1754 2246 gratia
1768 2174 1859 2245 quoti·

1011 2264 1056 2319 die
1079 2265 1261 2319 redimuntur
1280 2269 1366 2334 atque
1385 2264 1538 2317 salvantur.
1572 2265 1674 2318 Beatus
1696 2262 1858 2317 Ambrosius

1012 2353 1046 2407 de
1067 2355 1129 2423 ipso
1150 2354 1271 2407 Domino
1285 2353 1352 2406 Jesu
1366 2352 1488 2414 Christo,
1515 2353 1562 2422 qui
1580 2356 1623 2405 est
1644 2373 1657 2402 a
1673 2359 1773 2421 Agnus
1800 2351 1855 2415 Dei,

1011 2448 1039 2496 et
1056 2442 1133 2496 tollit
1147 2448 1293 2512 peccatum
1320 2441 1419 2494 mundi
1443 2440 1533 2511 (Jouu.
1559 2457 1577 2502 ι,
1601 2442 1689 2508 ἳ9),ιι
1717 2439 1856 2510 quomodo

1011 2536 1117 2586 aeerto
1143 2537 1172 2583 et
1187 2530 1391 2601 praedestinato
1408 2545 1527 2583 mimero
1546 2528 1596 2598 qui
1621 2528 1735 2598 possint
1750 2528 1784 2581 ad
1800 2531 1856 2597 ejus

1011 2635 1092 2672 esum
1112 2619 1242 2672 sutticere
1259 2619 1437 2684 comedatur,
1458 2618 1495 2671 ita
1519 2617 1603 2672 dicit:
1619 2615 1756 2689 [Sanguis
1780 2616 1854 2671 Chri-

1011 2707 1057 2773 sti,
1082 2708 1164 2777 cujus
1178 2707 1213 2761 ad
1230 2707 1353 2777 gratiam
1369 2706 1440 2759 nihil
1457 2706 1608 2770 minuitur,
1623 2706 1697 2759 nibil
1724 2703 1856 2776 adjungi·

1010 2800 1066 2850 tur.
1092 2795 1165 2849 Etsi
1190 2811 1291 2864 parum
1319 2810 1425 2861 sumas,
1451 2799 1479 2847 et
1501 2793 1525 2847 si
1554 2794 1716 2864 plurimum
1745 2793 1856 2847 haurias

1011 2883 1111 2938 eadem
1135 2883 1261 2952 perlecta
1276 2888 1319 2936 est
1337 2882 1472 2936 omuibus
1488 2897 1621 2936 mensura
1640 2882 1854 2953 redemptionis.

109 2991 123 3021 α
151 2970 300 3041 Crucitlge,
329 2970 464 3038 crucifige
493 2985 579 3038 enm;
608 2991 622 3018 a
656 2973 684 3022 et
708 2970 819 3024 dicente
847 2969 954 3023 Pilato:
976 2973 1116 3065 CPascha
1135 2986 1250 3041 quoqne
1266 2970 1389 3036 Domini,
1415 2971 1469 3024 hoc
1492 2974 1535 3024 est
1557 2985 1676 3041 agnum,
1702 2970 1743 3023 ita
1768 2976 1856 3039 patres

108 3079 124 3110 ιι
144 3059 250 3130 Regem
274 3064 400 3112 vestrum
421 3058 613 3128 crucifigam?
638 3057 867 3128 responderunt:
895 3058 958 3111 Non
1012 3060 1122 3130 epulari
1145 3060 1296 3129 jubentur,
1329 3063 1361 3113 ut
1388 3059 1546 3112 secundum
1571 3073 1728 3111 numerum
1751 3058 1856 3110 auima-

107 3148 246 3203 habemns
273 3163 371 3217 regem
401 3147 458 3201 nisi
489 3146 629 3201 Caesarem
655 3146 747 3216 (loon.
777 3161 833 3213 xix,
864 3147 914 3214 lb).
941 3165 955 3194 ιι
1012 3165 1075 3202 rum
1097 3148 1250 3218 epulentur
1269 3163 1397 3214 suarum,
1418 3162 1511 3217 neque
1536 3147 1642 3216 plures,
1668 3162 1765 3217 neque
1789 3161 1856 3215 pau·

108 3237 203 3290 Donec
227 3236 256 3289 in
280 3251 362 3289 cruce
388 3234 525 3288 exaltatus
553 3235 728 3304 expanderet
751 3249 861 3298 manus,
892 3238 957 3287 tan·
1011 3238 1113 3304 ciores,
1139 3235 1392 3307 nequealiisplus
1412 3235 1484 3300 dari,
1505 3234 1679 3288 aliisminus
1704 3235 1858 3288 secundum

107 3340 194 3394 qnam
209 3323 312 3377 virtute
328 3321 470 3393 passionis
493 3337 553 3376 suae
579 3321 676 3375 omnia
693 3327 835 3375 tracturus
858 3320 956 3387 adse,
1010 3326 1121 3378 animas
1147 3324 1346 3395 singulorum3
1374 3339 1408 3378 ne
1432 3328 1481 3376 aut
1504 3322 1637 3377 fortiores
1663 3323 1791 3392 amplius
1814 3338 1859 3375 su·

107 3412 195 3467 etiam
218 3412 313 3482 ipsum
336 3412 504 3482 «populum
518 3426 577 3463 non
602 3409 777 3473 credentem,
795 3414 824 3463 et
842 3413 956 3463 contra·
1009 3418 1100 3480 mant,
1116 3419 1167 3466 aut
1189 3411 1363 3466 intirmiores
1387 3410 1492 3464 minus.
1518 3410 1615 3465 Gratia
1636 3412 1716 3464 enim
1735 3410 1855 3481 aequalis

47 3571 48 3575 ἵ
106 3499 248 3555 dicentem
264 3500 294 3552 in
320 3499 450 3568 reliquiis
465 3498 606 3564 videlicet,
624 3514 688 3568 quae
710 3514 743 3551 ex
767 3497 815 3551 illo
831 3512 884 3567 per
898 3497 956 3550 ele·
1011 3500 1131 3570 singulis
1151 3499 1298 3564 dividitur,
1316 3498 1474 3568 redemptio
1493 3497 1639 3565 dividitur,
1661 3499 1772 3553 donum
1789 3499 1858 3553 diri-

107 3587 230 3641 ctionem
255 3585 354 3656 gratie
370 3587 454 3640 salvae
472 3586 553 3640 tactae
568 3590 636 3639 sunt
650 3587 738 3654 thom.
756 3601 793 3653 xi,
811 3588 876 3655 5l·’
899 3586 957 3640 lloc
1010 3588 1095 3644 ditur.
1109 3588 1205 3659 Neque
1220 3589 1318 3658 plnres
1333 3592 1447 3657 oportet
1463 3603 1533 3649 esse,
1550 3603 1586 3640 ne
1602 3590 1668 3657 quis
1678 3603 1786 3641 vacuus
1799 3585 1859 3656 spui

107 3674 146 3730 ita
173 3676 303 3728 futurum
329 3674 389 3744 ipse
417 3675 600 3744 predixerat,
627 3674 742 3744 qnando
763 3672 862 3727 adeos
890 3677 956 3727 ante

107 3763 268 3835 passionem
294 3779 386 3830 suam,
409 3768 547 3832 tanquam
573 3783 586 3811 a
601 3762 791 3832 adpopulum
816 3778 871 3815 non
899 3777 956 3816 cre

107 3853 220 3907 dentem
246 3856 274 3905 et
299 3851 570 3905 contradicentem·
596 3850 725 3904 dicebat:
753 3852 854 3906 «Cum
879 3851 956 3903 exal-

105 3940 234 3994 taveritis
258 3939 351 3994 tilium
367 3939 500 4006 hominis,
523 3944 590 3993 tunc
606 3939 784 4009 cognoscetis
801 3939 868 4010 quia
902 3955 955 4009 ego

1011 3681 1039 3730 et
1054 3674 1260 3745 redemptionis
1281 3675 1405 3729 recedat.
1428 3675 1526 3727 Plures
1541 3678 1608 3726 sunt
1632 3674 1750 3745 quando
1774 3673 1861 3743 aliqui

1011 3769 1089 3819 extra
1104 3780 1256 3818 numerum
1273 3769 1357 3818 sunt:
1375 3788 1388 3810 «
1405 3763 1500 3817 Sancti
1515 3768 1611 3816 autem
1631 3764 1777 3817 numerati
1793 3765 1858 3816 sunt

1010 3869 1119 3913 omnes,
1146 3852 1286 3922 etcepilli
1310 3868 1411 3906 eorum
1435 3851 1544 3921 (ustie.
1574 3866 1602 3916 x,
1633 3850 1691 3920 30).
1720 3852 1859 3921 Cognovit

1011 3941 1088 3996 enim
1109 3941 1249 3995 Dominus
1271 3941 1321 4012 qui
1342 3949 1409 3994 sunt
1433 3940 1524 4009 ipsius
1548 3939 1588 4009 (ll
1613 3941 1682 3993 Tim.
1712 3956 1743 4006 ιι,
1771 3942 1822 4009 ta).
1844 3961 1856 3987 a

106 4045 169 4083 snm
196 4028 286 4099 (lona.
314 4044 372 4094 vm,
399 4029 484 4092 tat.»
511 4029 571 4080 Non
598 4027 739 4081 credendo
768 4043 903 4097 namque,
928 4034 956 4080 et
1011 4031 1108 4100 Neque
1132 4030 1289 4101 pauciores,
1313 4045 1348 4082 ne
1374 4028 1438 4099 quis
1460 4027 1674 4096 magnitudines
1699 4029 1801 4096 gratia
1822 4026 1856 4078 sit

105 4118 324 4173 contradicendo
362 4119 396 4171 ad
434 4119 487 4171 boc
520 4122 713 4187 pervenerunt
741 4121 772 4170 ut
799 4120 957 4170 exaltarent
1010 4118 1046 4172 ad
1076 4118 1272 4188 recipiendum
1300 4117 1452 4171 intirmior.
1484 4118 1515 4171 Et
1541 4117 1604 4170 ideo
1631 4132 1735 4169 omnes
1763 4132 1854 4186 sequa·

107 4206 200 4260 illium
215 4205 341 4260 bominis
353 4206 383 4258 in
396 4205 475 4274 ligno
494 4205 605 4270 crucis;
628 4209 657 4257 et
671 4210 739 4257 tuuc
764 4204 867 4258 virtute
890 4220 954 4272 pas·
1010 4204 1120 4258 litatem
1147 4205 1308 4260 devotionis
1327 4209 1355 4259 et
1377 4205 1446 4259 tidei
1470 4205 1581 4259 deterre
1599 4205 1742 4274 proecepit
1760 4205 1790 4257 in
1810 4204 1856 4256 Pa·

107 4293 202 4361 tionis,
224 4300 261 4348 et·
274 4292 368 4364 gratia
390 4293 528 4346 orationis
551 4292 613 4362 ejus
635 4292 791 4346 illuminati
811 4308 953 4362 cognove-
975 4291 1103 4365 osche]

105 4387 174 4435 runt
192 4397 268 4447 eum,
282 4396 368 4451 quem
392 4386 474 4434 antea
499 4396 557 4433 non
582 4386 788 4451 cognoscentes
809 4380 956 4434 crucitlxe·
1046 4383 1085 4436 De
1100 4384 1152 4436 bac
1176 4398 1217 4448 re,
1232 4382 1262 4436 id
1284 4386 1328 4436 est
1349 4382 1546 4452 redemptione
1566 4381 1717 4451 sanguinis
1744 4379 1854 4446 Christi,

105 4474 188 4524 rant:
212 4469 270 4525 «Si
292 4469 368 4524 enim
390 4470 600 4540 cognovissent,
626 4485 775 4540 nunquam
801 4470 956 4525 Dominum
1010 4472 1096 4526 etiam
1120 4471 1220 4525 beatus
1235 4471 1290 4524 Leo
1305 4470 1346 4525 ita
1369 4470 1467 4524 docet:
1484 4469 1603 4543 [Effusio
1619 4471 1698 4523 enim
1716 4487 1768 4541 pro
1787 4470 1856 4538 inju-

108 4557 212 4629 gloriae
223 4556 431 4610 crucitixissent
445 4557 469 4627 (l
485 4557 545 4613 Cor.
560 4572 591 4624 ιι,
606 4559 644 4626 8).
1009 4559 1217 4628 stissanguinis
1238 4559 1308 4612 lusti
1328 4565 1386 4612 tam
1406 4564 1508 4629 potens
1533 4558 1633 4613 tuitad
1660 4558 1853 4629 privilegium,

140 4648 221 4702 llunc
246 4646 329 4701 nobis
351 4662 450 4700 verum
470 4651 498 4700 et
518 4647 689 4700 catholicum
713 4663 829 4701 sensum
851 4646 956 4701 beatis·
1008 4651 1067 4702 tam
1084 4647 1161 4701 dives
1176 4647 1210 4701 ad
1224 4646 1360 4717 pretinm,
1379 4652 1409 4700 ut
1421 4647 1444 4700 si
1456 4647 1626 4700 universitas
1642 4646 1819 4717 captivorum
1830 4645 1855 4697 in

109 4735 200 4789 simus
227 4739 336 4805 martyr
363 4734 521 4806 Cyprianus
548 4735 576 4788 in
604 4735 677 4790 libro
705 4735 780 4805 quod
812 4735 889 4790 idola
917 4735 958 4789 dii
1010 4736 1229 4805 lledcmptorem
1246 4734 1499 4796 suumcrcdercnt,
1517 4734 1857 4804 nullumtyrannicarin·

107 4839 165 4878 non
189 4823 255 4890 sint,
271 4823 428 4893 diligenter
455 4823 594 4890 insinuat,
617 4823 713 4877 dicens
727 4824 762 4878 de
781 4824 890 4878 eisdem
905 4824 957 4877 Ju-
1010 4825 1074 4879 cula
1099 4824 1277 4893 retinerent]
1309 4826 1342 4878 Et
1370 4825 1498 4878 iterum:
1529 4824 1581 4894 [lta
1611 4824 1752 4878 Dominus
1779 4824 1855 4877 lesus

109 4909 189 4965 deis.
219 4912 290 4982 [Non
314 4910 503 4980 intelligendo
523 4911 649 4980 primum
664 4910 767 4965 Christi
792 4911 955 4977 adventum,
1011 4913 1140 4969 Christus
1169 4914 1296 4967 humano
1320 4913 1420 4983 generi
1449 4928 1500 4967 sua
1528 4917 1620 4966 morte
1650 4911 1804 4975 consuluit,
1829 4913 1857 4963 ut

104 5001 155 5071 qui
186 5001 217 5053 in
247 4999 378 5069 passione
404 4999 701 5068 precessiroccutms,
732 5014 823 5053 unum
845 5005 957 5053 tantum
1011 5007 1222 5056 sacramentnm
1245 5001 1343 5056 salutis
1361 5001 1448 5055 etiam
1465 5001 1534 5072 ipsis
1550 5002 1787 5070 persecutoribus
1803 5015 1855 5053 non

104 5088 236 5150 credunt,
274 5088 324 5157 qui
353 5087 408 5141 erit
439 5088 469 5141 in
495 5090 636 5157 potestate
670 5087 847 5141 manifestus.
876 5087 956 5151 Quod
1010 5095 1139 5160 negaret.
1168 5089 1220 5153 Qui
1244 5089 1322 5142 enim
1350 5093 1467 5143 venerat
1501 5089 1640 5142 universis
1676 5088 1855 5143 credentibus

103 5181 201 5231 eutem
217 5176 272 5230 hoc
285 5175 451 5229 ludaeorum
466 5175 590 5246 populus
603 5174 764 5244 intelligere
780 5174 956 5245 nonpotuib
1010 5178 1107 5233 omnia
1134 5182 1249 5247 peccata
1288 5177 1443 5244 dimittere,
1472 5195 1489 5230 a
1516 5176 1643 5248 generali
1676 5175 1855 5247 indulgentia

102 5264 275 5320 delictorum
308 5264 444 5318 meritum
472 5262 536 5317 fnit.
570 5263 616 5318 Sic
645 5269 728 5316 erant
752 5264 900 5333 sapientiae
930 5239 958 5318 et
1010 5281 1063 5320 nec
1078 5264 1226 5319 Iudaicum
1251 5266 1342 5320 voluit
1360 5266 1469 5320 crimen
1485 5264 1659 5337 excludere]
1680 5265 1715 5318 Et
1732 5266 1852 5319 iterum:

102 5347 303 5423 intelligentie
331 5352 456 5406 cecitate
484 5352 609 5415 multati,
641 5351 738 5422 utqui
761 5352 819 5405 vita
844 5351 957 5421 indigni
1013 5350 1092 5426 [Quid
1110 5352 1187 5406 enim
1200 5351 1276 5407 aliud
1298 5352 1357 5423 egit
1370 5368 1438 5407 crux
1449 5352 1563 5419 Christi,
1579 5369 1667 5423 quam
1692 5357 1727 5407 ut
1747 5353 1854 5408 destru-

106 5443 212 5507 essent,
231 5439 471 5494 haberentvitam
496 5443 561 5494 ante
582 5439 691 5504 ocutos,
720 5454 772 5493 nec
798 5436 953 5511 riderent]
1010 5439 1062 5494 ctis
1092 5439 1251 5494 inimicitiis
1277 5439 1475 5495 reconcilietur
1499 5440 1624 5495 mundus
1652 5441 1722 5510 Deo,
1761 5447 1790 5495 et
1806 5453 1854 5510 per

108 5520 247 5580 Similiter
277 5531 307 5583 et
320 5528 421 5582 beatus
445 5526 623 5598 Augustinus
649 5526 679 5581 in
705 5526 955 5597 explanationibus
1009 5524 1180 5582 sacrificium
1189 5527 1366 5584 immaculati
1385 5528 1452 5600 agui
1465 5529 1495 5584 iu
1511 5544 1608 5584 veram
1622 5544 1726 5600 paoem
1740 5544 1807 5583 cum
1821 5541 1853 5581 eo
