3930 6098
123 237 176 296 ess
785 204 932 303 ,acram
951 229 1200 294 coronemus.
1818 235 1872 300 ssa

127 379 180 434 ista
194 378 344 449 ignorante
360 377 417 431 Deo
432 374 503 442 lleri,
524 381 573 429 aut
587 391 653 430 eum
667 391 726 429 uon
742 391 824 445 posse
839 375 971 429 resistere
989 375 1133 429 Adarima
1160 378 1264 442 ortqine
1291 378 1443 432 consulens
1471 395 1548 445 eum,
1580 381 1725 451 quomodo
1757 381 1872 437 delendi

129 467 308 532 iacientibus,
331 470 382 520 aut
406 464 512 535 injuste
535 465 590 518 ista
616 465 659 516 vel
683 465 775 517 lacere
797 464 839 518 rel
858 463 974 534 permit·
1029 468 1123 532 posset
1133 462 1182 517 illa
1196 464 1347 531 sententia,
1365 481 1451 536 quam
1475 467 1616 537 religiosae
1631 469 1777 523 memoriae
1800 469 1872 523 lllar·

130 563 199 611 tere.
219 578 229 603 ι
249 556 280 609 m
304 559 499 625 postpauca:
517 571 531 604 a
549 555 622 608 lteus
647 553 749 618 bonus,
779 553 852 606 Deus
869 552 973 622 justus,
1028 550 1130 605 celliuo
1155 569 1237 606 suam
1257 570 1317 607 esse
1346 554 1468 625 scripsit,
1497 556 1623 627 singulas
1649 558 1760 612 animas
1786 575 1875 612 novas

131 645 204 698 Deus
226 642 503 713 omnipotens:hoc
529 641 659 696 dubitare
675 641 803 695 omnimo
835 640 975 695 dementis
1027 640 1210 694 nascentibus
1225 641 1299 708 lieri,
1321 647 1351 696 ut
1379 660 1435 698 uon
1458 644 1644 699 labefactetur
1666 646 1874 701 fundatissimae

129 740 179 789 est.
195 734 349 787 Tantorum
365 748 433 802 ergo
449 732 590 787 mulorum
606 747 670 801 quae
693 731 836 785 hiantem
848 729 975 800 parvulis
1029 728 1158 783 Ecclesiae
1184 729 1265 796 tides,
1291 745 1348 800 qna
1371 730 1539 787 inconcusse
1567 733 1709 787 credimus
1742 734 1817 805 quod
1845 736 1875 788 in

128 838 212 876 causa
225 822 301 891 justa
320 820 465 874 reddatur.
483 839 497 870 v
514 821 602 873 ltem:
620 839 633 869 a
656 821 694 873 lle
708 819 891 889 ingeniorum
909 836 973 870 ver-1
1028 816 1117 871 Adam
1129 833 1229 872 omnes
1249 819 1422 886 moriuntur,
1452 828 1481 875 et
1497 821 1551 874 nisi
1569 821 1671 876 Christi
1684 824 1777 893 gratia
1800 824 1876 877 libe-

128 909 300 974 diversltate,
321 910 379 962 imo
395 908 581 971 absurditate,
604 907 672 979 quid
688 909 799 962 dicam:
821 923 885 978 quae
910 907 974 977 qni·
1027 911 1136 971 rentur,
1153 907 1229 977 quod
1245 924 1395 978 persuum
1410 916 1620 965 sacramentum
1640 913 1724 965 etiam
1747 913 1777 966 in
1807 929 1874 984 par-

128 998 192 1054 dem
207 998 235 1052 iu
253 997 378 1069 parvulis
392 997 471 1064 latet,
493 996 543 1050 sed
558 998 593 1051 ab
621 997 691 1066 ipsis
706 997 832 1052 exordiis
855 1001 973 1051 natura·
1027 995 1100 1050 vulis
1115 1001 1260 1065 operatur,
1275 996 1305 1050 in
1319 998 1587 1053 condemnationem
1602 999 1765 1054 trahuntur.
1787 1023 1801 1049 »

127 1086 203 1143 libus
219 1087 303 1141 ducta
325 1089 337 1129 h
363 1092 481 1156 apparet
504 1087 535 1138 in
559 1086 724 1156 grandibus,
749 1102 873 1156 quorum
899 1101 974 1138 non·
1062 1085 1088 1138 9.
1108 1084 1163 1137 Hoc
1180 1083 1244 1137 ideo
1264 1088 1295 1138 ut
1311 1084 1457 1138 lirnrarem
1476 1085 1548 1139 hauc
1570 1087 1738 1141 catholicam
1761 1088 1874 1142 deani-

78 1187 79 1190 ’
128 1177 271 1231 nullitam
289 1176 361 1229 tardi
382 1181 410 1230 et
428 1175 556 1229 obliviosi
582 1181 659 1241 suut,
678 1178 706 1228 nt
731 1191 766 1227 ne
791 1174 886 1244 prima
909 1172 972 1242 qui·
1027 1187 1081 1226 rnae
1109 1172 1270 1226 conditione
1298 1173 1466 1243 opinionem
1496 1176 1575 1245 prius
1603 1192 1619 1228 a
1646 1177 1673 1230 S.
1703 1178 1875 1249 Hieronymo

128 1265 192 1320 dem
208 1265 301 1319 dicere
324 1265 485 1318 litterarum
510 1268 653 1318 etenreuta
669 1264 822 1334 potuerint.
852 1262 972 1327 Quidam
1028 1265 1164 1326 exortam,
1190 1267 1247 1327 aut,
1266 1261 1291 1315 si
1305 1263 1514 1318 commodatius
1535 1264 1649 1330 dieitur,
1667 1266 1745 1336 prius
1767 1268 1874 1339 proba-

127 1359 291 1408 rerotautru
314 1359 381 1407 sunt
403 1353 552 1420 fatuitatis,
572 1358 679 1408 utnon
706 1353 828 1406 multum
853 1368 870 1405 a
891 1367 973 1422 peco-
1029 1353 1098 1402 tarn.
1114 1349 1185 1403 Nam
1201 1355 1229 1402 et
1244 1351 1492 1421 egregiusrester,
1510 1352 1569 1406 imo
1588 1354 1750 1409 communis
1776 1363 1876 1409 noster

127 1441 206 1495 ribus
224 1440 367 1505 differant,
385 1441 434 1510 qni
450 1441 612 1494 murriones
627 1451 636 1473 ⁶
650 1441 735 1510 rotgo
751 1444 900 1494 vocantur.
921 1440 973 1493 Re·
1027 1437 1161 1504 lsidorus,
1177 1438 1245 1508 quid
1261 1438 1291 1492 iu
1317 1439 1547 1494 llillerentiarnm
1567 1441 1601 1495 de
1618 1442 1703 1496 Reate
1718 1442 1793 1497 dicat
1816 1444 1876 1498 ltu·

127 1529 285 1600 spondetur
304 1530 432 1595 tortasse,
456 1545 577 1599 corpora
596 1528 774 1582 lruefaciunt
794 1527 872 1599 [quus
899 1544 972 1582 nova
1026 1528 1121 1596 spensi
1151 1528 1301 1598 Fulgentio
1330 1545 1467 1598 pernosse
1496 1530 1577 1583 facile
1611 1537 1654 1584 est
1679 1532 1708 1585 ln
1738 1539 1875 1603 promptu

127 1624 260 1673 creantur
288 1616 466 1687 singulisque
491 1614 694 1685 nascentibusl
721 1617 734 1657 d
762 1616 816 1672 Sed
838 1615 970 1686 nunquid
1027 1617 1173 1671 consistit:
1198 1617 1247 1670 ubi
1267 1618 1337 1670 duas
1360 1617 1509 1686 opiniones
1524 1619 1558 1672 ab
1573 1619 1674 1673 eodem
1698 1637 1727 1673 se
1750 1621 1876 1675 invicem

127 1707 282 1762 secundum
299 1707 372 1760 hauc
385 1704 569 1767 senteutiam,
585 1722 672 1775 quarn
692 1705 807 1759 delendi
828 1705 970 1771 volumus,
992 1674 1013 1729 B
1027 1705 1230 1776 impugnantes
1245 1705 1387 1775 produxit,
1403 1722 1490 1777 seque
1504 1709 1682 1762 destruentes
1701 1709 1804 1780 aequali
1815 1711 1875 1763 elo-

125 1796 223 1851 anima
236 1795 290 1850 sibi
305 1812 409 1864 corpus
423 1795 519 1864 elegit,
534 1801 562 1848 et
576 1795 607 1848 in
631 1794 764 1864 eligendo
784 1811 849 1848 cuns
875 1794 972 1849 mitte·
1028 1792 1096 1863 quio
1112 1794 1292 1863 temperavit,
1311 1795 1478 1865 nullamque
1493 1811 1524 1849 ex
1549 1795 1619 1865 ipsis
1640 1812 1811 1867 quocunque
1837 1797 1878 1850 vi·

127 1890 205 1940 retur
219 1895 240 1955 0,
254 1883 380 1939 erravit?
399 1889 448 1937 aut
461 1900 524 1937 cum
540 1886 569 1937 in
583 1901 686 1954 corpus
699 1888 851 1954 cogeretur
863 1884 972 1939 intrare
1027 1883 1243 1952 gorotlrmarit.
1269 1883 1486 1938 Hauddubiuru
1513 1885 1589 1956 quod
1606 1886 1715 1940 nullam
1741 1904 1775 1940 ex
1803 1887 1876 1957 ipsis

125 1974 293 2029 necessitate
313 1973 459 2038 nascendi,
483 1973 538 2026 alia
562 1989 683 2042 corpora
706 1973 972 2042 praeoccupantibus
1027 1987 1112 2025 ausus
1129 1971 1236 2025 exstitit
1257 1972 1409 2027 affirmare.
1441 1975 1473 2028 Et
1488 1973 1561 2027 sicut
1575 1973 1675 2028 beatus
1697 1976 1876 2046 Augustinus

127 2062 288 2118 animarum
314 2061 425 2127 turmis,
447 2061 508 2131 ipsa
524 2061 600 2116 aliud
621 2079 679 2115 uon
701 2060 821 2130 invenit,
846 2066 873 2115 et
901 2062 973 2115 sicut
1027 2059 1057 2113 in
1074 2059 1147 2113 libro
1162 2060 1196 2115 de
1211 2060 1312 2115 Libero
1326 2061 1450 2115 Arbitrio
1465 2067 1588 2133 quatuor
1599 2064 1748 2134 opiniones
1759 2064 1798 2118 ita
1812 2081 1875 2120 cre-

126 2152 157 2206 in
172 2150 332 2220 spectaculo
349 2150 444 2220 aliquo
464 2150 570 2213 locum,
599 2149 639 2202 ita
658 2165 773 2203 carnem
798 2166 857 2203 uon
885 2165 971 2220 quam
1027 2147 1099 2204 didit
1114 2149 1340 2216 contractandas,
1359 2154 1391 2203 ut
1405 2167 1504 2204 amires
1519 2151 1623 2222 aequali
1647 2153 1726 2207 lance
1741 2160 1876 2224 pensatas

126 2239 227 2303 voluit,
243 2239 290 2292 sed
306 2254 393 2308 quam
408 2237 497 2292 valuit
520 2237 686 2309 occupavit?
708 2239 842 2309 Nunquid
868 2240 930 2294 haee
944 2245 971 2293 et
1026 2237 1092 2308 plu—s
1114 2238 1301 2307 suspenderet
1322 2255 1409 2309 quam
1427 2240 1570 2304 firmarem
1592 2242 1633 2294 ita
1655 2242 1682 2297 S.
1708 2241 1875 2312 Fulgentius

127 2328 195 2384 talia
214 2328 308 2382 dicere
336 2342 489 2398 possumus
515 2325 559 2379 vel
586 2326 689 2380 sentire
715 2326 873 2381 debemus?
897 2328 972 2381 Doce
1027 2325 1178 2396 opiniones
1207 2327 1287 2391 duas,
1303 2325 1332 2381 id
1355 2333 1398 2381 est
1420 2343 1508 2381 novas
1529 2329 1630 2394 creari,
1652 2330 1694 2383 vel
1709 2330 1876 2384 extraduce

126 2413 215 2486 igitur
226 2414 294 2484 quid
323 2413 439 2481 sentire,
457 2413 524 2484 quid
543 2413 636 2466 dicere
663 2413 827 2481 debeamus,
857 2419 887 2469 ut
903 2430 971 2468 con·
1027 2414 1302 2484 cumcorpereseri,
1323 2414 1410 2468 dubio
1426 2415 1585 2470 identidem
1606 2417 1697 2488 magis
1723 2418 1876 2473 destruen-

126 2510 179 2558 stet
196 2503 279 2557 uobis
291 2503 363 2556 ratio
379 2518 518 2557 novarum
533 2501 697 2555 animarum
712 2502 832 2572 siugulis
844 2503 972 2574 corpori·
1027 2507 1069 2556 tes
1088 2519 1127 2569 se,
1149 2519 1236 2572 quam
1261 2503 1450 2557 aedificantem
1478 2505 1615 2576 aliquam,
1639 2506 1792 2561 roboravit.
1820 2508 1875 2561 Per

124 2592 178 2647 bus
201 2592 429 2663 singillatimque
457 2591 606 2645 laetarum.
636 2610 650 2640 o
680 2591 764 2644 Etad
788 2597 970 2646 extremum:
1027 2592 1103 2661 quod
1130 2591 1278 2662 perspicue
1297 2591 1396 2659 claret,
1415 2594 1450 2647 ab
1474 2594 1684 2664 antiquioribus
1707 2594 1773 2650 viris
1799 2595 1875 2650 nihil

128 2681 263 2736 «Beatus
285 2681 401 2752 quidem
424 2679 581 2750 Cyprianus
606 2696 663 2732 uon
679 2679 793 2750 aliquod
827 2681 971 2735 decretum
1027 2681 1168 2734 lirmative
1192 2696 1226 2734 er
1254 2681 1308 2735 hoc
1334 2682 1420 2735 luisse
1438 2682 1590 2753 digestum.
1617 2685 1814 2755 Verum,quia
1833 2686 1875 2738 in·

124 2771 249 2824 condens
279 2784 395 2832 novum,
424 2768 474 2821 sed
501 2767 630 2822 Ecclesiae
664 2767 750 2822 tidem
779 2769 972 2824 firmissimam
1027 2770 1183 2839 terrogatio
1200 2770 1230 2824 B.
1248 2770 1401 2841 Augustini
1413 2771 1576 2826 acutissime
1589 2776 1617 2826 et
1631 2772 1875 2827 sullicientissime

124 2875 250 2926 servans,
267 2859 302 2913 ad
325 2856 506 2927 corrigendos
521 2857 572 2927 qui
590 2856 730 2927 putabant
756 2863 823 2912 ante
840 2864 972 2912 octavum
1027 2860 1127 2910 contra
1142 2857 1215 2911 hauc
1239 2856 1420 2926 catholicam,
1445 2875 1508 2929 quae
1531 2876 1607 2913 nunc
1628 2860 1710 2914 nobis
1733 2866 1783 2925 est,
1813 2862 1876 2932 opi-

125 2948 200 3003 diem
227 2947 381 3002 nativitatis
405 2962 463 3000 arou
487 2962 548 2999 esse
575 2947 724 3016 parvulum
755 2946 971 3017 baptizandum,
992 2942 1156 3030 cutonem,
1184 2945 1342 3014 contendit,
1367 2952 1394 3001 et
1418 2952 1558 3017 quantum
1586 2949 1679 3017 potuit
1705 2949 1779 3002 etim
1808 2967 1873 3004 eam

124 3053 182 3092 non
196 3051 322 3103 carnem,
338 3036 386 3090 sed
403 3035 528 3089 animam
545 3035 616 3089 dixit
632 3051 690 3088 nou
707 3051 767 3089 esse
783 3036 970 3106 perdendum,
1028 3045 1113 3102 atque
1127 3034 1281 3101 dextruxit,
1299 3052 1380 3106 rogo,
1398 3042 1428 3089 ut
1447 3037 1470 3090 si
1485 3036 1589 3090 alicubi
1611 3053 1779 3106 responsum
1804 3039 1874 3093 hea-

124 3131 153 3181 et
169 3142 233 3180 mox
250 3133 349 3180 natum
366 3126 419 3179 rite
444 3124 582 3195 baptizari
599 3140 682 3196 posse
707 3123 848 3177 cuiusuis
872 3124 971 3194 coepi-
1027 3120 1130 3176 tissimi
1158 3122 1322 3192 Hieronymi
1343 3123 1436 3179 eidem
1465 3125 1554 3178 latum
1577 3126 1695 3195 legistis,
1721 3127 1874 3180 uobiscum

124 3216 216 3287 scopis
235 3215 354 3270 censuit.
380 3214 490 3268 Sentiat
514 3215 636 3284 quisque
661 3212 828 3283 quodlibet:
858 3216 970 3267 tantum
1026 3211 1239 3264 communicare
1263 3228 1319 3264 uon
1344 3213 1514 3283 dedignetis,
1543 3218 1593 3266 aut
1612 3215 1708 3267 caeteri
1733 3214 1763 3267 iu
1782 3216 1876 3285 enJus

123 3309 224 3358 contra
239 3302 424 3373 apostolicam
440 3303 525 3356 tidem
540 3317 597 3355 nou
611 3301 727 3366 sentiat,
749 3317 814 3370 quae
829 3316 862 3353 er
886 3300 971 3354 unius
1026 3315 1139 3370 casuque
1162 3299 1285 3353 doctoris
1312 3316 1398 3371 opera
1421 3308 1625 3372 congruentem
1657 3303 1873 3373 responsionem

124 3392 227 3447 delicto
247 3407 348 3445 omues
371 3389 424 3443 ‘in
451 3389 719 3443 condemnationem
742 3387 808 3442 duci
822 3387 968 3457 praedicat,
1027 3386 1099 3440 tanti
1114 3387 1239 3441 doctoris
1255 3387 1415 3442 inventioni
1430 3390 1618 3459 percurristis.
1639 3391 1694 3444 b'ec
1707 3391 1749 3445 lac
1775 3399 1816 3446 est
1842 3399 1876 3446 ut

124 3496 158 3534 ex
173 3496 231 3550 qua
263 3477 502 3533 condemnatione
524 3492 582 3531 non
601 3476 703 3530 liberat
725 3475 781 3529 nisi
803 3475 896 3545 gratia
920 3476 970 3530 Dei
1026 3473 1142 3528 Orosius
1168 3476 1234 3546 vigil
1258 3476 1287 3529 in
1311 3477 1386 3531 lenio
1430 3478 1561 3548 ,quiob
1581 3479 1874 3534 discendanrtantum

123 3568 286 3638 pertesum
301 3564 445 3620 Christum
462 3564 615 3618 Dominum
631 3569 772 3632 nostrum,
787 3563 817 3617 in
836 3579 893 3635 quo
907 3580 970 3617 om-
1025 3561 1129 3616 animas
1151 3563 1294 3634 originem
1319 3582 1336 3619 a
1353 3565 1429 3619 claro
1452 3566 1612 3637 Augustino
1638 3566 1742 3621 missus
1767 3584 1875 3638 magno

123 3670 174 3710 nes
191 3655 371 3709 vivificantur
389 3653 554 3725 quicunque
572 3651 761 3706 vivificantur.
791 3652 894 3706 Contra
918 3653 968 3706 lic-
1026 3650 1198 3722 llleronymo
1222 3652 1338 3720 exstitit,
1369 3659 1398 3708 et
1423 3654 1535 3709 vivente
1568 3655 1666 3709 eodem
1692 3656 1875 3711 sanctissimo

122 3744 215 3799 ctesias
240 3742 472 3799 laudatissimum
496 3757 710 3796 moremnemo
740 3739 970 3808 sentiat,ubiad
1026 3738 1200 3811 llieronymo
1216 3756 1362 3811 regressus
1374 3741 1533 3797 identidem
1550 3743 1613 3810 tuit,
1629 3745 1690 3797 sine
1704 3744 1800 3814 aliquo
1814 3747 1874 3799 evi-

121 3833 308 3906 baptismum,
325 3832 348 3886 si
363 3836 482 3902 propter
497 3830 681 3903 parvulorum
694 3830 753 3884 sola
771 3844 891 3899 corpora
905 3845 968 3882 cur·
1025 3827 1103 3882 denti
1124 3828 1229 3882 indicio
1259 3833 1286 3883 et
1308 3830 1445 3901 palpabili
1469 3832 1590 3896 ratione,
1614 3833 1744 3902 protinus
1764 3849 1876 3889 remea-

121 3928 232 3978 reretur
257 3921 428 3992 baptizanda
456 3933 481 3987 s,
512 3920 668 3975 offerentur
699 3924 727 3972 et
752 3917 872 3974 mortui.
901 3917 969 3982 Qriae
1024 3921 1088 3970 ret:
1105 3917 1345 3987 prasertimcum
1374 3935 1432 3973 suae
1446 3920 1591 3988 opinionis
1606 3937 1658 3990 per
1681 3921 1875 3976 eumdestru·

121 4013 243 4068 comita
262 4012 328 4077 siut,
352 4010 509 4082 quaerenda
536 4025 621 4063 causa
645 4014 729 4079 atque
757 4007 902 4062 reddenda
927 4013 970 4060 est
1024 4005 1149 4060 ctionem
1187 4005 1222 4059 ab
1252 4006 1412 4077 Augustino
1438 4016 1632 4079 cognosceret,
1668 4009 1807 4064 latissime
1846 4018 1875 4067 et

122 4117 210 4174 quare
230 4102 405 4156 damnantur
427 4098 541 4161 anima,
567 4098 590 4150 si
613 4102 718 4168 praeter
738 4095 841 4151 Christi
873 4110 967 4149 sacra·
1024 4095 1170 4149 enucleate
1194 4093 1344 4164 digestam.
1371 4096 1404 4149 Et
1431 4097 1482 4168 qui
1505 4097 1606 4152 solitus
1628 4104 1690 4151 erat
1717 4098 1792 4153 ultra
1812 4099 1874 4154 elo-

121 4195 251 4245 mentum
281 4187 578 4260 parvulimoriantur,
600 4183 731 4240 damnari
753 4183 829 4237 enim
856 4199 913 4251 eas,
944 4183 968 4238 si
1023 4182 1147 4253 quentiae
1175 4182 1268 4237 tontes
1296 4183 1451 4251 dimittere,
1486 4190 1514 4240 et
1540 4187 1762 4241 scaturientibus
1789 4189 1874 4243 venis

122 4279 163 4334 sic
177 4278 299 4333 exierint
314 4277 349 4330 de
364 4290 492 4346 corpore,
520 4280 549 4328 et
564 4274 665 4329 Sancta
688 4272 843 4342 Scriptura,
859 4277 888 4326 et
902 4288 967 4326 san·
988 4307 1010 4362 D
1023 4285 1112 4341 aquas
1127 4270 1191 4325 vitre
1206 4270 1319 4325 rivatim
1339 4288 1472 4338 uranare;
1489 4289 1564 4327 nunc
1589 4274 1712 4328 maxime
1728 4274 1873 4344 rejiceret,

122 4372 167 4422 eta
180 4371 223 4421 est
247 4365 326 4419 testis
348 4364 480 4418 Ecclesia.
499 4363 576 4418 Unde
600 4362 649 4416 illa
672 4362 707 4416 de
731 4359 891 4415 animarum
916 4377 968 4415 no·
1024 4363 1052 4413 et
1075 4364 1186 4414 meatus
1203 4375 1269 4414 suos
1285 4360 1366 4431 quasi
1389 4361 1514 4431 quodam
1531 4366 1629 4416 monte
1649 4379 1732 4417 saxeo
1756 4364 1874 4418 obtura·

122 4470 222 4512 varum
239 4453 381 4508 creatione
397 4452 549 4519 sententia,
572 4451 595 4505 si
623 4451 698 4505 hauc
715 4450 802 4505 fidem
830 4448 968 4505 fundatii-
1023 4452 1066 4502 tas
1082 4448 1203 4516 doleret,
1219 4449 1334 4520 quaudo
1357 4454 1385 4504 et
1400 4450 1532 4504 materies
1546 4451 1720 4521 postulabat,
1743 4456 1875 4508 etcausa

122 4543 223 4597 simam
241 4557 300 4596 nou
315 4546 473 4613 oppugnat,
490 4540 597 4595 nonsit
611 4541 693 4594 trah.
706 4541 784 4594 »Pro
800 4554 857 4610 qno
870 4542 969 4592 osteu-
1024 4535 1217 4607 responsionis
1231 4536 1392 4607 specialiter
1406 4538 1603 4609 perurgebat?
1618 4539 1672 4594 Sed
1687 4544 1735 4594 aut
1760 4539 1875 4596 incuria

122 4632 164 4688 dit
189 4633 264 4687 bane
283 4631 450 4702 opinionem
477 4629 671 4685 soliussancti
697 4627 863 4699 Hieronymi
891 4642 968 4681 esse:
1023 4630 1206 4695 posterorum
1234 4624 1349 4692 abolita,
1379 4626 1478 4681 autad
1502 4632 1729 4682 nostrasmanus
1751 4628 1875 4684 minime

121 4736 189 4776 nam
205 4725 233 4774 et
248 4721 277 4774 in
303 4721 427 4790 Epistola
447 4718 480 4772 ad
507 4719 642 4773 Evodium
660 4718 694 4772 de
719 4721 816 4771 sancta
830 4715 969 4770 Trinitate
1024 4713 1162 4768 hactenus
1182 4717 1273 4768 exstat
1294 4719 1442 4784 perventa.
1468 4715 1545 4770 Unde
1571 4716 1594 4770 si
1620 4732 1790 4786 responsum
1809 4718 1876 4788 ejus

123 4816 153 4866 et
166 4811 299 4866 columba
316 4808 333 4876 ¹,
346 4810 420 4863 idem
437 4809 465 4864 S.
485 4809 662 4890 Augustinus
676 4808 716 4861 sic
733 4806 800 4861 dicit
817 4820 823 4857 :
842 4803 970 4875 «Scripsi
1023 4801 1188 4872 ubieunque
1217 4802 1337 4871 vidistis,
1361 4803 1447 4874 quale
1470 4804 1508 4859 sit
1544 4805 1681 4860 notescite
1710 4810 1739 4860 ct
1766 4806 1877 4863 suflicit

121 4900 209 4957 etiam
243 4899 276 4954 ad
303 4904 432 4953 sanctum
461 4897 659 4970 presbyterum
701 4895 908 4967 Hieronymum
937 4892 971 4946 de
1023 4889 1116 4947 nobis.

159 5060 250 5126 ¹tls,
267 5057 339 5128 quod
363 5057 437 5128 defit.
1059 5047 1149 5114 llis,
1174 5048 1248 5118 quod
1274 5065 1308 5104 ea
1334 5053 1414 5104 unius
1442 5050 1538 5106 delicto
1561 5067 1676 5107 omnem.
1696 5052 1749 5108 Sed
1773 5069 1875 5110 emen·

155 5132 169 5175 b
189 5131 250 5197 tls,
271 5130 392 5184 ductum.
1023 5118 1087 5173 davi
1102 5135 1135 5172 ex
1150 5119 1266 5174 madata
1278 5120 1444 5190 Augustini,
1462 5122 1545 5191 epist.
1564 5125 1624 5189 tob,
1640 5139 1702 5194 rap.
1720 5126 1746 5178 8.

151 5209 168 5270 ,⁶
186 5201 268 5271 Apud
280 5204 352 5270 Aug.
367 5200 507 5253 moriones.
1059 5201 1075 5244 t
1093 5189 1177 5261 Apud
1192 5189 1385 5262 Augustinum
1401 5191 1451 5257 ibi,
1467 5199 1630 5258 curvarier,
1647 5194 1819 5263 baptizandi.

156 5270 171 5310 ἅ
190 5272 274 5327 Uncis
292 5270 401 5324 inclusa
416 5267 667 5338 addendavnlgato
691 5265 845 5337 Augustini
866 5265 968 5322 textui·
1059 5262 1073 5302 ¹¹
1092 5260 1182 5314 Locus
1194 5261 1324 5327 mutilus,
1346 5262 1385 5315 sie
1400 5278 1434 5315 ex
1446 5265 1607 5332 Augustino
1626 5264 1734 5318 ibidem
1752 5267 1875 5337 explen-

122 5342 173 5398 ubi
188 5342 395 5397 desiderantur.
1024 5330 1077 5386 dns
1093 5348 1099 5385 ι
1118 5333 1150 5385 Si
1165 5332 1234 5386 hone
1246 5331 1329 5399 fidem
1343 5332 1569 5394 fundatissimam
1584 5350 1636 5389 sion
1659 5344 1811 5405 oppugnat,
1838 5345 1877 5394 stt

158 5412 233 5466 ·lbi
255 5413 340 5467 etiam
359 5428 419 5476 cam
445 5410 588 5476 falleretur
607 5406 729 5478 tegimus
752 5407 782 5461 in
814 5408 883 5462 edit.
914 5408 966 5462 ΡΡ.
1036 5405 1062 5479 et
1074 5417 1150 5465 meo,·
1165 5404 1190 5455 si
1203 5407 1354 5471 oppugnat,
1368 5419 1419 5457 uon
1431 5407 1469 5458 stt
1484 5409 1541 5459 tuo.

123 5483 263 5554 Congreg.
287 5483 314 5537 S.
331 5482 420 5537 Mauri
435 5487 506 5535 tom.
524 5481 562 5547 ll,
589 5479 642 5532 col.
658 5479 721 5543 590,
736 5478 844 5549 absque
873 5478 968 5548 aliqua
1056 5483 1063 5507 ¹
1085 5472 1171 5541 Epist.
1190 5475 1249 5538 reo,
1266 5474 1303 5529 al.
1323 5476 1384 5539 ror,
1399 5490 1461 5544 cap.
1478 5476 1504 5528 4.

122 5554 244 5610 lectione
259 5552 390 5609 varianti.
407 5551 463 5608 Sed
477 5556 570 5606 textus
586 5553 616 5603 ut
629 5550 658 5603 in
683 5550 783 5604 Alvaro
801 5565 969 5621 preponeu·
1054 5544 1061 5586 ¹
1097 5543 1125 5597 L.
1142 5546 1261 5615 ingente.

122 5625 186 5684 dus.
