3930 6098
138 413 231 477 ‘115
489 400 497 415 ‘
592 409 597 418 ’
710 405 1360 466 xresurreturacertesiensisrrurtacnr
1457 397 1461 403 ’
1877 403 1927 458 ire

180 544 472 623 liquidoucdilucide
496 543 617 615 exponit
632 547 660 598 et
676 542 828 614 significat.
842 542 872 598 Si
886 541 941 596 hoc
954 543 1059 597 rou-A
1078 557 1175 597 rerum
1204 545 1237 597 ut
1263 540 1294 596 in
1323 556 1353 596 se
1379 538 1571 595 consisteret:
1600 539 1629 594 id
1650 542 1703 605 est,
1720 543 1816 594 utrum
1834 538 1930 611 reipsa

180 637 276 693 silium
289 649 338 688 seu
355 635 481 687 mentem
496 631 593 703 alique
616 627 789 702 probatione
816 629 899 684 llrma
914 634 943 684 ct
957 643 1025 684 ner·
1081 631 1158 702 quod
1171 629 1260 685 oculis
1279 628 1429 700 subjicitur
1455 632 1529 683 esset
1550 643 1654 699 corpus
1671 627 1774 683 Christi
1789 628 1866 699 quod
1884 628 1928 682 ri-

181 740 249 780 vusa
285 720 385 778 fulcire
417 720 596 786 intendisset,
629 719 690 789 jam
727 718 876 774 Ratremni
911 733 1026 772 causam
1080 734 1144 773 sum
1157 723 1186 773 et
1200 723 1315 789 gustum
1333 716 1519 782 actamnisi
1535 716 1701 788 simpliciter
1716 715 1824 788 species
1839 721 1867 771 et
1880 733 1929 788 ap·

178 813 308 885 jejunem
323 809 488 882 relinquere
504 823 618 863 necesse
638 813 724 873 esset,
740 813 768 862 et
782 807 942 862 imitatione
954 821 1027 861 con·
1080 806 1237 880 petitiones
1250 805 1333 878 panis
1348 816 1377 860 et
1398 806 1463 859 erni.
1482 805 1593 860 inficias
1607 805 1648 859 ire
1663 820 1748 859 nemo
1766 805 1853 860 homo
1873 821 1926 876 po·

181 901 263 974 sequi
276 905 319 956 tot
342 899 494 971 scriptores
521 896 734 962 ecclesiasticos,
756 896 790 951 de
807 895 912 967 quihus
941 910 1027 966 supra
1080 900 1136 951 test
1150 895 1221 967 quin
1237 892 1434 965 recognoverit
1451 893 1610 949 vestitatem
1630 893 1759 964 corporis
1774 893 1880 949 Christi
1895 909 1928 948 eo

182 988 364 1044 mentionem
383 987 512 1043 fecimus.
546 986 602 1040 Nec
628 984 777 1040 dubitandi
804 983 883 1040 lucus
911 983 1027 1038 relictus
1081 982 1168 1038 modo
1186 998 1243 1054 quo
1261 981 1341 1036 illam
1358 980 1548 1052 intelligimus
1568 981 1735 1036 sociabilem
1753 996 1819 1036 cum
1835 982 1928 1053 ligura

181 1083 255 1132 esset
267 1076 338 1148 quin
355 1076 407 1131 iste
428 1074 583 1129 rrrouachus
601 1073 689 1128 fuerit
703 1073 813 1143 primus
828 1072 945 1128 haeresis
963 1072 1027 1127 Cal·
1082 1088 1148 1127 cum
1171 1071 1246 1127 dicat
1270 1070 1378 1142 passim
1403 1069 1487 1141 (num.
1516 1069 1561 1141 se)
1580 1070 1657 1125 bunc
1670 1086 1775 1141 penem
1798 1073 1826 1124 et
1852 1071 1929 1125 hunc

181 1166 303 1221 vinianae
322 1170 422 1219 strator
436 1167 464 1217 et
484 1163 686 1234 protoplastes.
704 1161 755 1216 llis
770 1161 809 1216 ita
824 1160 934 1232 positis,
955 1176 1028 1215 unrrs
1081 1161 1209 1228 calicem,
1221 1160 1328 1215 seilicet
1343 1158 1559 1227 Eucharistiam,
1584 1175 1644 1214 esse
1667 1158 1846 1213 nominatam
1863 1175 1928 1213 cor-

181 1269 215 1308 ex
243 1251 340 1307 multis
364 1249 457 1306 deerit
478 1249 557 1305 testis
583 1248 709 1304 veritalis
732 1253 761 1304 et
789 1247 954 1321 singularis,
983 1249 1029 1304 cui
1084 1265 1137 1321 pus
1152 1249 1256 1305 Christi
1269 1251 1294 1302 et
1308 1264 1373 1315 esse,
1389 1251 1536 1316 uiriumque
1548 1249 1667 1317 potuisse
1684 1250 1803 1302 conuerti
1818 1250 1847 1301 iu
1859 1261 1930 1318 pru-

182 1341 276 1396 caeteri
291 1356 342 1396 seu
361 1355 462 1394 omnes
476 1338 600 1394 libenter
621 1328 748 1393 abnuere
767 1355 827 1393 non
852 1338 935 1393 veriti
950 1343 1027 1399 sient,
1080 1341 1174 1408 prtum
1186 1339 1245 1408 ejus
1272 1339 1432 1407 arripuissem
1456 1337 1539 1407 (num.
1565 1337 1612 1402 28)
1638 1335 1688 1389 has
1702 1336 1809 1405 species
1824 1350 1930 1406 corpus

181 1429 306 1501 aequales
321 1432 371 1482 aut
385 1442 532 1498 suppares.
557 1427 698 1481 Caeterum
716 1443 750 1481 eo
779 1425 938 1481 devolvitur
969 1431 1029 1480 tota
1082 1426 1384 1490 Christi,nonrerum
1406 1426 1528 1480 duarum
1550 1424 1744 1479 differentium
1766 1423 1930 1479 existentias

184 1516 313 1588 probatio
347 1515 545 1583 Protestantis,
574 1530 639 1586 pag.
665 1530 740 1569 saxu
765 1530 824 1568 sure
852 1513 1029 1586 praefationis
1083 1514 1169 1583 (num.
1189 1514 1299 1586 t6);iu
1316 1515 1368 1569 hoc
1382 1513 1519 1585 mysterio
1535 1529 1596 1568 rem
1612 1529 1699 1568 uuam
1714 1513 1744 1568 in
1760 1512 1847 1567 aliam
1868 1529 1930 1566 esse

181 1604 328 1676 impressae
343 1602 515 1673 Rothomugi
531 1619 583 1674 per
598 1602 738 1658 loannem
754 1599 842 1655 Lucas
857 1617 932 1656 anno
949 1604 1026 1656 ruti.
1082 1617 1248 1658 conversam
1268 1605 1353 1673 (auor.
1379 1603 1419 1670 ld)
1426 1618 1436 1668 ,¹
1456 1607 1485 1657 et
1500 1617 1613 1656 summe
1627 1600 1810 1671 preceptione
1833 1605 1932 1655 ulatur

219 1714 233 1741 a
248 1693 305 1747 Vox
321 1693 457 1757 veritatis,
470 1690 573 1762 inquit
594 1690 710 1755 Gallice,
727 1694 820 1760 potest
840 1688 927 1759 objici
947 1704 1028 1744 meu·
1083 1708 1152 1762 erga
1166 1694 1286 1746 lectores
1304 1690 1378 1747 circa
1397 1690 1482 1745 verbe
1498 1690 1631 1761 quaedem
1651 1689 1756 1761 quihus
1777 1688 1867 1743 utitur
1895 1705 1931 1743 ne

183 1779 263 1836 dacio
274 1780 318 1834 rel
332 1780 443 1850 figurae.
461 1780 548 1833 Usum
558 1779 634 1834 subit
644 1778 719 1849 apud
734 1779 922 1832 llatremuum
935 1777 1028 1849 primo
1084 1796 1188 1851 corpus
1201 1778 1306 1835 Christi
1326 1776 1380 1834 sibi
1400 1777 1510 1850 porrigi
1535 1793 1593 1833 nou
1608 1779 1736 1833 credaut.
1753 1778 1824 1832 Nam
1841 1776 1931 1849 siper

183 1883 278 1935 sensu,
293 1867 431 1939 quoniam
450 1867 573 1938 figurata
588 1867 701 1922 dicendi
717 1882 823 1938 genera
839 1866 944 1938 quihus
962 1883 1030 1921 usus
1044 1838 1065 1893 Β
1085 1884 1181 1923 vocem
1196 1870 1319 1923 vertutis
1333 1869 1485 1923 realitatem
1500 1866 1696 1933 intellexisset,
1713 1866 1785 1920 nihil
1809 1865 1931 1938 magisa

184 1961 227 2011 est
239 1957 321 2011 lesus
344 1955 474 2010 Christus
488 1955 519 2009 in
541 1956 695 2027 Evangelio
719 1960 859 2010 nunaunt
882 1955 1030 2011 mendacia
1084 1956 1325 2011 sensucommuni
1336 1962 1457 2011 autrata
1468 1953 1928 2025 rationealieniusrideripossel‚

183 2059 237 2099 nec
259 2043 340 2098 falsa.
368 2043 422 2098 Sed
440 2043 469 2098 in
497 2044 633 2110 secundo,
663 2060 787 2115 queror
812 2046 937 2098 ueritatis
969 2043 1030 2099 voci
1085 2043 1930 2117 quamquemsubeuntusumqueedemelocutionisformae

181 2132 319 2187 rectitatis
335 2130 437 2185 similis
449 2135 532 2186 estet
543 2136 587 2186 est
604 2131 735 2202 gemiua;
752 2131 832 2185 verbi
847 2132 948 2201 gratia,
965 2146 1030 2186 cum
1084 2133 1115 2188 in
1128 2149 1176 2188 ore
1189 2133 1259 2204 ejus,
1277 2149 1341 2204 quae
1358 2132 1437 2188 ornni
1460 2135 1571 2186 remoto
1585 2130 1750 2187 discrimine
1766 2130 1932 2201 significant

181 2217 252 2274 dicit
268 2217 405 2272 Dominus
426 2233 433 2272 :
450 2219 507 2286 Epo
536 2234 597 2273 sum
617 2221 701 2290 porris
722 2221 811 2287 uiuus,
826 2219 870 2273 vel
887 2219 963 2289 vitre,
984 2221 1033 2289 qui
1085 2223 1171 2278 tidem
1187 2223 1259 2293 ejus,
1271 2222 1379 2277 scilicet
1393 2220 1551 2288 llatrarnni,
1566 2226 1616 2275 aut
1630 2219 1829 2275 credulitatem
1844 2218 1931 2273 fuisse

184 2307 294 2362 decoelo
321 2305 448 2361 descermi
471 2305 737 2378 paniscuelilioan.
764 2324 802 2372 rr,
829 2307 876 2375 lt,
896 2308 1031 2377 5t);E90
1085 2327 1146 2366 rem
1167 2310 1296 2381 corporis
1326 2309 1428 2367 Christi
1455 2325 1519 2363 com
1551 2308 1645 2380 ligure
1665 2323 1726 2362 esse
1752 2306 1929 2362 sociabilem.

182 2411 243 2451 rum
255 2395 337 2463 punis
351 2395 441 2458 vivus,
457 2394 501 2447 rel
518 2394 601 2465 panis
615 2393 690 2462 ritae,
711 2396 759 2463 qui
773 2394 806 2448 de
819 2396 882 2449 celo
894 2395 1030 2462 descendi,
1086 2400 1190 2454 Verum
1212 2398 1240 2455 id
1254 2398 1309 2455 dici
1323 2399 1487 2454 nullatenus
1508 2402 1603 2467 potest
1617 2395 1694 2451 circa·
1706 2397 1749 2450 vel
1766 2411 1835 2466 erga
1848 2399 1930 2467 pate·

184 2490 252 2540 sunl
267 2482 426 2539 loculi⁰ss0⁵
448 2482 590 2553 figuram·
611 2497 677 2553 quae
692 2487 787 2536 tamen
803 2498 876 2537 rerae
889 2486 956 2538 sunt
981 2498 1030 2537 re·
1083 2487 1238 2543 factionem
1252 2487 1379 2559 corporis
1403 2486 1516 2542 Christi.
1530 2485 1642 2557 Quippe
1666 2500 1731 2539 cum
1751 2500 1810 2539 non
1837 2482 1931 2555 possi·

184 2575 268 2629 ritate
294 2570 443 2627 mendacio
471 2574 499 2626 et
527 2570 599 2625 falso
627 2570 759 2642 opposite
784 2575 813 2625 et
840 2575 1030 2643 repugnante.
1085 2590 1151 2629 mus
1174 2575 1393 2645 pretermittere
1409 2571 1699 2627 aritohlirisciusum
1717 2587 1777 2625 esse
1800 2570 1932 2626 Retrem·

186 2660 312 2731 lmpium
340 2658 417 2714 enim
447 2663 522 2713 esset
552 2657 647 2713 dicere
674 2658 816 2715 Christum
845 2674 946 2714 rerum
974 2675 1031 2713 non
1086 2678 1155 2717 num
1183 2663 1372 2734 quadraginta
1402 2666 1451 2716 aut
1473 2661 1662 2732 quadraginta
1692 2659 1802 2715 duabus
1823 2658 1934 2713 vicibus

186 2748 311 2804 dixisse:
329 2752 358 2802 el
372 2764 406 2803 ex
425 2745 470 2802 his
490 2746 677 2802 locutionibus
705 2747 789 2802 facile
805 2752 848 2802 est
871 2746 1032 2817 intelligere
1087 2751 1132 2806 his
1151 2751 1267 2806 vocibus
1285 2754 1355 2819 ucri,
1377 2753 1502 2806 veritatis
1523 2756 1548 2804 et
1575 2765 1636 2805 uere
1659 2748 1789 2821 opposite
1809 2747 1843 2802 ed
1860 2747 1934 2818 ligu-

187 2837 331 2894 Christum
347 2835 510 2907 siguificare
535 2834 660 2890 voluisse
678 2841 859 2907 repraestare
882 2835 1032 2890 animabus
1087 2854 1160 2905 ram,
1186 2854 1221 2893 ex
1255 2838 1300 2893 his
1331 2837 1522 2909 quadraginta
1551 2837 1670 2908 triginta
1690 2836 1783 2892 tribus
1810 2834 1934 2890 voluisse

187 2926 293 2981 nostris
317 2924 396 2997 quud
420 2923 588 2995 corporibus
606 2924 712 2978 nostris
734 2923 816 2994 penis
837 2923 969 2978 admovet
983 2923 1033 2978 ali·
1087 2926 1250 2997 siguificare
1273 2925 1494 2997 patefactionem
1507 2925 1637 2980 sensibus
1661 2923 1816 2996 subjectam
1833 2939 1931 2994 corpu·

187 3019 329 3080 mentum,
346 3011 455 3067 scilicet
467 3011 555 3066 vitam
570 3014 599 3067 et
613 3011 823 3067 nutrimentum
838 3011 976 3083 spiritale,
991 3013 1033 3067 uti
1086 3015 1126 3070 ris
1142 3014 1267 3071 Domini.

187 3101 418 3174 alibi2explicuit.
435 3101 648 3168 Verumtamen,
676 3099 817 3171 ejusmodi
838 3101 931 3171 ligure
945 3106 973 3156 et
988 3102 1031 3156 lo-
1042 3118 1067 3193 c
1122 3104 1230 3160 Revera
1243 3119 1302 3159 nou
1316 3107 1384 3175 puto
1401 3101 1471 3158 alibi
1492 3103 1679 3158 liatramnum
1705 3117 1789 3156 usum
1805 3117 1866 3155 esse
1890 3099 1935 3155 his

187 3190 310 3247 cutionis
333 3205 425 3261 genus
447 3205 506 3245 nun
529 3189 693 3261 significant
714 3204 898 3246 reinmarus:
926 3191 1033 3263 quippe
1089 3193 1182 3248 verbis
1200 3193 1236 3248 ed
1252 3191 1544 3264 significandamveri
1569 3191 1699 3263 corporis
1725 3189 1829 3245 Christi
1858 3205 1931 3261 prae·

138 3300 148 3307 ·
187 3295 254 3335 cum
271 3279 408 3333 Dominus
423 3295 481 3334 non
496 3279 534 3333 sit
547 3295 654 3346 revera,
669 3295 720 3333 seu
735 3279 861 3347 realiter,
876 3284 927 3333 aut
942 3279 1035 3351 reipsa
1089 3282 1221 3348 sentiam,
1249 3281 1503 3352 quamreulitutem
1527 3284 1695 3351 nuncupant
1714 3276 1852 3350 theologi,
1870 3277 1935 3333 aliis

188 3368 281 3440 panis,
301 3367 352 3422 sed
375 3369 469 3423 solum
485 3368 513 3422 vi
538 3373 683 3439 respectus
708 3367 820 3438 mystici
833 3383 920 3438 quem
949 3367 1036 3423 hebet
1089 3371 1118 3426 ia
1140 3369 1208 3425 locis
1222 3386 1309 3441 quam
1325 3385 1404 3425 num.
1419 3372 1446 3437 3,
1471 3370 1517 3433 le,
1537 3371 1582 3435 m,
1606 3371 1640 3424 83
1664 3373 1692 3424 et
1706 3368 1750 3435 el,
1767 3383 1801 3421 ex
1826 3366 1934 3438 quibus

188 3456 224 3510 ad
247 3471 362 3526 paumn.
391 3456 447 3510 Nec
474 3454 626 3526 quisquam
646 3454 792 3509 audaciter
815 3455 932 3523 objiciat
953 3455 1035 3510 nobis
1087 3457 1271 3528 incogitabile
1300 3460 1343 3512 est
1366 3472 1449 3529 posse
1475 3458 1668 3512 Protestantes
1687 3456 1846 3527 quidquam
1879 3454 1934 3508 sibi

189 3544 321 3599 eamdem
345 3559 406 3598 rem
435 3559 518 3614 posse
539 3558 600 3596 esse
627 3542 776 3599 veritatem
801 3547 830 3597 et
851 3543 986 3612 figuram,
1004 3549 1036 3598 nt
1087 3547 1246 3618 propitium
1265 3551 1315 3601 aut
1331 3546 1490 3601 secundum
1517 3545 1662 3616 colligere.
1678 3544 1789 3616 Quippe
1809 3559 1875 3599 cum
1900 3559 1934 3598 ea

188 3632 286 3703 inquit
312 3631 488 3688 Paschasius.
511 3631 582 3685 Nam
598 3630 711 3685 etiamsi
728 3631 781 3685 hoc
805 3647 862 3685 non
879 3631 917 3685 sit
930 3632 1036 3703 impos·
1089 3635 1201 3690 ratione
1232 3634 1335 3706 agendi
1366 3651 1432 3688 usus
1455 3634 1500 3700 sit,
1527 3639 1561 3688 ut
1580 3633 1742 3688 distinctius
1769 3632 1933 3688 observaret

190 3720 273 3775 sibile
289 3719 386 3791 aliquo
402 3735 486 3774 sensu
511 3723 561 3772 aut
588 3718 685 3789 aliquo
701 3734 778 3785 casu,
795 3735 911 3790 prorsus
926 3719 1033 3789 impos·
1090 3722 1219 3778 Ecclesia
1242 3723 1386 3777 catholicae
1400 3723 1499 3778 fideles
1514 3738 1572 3777 non
1586 3721 1712 3805 crederq,
1726 3738 1778 3776 nec
1788 3719 1841 3776 sibi
1866 3736 1956 3790 per-.

192 3808 276 3864 sibile
290 3812 333 3862 est
351 3807 381 3862 in
396 3806 556 3879 questione
572 3808 727 3862 Retramno
742 3809 901 3879 proposita,
919 3823 953 3862 ex
979 3824 1036 3880 que
1088 3811 1208 3865 suadere
1236 3827 1339 3883 corpus
1364 3810 1468 3867 Christi
1498 3827 1559 3866 esse
1592 3810 1669 3882 quod
1698 3809 1822 3865 exterius
1857 3814 1934 3864 extra

190 3897 284 3968 palam
299 3894 520 3949 internoscimus
541 3911 624 3949 voces
641 3897 736 3963 figurae
759 3899 787 3948 et
810 3897 935 3950 caritatis
961 3895 1036 3949 inter
1092 3899 1258 3970 mysterium
1273 3899 1380 3971 patefit,
1408 3899 1458 3954 sed
1473 3904 1588 3954 econtra
1605 3915 1656 3954 nos
1674 3898 1789 3953 credere
1810 3897 1851 3952 ibi
1875 3913 1934 3952 esse

190 4000 219 4038 se
247 3998 377 4054 pugnero
401 3981 531 4053 adeoque
546 3982 728 4037 insociabiles
743 3982 873 4052 essujam
897 3998 966 4053 ergo
988 3999 1035 4037 su·
1089 3987 1230 4043 creditum
1246 3993 1275 4042 ct
1288 3988 1437 4058 cognitum
1449 3987 1552 4059 spiritu
1576 3989 1630 4043 sub
1650 3987 1775 4059 imagine
1800 3987 1891 4041 oculis
1907 3992 1935 4040 et

190 4087 243 4143 per
258 4071 311 4125 hac
325 4069 484 4142 quaestione
504 4087 576 4141 opus
592 4077 635 4125 est
650 4070 817 4124 memoriter
831 4076 860 4126 et
877 4086 976 4125 secure
990 4074 1036 4125 te·
1089 4077 1219 4131 sensibus
1233 4075 1339 4131 nostris
1355 4076 1483 4146 subjecta
1497 4092 1597 4131 revera
1611 4076 1804 4131 reconditum.

193 4174 269 4222 nere,
289 4158 341 4213 hes
360 4173 441 4211 voces
465 4173 600 4212 enarraris
626 4163 737 4212 eirene
754 4157 826 4212 nihil
855 4158 969 4230 proprie
997 4159 1034 4213 si·
1125 4166 1189 4220 llaec
1207 4163 1312 4219 habere
1341 4169 1490 4236 perspecta
1515 4164 1598 4219 facile
1623 4170 1712 4219 estex
1739 4180 1821 4218 num.
1837 4167 1882 4229 77,
1904 4161 1933 4215 iu

191 4246 327 4316 gnilicare
341 4250 446 4316 praeter
460 4261 547 4300 autur
556 4250 584 4300 et
598 4262 736 4301 areauna.
756 4268 766 4294 ι
1090 4269 1146 4323 qua
1159 4255 1303 4325 conceptis
1317 4252 1410 4310 verbis
1424 4252 1485 4308 haec
1506 4254 1650 4324 leguntur.
1667 4272 1681 4304 u
1698 4252 1827 4307 Exterius
1844 4251 1932 4324 igitur

227 4335 258 4388 ln
279 4333 473 4389 controversia
495 4335 576 4389 nulle
599 4339 643 4388 est
670 4334 856 4389 llatremnum
885 4334 926 4390 uti
951 4334 1035 4391 verbo
1089 4339 1167 4411 quud
1182 4345 1423 4411 epparctnonest
1435 4340 1508 4412 ipsa,
1526 4357 1580 4409 res,
1596 4341 1646 4396 sed
1658 4341 1753 4411 imago
1765 4340 1822 4406 rei;
1837 4343 1931 4393 ruente

191 4424 316 4476 ueritatis
335 4422 490 4494 disparata,
506 4423 564 4477 sive
586 4439 638 4494 per
651 4421 865 4494 oppositionem
886 4423 921 4478 ad
935 4429 1070 4484 voeeml)
1088 4444 1155 4482 vero
1171 4428 1246 4499 quod
1260 4427 1384 4483 sentitur
1407 4434 1436 4483 et
1458 4429 1640 4500 intelligitur,
1664 4427 1769 4483 veritas
1786 4427 1838 4482 rei.
1856 4447 1870 4478 r
1902 4427 1933 4480 Et

191 4514 294 4579 lipare,
311 4511 359 4565 sed
375 4525 407 4565 er
421 4510 475 4565 hoc
493 4510 661 4583 neutiquam
680 4511 868 4582 consequitur
890 4527 924 4566 eo
949 4527 1032 4566 sensu
1088 4531 1169 4571 uum.
1181 4517 1237 4572 84:
1261 4537 1275 4566 α
1294 4517 1326 4572 Et
1340 4517 1441 4573 modus
1455 4517 1507 4573 iste
1529 4517 1558 4572 in
1583 4518 1677 4588 figure
1693 4522 1736 4572 est
1751 4520 1780 4571 et
1795 4515 1931 4586 imagine,

192 4613 306 4652 sumere
325 4599 479 4654 retributam
503 4614 560 4670 quo
581 4615 663 4654 sensu
681 4615 744 4654 eam
761 4599 937 4654 vindicamus
960 4617 1034 4672 prae·
1090 4610 1121 4659 ut
1135 4605 1238 4659 veritus
1252 4621 1298 4660 res
1316 4605 1378 4677 ipse
1397 4607 1547 4661 sentiatur.
1567 4627 1578 4655 ι
1605 4607 1753 4677 Utcunque
1770 4620 1861 4660 seres
1879 4605 1932 4658 ha·

193 4685 266 4740 senti
285 4686 400 4757 corpori
424 4685 527 4742 Christi
552 4687 582 4742 in
597 4687 784 4742 Eucharistie.
812 4686 960 4743 Enimvero
982 4688 1035 4744 de·
1087 4692 1184 4760 beant,
1205 4695 1553 4748 cumrersaturmanibus
1568 4694 1758 4748 litteratorum
1782 4693 1933 4748 homiuum

192 4773 278 4828 fendo
292 4773 374 4829 illum
398 4790 542 4830 assumere
567 4775 641 4830 hanc
654 4792 752 4831 vocem
768 4779 796 4831 et
809 4775 839 4830 in
853 4775 957 4847 scripto
973 4776 1035 4846 ejus
1089 4785 1117 4836 et
1131 4780 1312 4836 eruditurum
1331 4780 1459 4836 virorum
1475 4780 1548 4835 liber
1561 4781 1686 4835 auctoris
1701 4786 1729 4835 et
1747 4781 1782 4836 de
1807 4797 1842 4835 eo
1857 4797 1936 4852 quie·

190 4861 285 4915 solum
300 4861 395 4916 subire
415 4862 450 4916 ad
469 4863 687 4933 significandam
703 4863 922 4935 patefactionem
941 4864 1034 4935 perfe·
1089 4869 1144 4923 stio
1155 4868 1221 4923 facti
1236 4875 1375 4935 movetur,
1391 4869 1582 4924 consulendus
1600 4872 1643 4922 est
1665 4867 1795 4939 apprime
1810 4873 1842 4922 ut
1871 4867 1935 4939 quis

191 4953 267 5005 ctam
292 4955 321 5005 et
340 4952 512 5020 completam
534 4951 628 5006 cernis
651 4951 754 5007 Christi
778 4957 807 5006 et
834 4951 1036 5023 sanguinis,et
1089 4956 1126 5012 sit
1143 4957 1205 5028 ejus
1233 4973 1333 5012 sensus
1357 4957 1543 5029 percipietur,
1570 4972 1768 5012 nonsecusec
1791 4955 1816 5010 si
1841 4956 1934 5010 adhuc

191 5038 266 5094 hanc
282 5039 498 5111 patefactionem
514 5056 575 5095 esse
591 5056 625 5095 ex
646 5047 743 5096 ruente
761 5041 824 5111 ejus
838 5040 1035 5097 insociabilem
1088 5043 1201 5099 invisis
1225 5049 1298 5101 esset
1314 5050 1421 5100 auctor.
1439 5048 1476 5099 dt
1500 5061 1567 5100 veru
1595 5044 1780 5115 subjiciamus
1807 5043 1869 5114 jour
1896 5061 1936 5099 re·

190 5143 258 5182 cum
277 5129 432 5199 presentie
455 5128 538 5197 reali,
560 5129 668 5183 scilicet
687 5128 847 5184 substantia
874 5130 993 5201 proprie
1008 5136 1037 5186 et
1089 5131 1190 5187 vixisse
1215 5134 1413 5201 liutramnum,
1432 5136 1461 5188 et
1483 5139 1685 5204 percontemur
1697 5133 1733 5188 ab
1747 5149 1782 5187 eo
1808 5132 1879 5205 quid
1893 5134 1937 5188 in·

192 5223 297 5272 natura
320 5215 383 5288 ipse
404 5217 532 5272 humana
553 5217 666 5273 Christi.
692 5219 730 5272 Ex
755 5216 800 5271 his
829 5217 978 5273 manifeste
1007 5224 1037 5274 et
1088 5220 1229 5276 tellererit
1239 5237 1291 5292 per
1305 5221 1380 5276 banc
1394 5236 1494 5276 rocem
1504 5224 1638 5289 vertaris,
1652 5227 1680 5277 et
1692 5221 1762 5294 quid
1774 5221 1937 5292 significare

192 5303 315 5359 dilucide
326 5308 413 5375 patet,
429 5304 459 5359 in
470 5304 601 5359 examine
618 5303 737 5375 hujusce
748 5305 924 5375 questionis,
937 5311 1034 5362 utrum
1088 5308 1185 5364 animo
1210 5309 1365 5364 intenderit
1390 5327 1405 5364 e
1435 5309 1552 5381 regione
1573 5310 1660 5381 huJ'us
1685 5309 1762 5364 vocis
1778 5309 1893 5377 fiper&
1910 5313 1938 5365 et

191 5407 296 5464 corpus
315 5399 344 5448 et
358 5394 474 5465 sanguis
497 5392 601 5448 Christi
622 5392 727 5449 existet
751 5393 780 5449 iu
802 5395 986 5451 Eucharistiae.
1003 5398 1035 5452 ln
1089 5397 1276 5469 responderet
1315 5396 1398 5453 uubis
1420 5397 1543 5454 dilucide
1570 5414 1632 5454 esse
1662 5398 1937 5453 demonstrationem

191 5483 320 5550 mysterio
333 5486 382 5535 cut
396 5483 426 5534 iu
439 5484 564 5546 ventae,
581 5480 655 5536 nihil
665 5480 743 5536 aliud
756 5481 897 5539 discutere
911 5484 1034 5539 voluisse
1089 5501 1140 5541 seu
1150 5485 1373 5556 patefactionem
1389 5486 1431 5541 rei
1448 5487 1535 5542 nullis
1547 5486 1657 5542 umbris
1677 5487 1779 5542 velate
1794 5484 1848 5542 nec
1862 5488 1938 5560 tigu-

191 5573 297 5639 praeter
320 5567 395 5624 banc
432 5568 632 5640 quaestionem,
661 5576 760 5626 utrum
790 5571 821 5627 in
859 5572 1035 5627 accurristis
1089 5573 1128 5630 ris
1144 5573 1313 5642 reconditam
1331 5591 1427 5630 revera
1447 5577 1509 5647 eJas
1525 5574 1705 5646 responsioni
1719 5581 1777 5630 tam
1801 5575 1938 5637 clareat

192 5656 340 5727 aliquante
357 5656 451 5727 ligura
464 5657 605 5726 existeret,
635 5659 678 5713 rel
707 5658 857 5730 patefactio
884 5661 1035 5716 manifesta
1090 5662 1176 5718 nullis
1191 5661 1360 5733 amhagibus
1384 5662 1534 5731 intricatae,
1551 5665 1639 5719 fidem
1658 5663 1796 5719 adhihere
1810 5679 1871 5718 nou
1890 5655 1937 5720 re·
