3930 6098
444 290 489 347 DE
508 292 555 348 XII
576 291 733 350 MENSIUN
753 294 949 361 NOMINIBUS,
968 294 1088 361 siouts,
1109 295 1184 352 ETC.

713 561 919 647 INCIPIT

167 742 238 845 DE
268 742 558 847 DUOCECIM
586 741 851 846 MENSIUM
886 741 1221 866 NOMINIBUS,
1263 739 1450 852 SIGNIS

533 915 748 994 AERISQUE
771 914 1093 991 QUALITATIBUS.

84 1184 105 1222 is
120 1183 252 1223 mensum
268 1184 333 1239 qnae
348 1166 385 1222 sit
399 1166 520 1222 rationis
535 1167 627 1239 origo,

85 1257 104 1311 is
118 1272 188 1311 seno
200 1258 319 1311 volvunt
332 1258 381 1328 qui
395 1256 488 1311 sidere
504 1272 653 1326 magnum,

85 1349 162 1400 trent
178 1345 285 1417 pariter
300 1345 444 1400 duodenas
458 1344 540 1415 algua
557 1344 708 1408 Kalendas,

85 1451 148 1489 lexa
165 1435 237 1489 leret
253 1451 380 1488 mensum
396 1433 528 1488 discretio
543 1434 637 1499 terris,

85 1539 90 1574 ι
108 1528 227 1594 generet
241 1523 343 1589 cultus,
361 1538 432 1592 quos
444 1521 549 1575 lorrnet
566 1519 700 1588 habendi,

85 1612 186 1666 reviter
197 1611 354 1665 referemus
364 1609 394 1664 in
406 1610 517 1677 ordine,
537 1610 635 1664 lector.

232 1806 276 1859 DE
295 1804 477 1861 IANUARIO.

85 1971 163 2010 mum
180 1971 307 2009 inensem
322 1954 427 2008 servari
441 1954 533 2008 Julius
549 1955 616 2009 anni

85 2044 148 2098 leni
163 2044 281 2099 ellertur
291 2044 464 2114 cognomine
479 2043 565 2114 regis,

85 2135 175 2186 entem
194 2132 272 2186 Latio
289 2132 339 2203 qui
359 2133 442 2197 rexit,
457 2138 485 2185 ct
501 2133 600 2186 urbem

85 2237 104 2276 n
118 2222 236 2291 sceptris
252 2223 416 2294 populoque
431 2229 460 2276 et
472 2222 585 2289 legibus
601 2221 688 2277 suxit.

88 2308 137 2364 lno
152 2315 279 2380 praesunt
290 2311 456 2381 Capricorni
477 2310 571 2364 sidera
586 2315 724 2378 monstro,

85 2413 122 2452 ne
137 2414 194 2451 uno
210 2398 317 2468 pariter
333 2398 514 2470 splendentia
528 2399 620 2469 signo.

85 2500 131 2540 ius
145 2487 253 2557 campis
269 2487 380 2557 lepores
394 2488 514 2541 lustrare
528 2487 651 2554 nivosis;

85 2579 92 2627 t
107 2573 191 2627 variis
208 2575 298 2644 pictas
313 2579 427 2646 captare
442 2576 580 2644 volucres,

85 2677 110 2714 >s
124 2661 246 2716 volitant
260 2663 404 2734 collesque
419 2669 447 2717 el
461 2662 581 2718 Ilumina
600 2665 715 2719 cIrcum.

85 2765 115 2818 ts,
132 2751 323 2822 accipiterque
339 2752 441 2822 piacet,
458 2753 591 2822 curisque
604 2755 702 2808 solutis

85 2854 130 2892 arn
146 2839 231 2908 genle
248 2845 328 2893 vacat
343 2841 503 2911 indulgere.
521 2841 657 2914 domique

85 2942 145 2980 rsus
159 2927 218 2981 veri
234 2928 362 2998 prolerre
380 2929 485 2983 lntrrro.

88 3030 103 3069 e
118 3018 179 3069 tum
195 3032 293 3070 cervos
308 3033 439 3072 cervasve
455 3017 564 3089 agitare
579 3018 704 3090 fugaces,

85 3103 164 3158 antis
178 3104 241 3174 apri
257 3105 313 3158 lato
329 3107 472 3177 configere
489 3107 563 3162 ferro

85 3207 153 3245 :usu
165 3196 208 3246 est
227 3208 233 3246 :
251 3193 337 3247 borea
350 3194 530 3259 cohibentur,
548 3200 576 3249 et
591 3200 669 3250 artus

85 3278 145 3334 ,cies
160 3281 275 3352 stringit
290 3287 446 3353 tenuatque
459 3282 593 3338 ferarum.

85 3369 202 3422 sccnltis
218 3369 301 3424 facile
317 3375 359 3424 esl
374 3371 555 3426 committere
569 3373 668 3436 terris;

85 3472 106 3510 ,ι
120 3457 196 3526 gelu,
213 3461 241 3511 et
253 3457 357 3529 glacies
371 3459 443 3528 riget
460 3460 575 3524 horrida
586 3462 703 3533 campis.

85 3559 119 3598 im
132 3545 210 3599 silvis
223 3546 375 3616 prodestet
389 3547 476 3602 fissile
489 3548 598 3616 lignum

84 3647 132 3686 um
144 3632 277 3688 domibus
292 3634 433 3705 classique
449 3641 548 3707 aptare
564 3654 686 3693 secures.

219 3829 260 3884 oe
282 3830 490 3887 FEBRUAIIIO.

96 3994 251 4034 numerum
266 3994 390 4052 regnans
408 3983 567 4053 Pompilius
581 3984 668 4052 auxit,

98 4066 162 4121 dica
177 4067 276 4122 urbem
288 4069 405 4124 solitum
422 4070 544 4125 lustrare
561 4077 698 4143 togatam,

85 4154 142 4210 bru
160 4157 317 4211 retinemus
330 4159 447 4214 nomine
462 4159 579 4215 dictum.

85 4259 127 4298 inc
141 4244 229 4298 stellis
244 4251 352 4300 astrum
368 4247 523 4318 praesignal
538 4249 643 4320 Aquari
661 4266 668 4305 ε

85 4346 113 4384 ιιι
123 4332 241 4386 australi
256 4333 328 4388 coeto
344 4336 494 4390 demittere
511 4336 618 4392 nimbis

90 4419 152 4473 haec
163 4419 253 4490 fulget
266 4420 383 4475 tricenis
398 4423 513 4494 ignibus
530 4425 616 4480 unda.

85 4507 129 4561 nis
144 4509 274 4579 verisque
290 4515 391 4564 tenent
401 4512 525 4566 confinia
542 4529 685 4582 menscm;

85 4611 191 4667 sueque
208 4598 291 4668 riget,
307 4615 384 4654 nuuc
398 4616 462 4654 vere
478 4602 584 4657 mulcet
602 4603 703 4658 emico.

84 4701 130 4738 sus
146 4687 357 4742 tractisterram
376 4690 558 4760 proscindere
575 4693 686 4760 aratris,

96 4773 165 4827 hinc
180 4774 266 4829 sulcis
276 4777 392 4846 prodest
405 4777 543 4832 mandare
560 4780 705 4848 secundis;

86 4878 114 4916 m
129 4864 237 4934 campis
250 4865 373 4920 serimus
388 4867 541 4938 peregrlna
552 4883 605 4939 per
619 4884 720 4941 agros,

95 4952 265 5006 candetavis
279 4954 394 5025 pietatis
407 4956 524 5010 nomme
539 4963 679 5026 praestans
696 4974 703 5013 ι

85 5054 117 5093 nc
131 5042 242 5095 cultum
254 5059 316 5097 mos
328 5049 370 5098 est
386 5044 522 5098 adbibere
537 5044 683 5115 putandis,

85 5142 140 5198 qne
156 5144 243 5183 novas
257 5147 386 5202 gemmas
398 5132 527 5202 prolerre
540 5132 648 5187 recisis.

85 5216 181 5271 salices
195 5218 278 5272 nodis
293 5235 443 5275 canescere
455 5221 577 5291 glaucis;

799 1167 823 1219 A
835 1168 908 1221 Tum
923 1166 1051 1237 primum
1066 1170 1094 1222 el
1103 1161 1196 1238 'coryli
1210 1168 1332 1223 nucibus
1346 1167 1480 1223 frondere
1494 1169 1608 1239 futuris,

835 1252 913 1307 Tunc
928 1252 1045 1309 canibus
1060 1271 1157 1310 cervas
1172 1255 1347 1328 spiculisque
1363 1257 1472 1328 agitare
1487 1263 1623 1329 repertas,

835 1343 874 1395 Ac
889 1342 982 1397 valido
997 1359 1133 1415 aprorum
1148 1344 1297 1415 praefigere
1308 1361 1429 1416 corpora
1444 1346 1530 1412 ferro,

835 1430 1031 1503 Informesque
1044 1433 1122 1486 canis
1136 1450 1216 1488 ursos
1232 1434 1354 1489 lustrare
1370 1435 1424 1488 sub
1441 1435 1532 1489 antris

835 1520 995 1575 Venantum
1009 1521 1044 1576 de
1055 1537 1135 1576 more
1147 1531 1160 1556 ⁸
1172 1522 1266 1594 placet
1280 1540 1287 1579 ε
1304 1528 1372 1578 tunc
1392 1523 1516 1594 piscibus
1530 1524 1600 1578 altas

836 1610 1008 1666 Prsestruere
1021 1611 1174 1681 aggeribus
1188 1610 1298 1683 piscoso
1318 1611 1349 1666 in
1359 1610 1478 1667 flumine
1493 1626 1584 1683 sepes.

1160 1803 1204 1857 DE
1223 1802 1363 1859 IIAIITIO.

834 1951 949 2008 Martius
963 1957 1095 2008 exortum
1109 1952 1208 2008 statuit
1218 1952 1265 2007 cui
1280 1953 1418 2008 Romulus
1431 1954 1511 2023 anui,

833 2041 920 2096 Ilarle
930 2045 1010 2096 tenet
1019 2041 1148 2109 ductum,
1162 2041 1304 2096 bellorum
1317 2041 1456 2113 principe,
1474 2057 1578 2098 nomen
1593 2060 1600 2097 :

833 2130 923 2195 Quem
939 2135 1084 2186 auctorem
1100 2130 1213 2201 generis
1229 2131 1318 2186 Remo
1330 2146 1396 2185 cum
1409 2130 1496 2186 fratre
1509 2131 1646 2196 Quirinus

833 2216 958 2272 Credidit
970 2232 1031 2271 esse
1044 2216 1107 2284 sni,
1124 2216 1246 2287 duplicis
1260 2217 1306 2272 cui
1322 2217 1415 2273 sidera
1431 2216 1517 2273 Piscis

833 2306 972 2370 Proesunt,
987 2304 1103 2360 tricenis
1117 2305 1251 2376 senisque
1266 2305 1425 2360 bmicentia
1439 2306 1574 2363 tlammis.

833 2395 913 2449 llunc
923 2408 1050 2449 mensem
1062 2394 1191 2464 jucunda
1201 2393 1298 2448 levent
1312 2393 1429 2449 exordia
1444 2395 1533 2462 veris,

797 2462 816 2515 Β
831 2482 886 2547 Qui
901 2498 987 2548 mare,
1002 2484 1052 2554 qui
1064 2487 1153 2536 terras
1167 2483 1260 2553 specie
1276 2483 1444 2554 tranquillat
1456 2498 1571 2539 amoena
1586 2500 1592 2538 :

830 2573 923 2626 AEstus
939 2569 1042 2626 Oceani
1060 2571 1114 2625 hoc
1127 2570 1254 2641 primum
1274 2586 1447 2642 consurgere
1462 2587 1593 2644 magnos,

830 2660 954 2714 Navibus
969 2664 998 2713 et
1008 2660 1101 2731 pelagi
1116 2658 1271 2715 dilfnndier
1284 2676 1402 2731 aequora
1414 2659 1498 2730 pictis

829 2748 990 2811 CernImus,
1008 2752 1093 2820 atque
1110 2764 1198 2802 novos
1213 2748 1403 2803 conscendere
1423 2748 1545 2804 llumiua
1566 2748 1676 2820 pisces:

830 2838 949 2893 Garrula
963 2852 1015 2908 per
1030 2836 1133 2892 sudum
1149 2837 1271 2892 volitans
1286 2842 1349 2891 tum
1367 2837 1469 2892 stridet
1485 2837 1622 2903 hirundo,

829 2927 990 2996 Aereasque
1006 2941 1091 2997 grues
1100 2925 1208 2996 campis
1223 2925 1358 2992 residere,
1374 2925 1501 2997 salisque

829 3015 943 3070 Anseris
956 3015 1081 3069 invisum
1096 3014 1232 3069 decedere
1247 3015 1391 3069 cernimus
1403 3030 1517 3086 agmen.

828 3103 949 3174 Sepibus
959 3103 1026 3158 hinc
1042 3104 1142 3158 hrrtos
1157 3102 1283 3173 prImnm
1296 3102 1409 3157 munire
1428 3103 1586 3157 novandos.

829 3192 1038 3263 immundoque
1051 3193 1121 3246 fimo
1134 3196 1162 3246 et
1176 3191 1274 3246 rastris
1289 3200 1299 3226 ⁰
1313 3206 1486 3262 componere
1500 3195 1622 3262 tempus,

830 3283 945 3337 Diversa
960 3285 988 3336 et
1003 3281 1128 3351 propriis
1138 3280 1320 3335 committere
1333 3280 1444 3334 semina
1455 3280 1550 3334 sulcis.

827 3371 898 3426 Tum
914 3385 1020 3437 cervas,
1036 3385 1163 3439 capreas,
1173 3369 1285 3439 tepores
1302 3369 1423 3422 lustrare
1438 3366 1569 3438 voluptas

829 3458 970 3528 Imperat:
987 3456 1055 3512 bine
1069 3457 1172 3528 apibus
1185 3458 1266 3512 sedes
1280 3456 1402 3510 statione
1417 3455 1552 3526 parandae

831 3547 899 3602 Vere
915 3563 977 3613 suo,
990 3562 1055 3601 cum
1067 3546 1128 3618 jam
1142 3546 1260 3601 stabulis
1273 3545 1348 3600 exIre
1364 3545 1482 3600 reclusis

829 3635 932 3689 Invitat
946 3634 1097 3690 stimulans
1114 3634 1203 3707 prolis
1218 3634 1367 3704 mellisque
1382 3633 1499 3705 cupido.

794 3757 815 3813 C
830 3723 927 3794 Deque
942 3723 1012 3779 locis
1026 3723 1137 3778 steriles
1153 3723 1253 3796 primis
1268 3728 1329 3778 tum
1344 3723 1419 3778 ferre
1435 3723 1542 3779 radices

828 3812 982 3875 Arborum,
1001 3816 1030 3866 et
1042 3811 1149 3882 Ignotis
1162 3810 1307 3866 scrobibus
1321 3813 1465 3882 deponere
1479 3817 1603 3869 suetum.

829 3901 943 3954 Plantas
953 3899 1024 3971 quin
1040 3900 1127 3955 etiam
1142 3898 1263 3958 fecunda
1278 3915 1311 3954 ex
1326 3900 1427 3954 arbore
1443 3900 1530 3956 tectas

829 3989 945 4044 Arboris
957 3989 1073 4044 alterius
1092 3993 1177 4045 natus
1197 3987 1233 4043 de
1252 3987 1381 4059 germIne
1396 3993 1491 4043 cortex

829 4077 946 4146 Accipit,
964 4077 1052 4150 Inque
1066 4077 1131 4132 sinu
1146 4077 1222 4132 ferro
1236 4077 1395 4147 patefactus
1412 4077 1448 4131 ad
1466 4092 1590 4149 unguem

830 4164 980 4233 Continet;
993 4167 1047 4220 hoc
1062 4164 1118 4221 laeti
1130 4170 1252 4236 surgunt
1261 4165 1296 4221 de
1309 4166 1418 4222 semtne
1431 4165 1549 4222 fructus.

1156 4359 1202 4414 DE
1220 4359 1346 4416 APIIILI.

865 4512 955 4576 Quem
974 4509 1075 4564 Veneri
1088 4525 1200 4565 sacrum
1216 4509 1405 4581 etproprium
1418 4510 1515 4567 dixere
1530 4512 1640 4582 priores

830 4601 964 4667 blensem,
988 4598 1043 4654 hoc
1066 4599 1143 4671 quod
1164 4598 1257 4670 vigeat
1280 4598 1447 4654 demulcens
1469 4601 1570 4656 cuncta
1595 4603 1676 4657 volu·

830 4777 951 4834 Nomine
964 4775 999 4831 de
1010 4774 1094 4832 Graio
1108 4775 1227 4830 ductum
1243 4774 1400 4831 vocitamus
1416 4777 1544 4849 Aprilem
1562 4793 1568 4832 :
1591 4687 1676 4761 [μεθ’

829 4866 877 4920 Vel
894 4880 977 4935 mage
986 4864 1063 4937 quod
1074 4869 1162 4918 terras
1171 4863 1298 4920 brumali
1305 4864 1412 4937 frigore
1425 4866 1535 4921 clausas

831 4956 861 5010 In
876 4954 970 5008 varios
984 4953 1076 5024 aperit
1088 4953 1171 5021 letus,
1188 4954 1323 5025 cogitque
1337 4954 1470 5020 fovendo,

794 5045 958 5108 DRomano
974 5046 1087 5098 tantum
1106 5043 1223 5098 excellet
1239 5059 1371 5098 sermone
1385 5047 1510 5098 vocatus.

829 5131 926 5187 Stellet
940 5131 1008 5187 huie
1023 5129 1103 5187 Aries
1117 5130 1207 5185 ternis
1221 5130 1360 5201 denisque
1375 5136 1514 5197 coruscat,

828 5220 981 5292 Signorum
998 5219 1116 5290 obliquo
1130 5221 1179 5292 qui
1198 5220 1290 5291 fulget
1303 5219 1333 5275 in
1348 5219 1446 5274 ordine
1459 5218 1580 5291 primus.

85 5377 141 5428 lum
156 5372 189 5426 de
203 5389 285 5429 more.
296 5373 340 5429 Sic
355 5375 498 5430 cdidImus
517 5381 548 5430 ut
560 5392 659 5432 sensus
675 5385 771 5450 postu·
827 5385 970 5449 corrupte.

85 5443 164 5498 iriori
181 5444 317 5506 editione,
332 5451 468 5500 venatum.

861 5453 964 5506 ⁰Pa'mo
993 5455 1018 5506 el
1044 5454 1156 5507 rostris.
1182 5451 1228 5507 Sic
1249 5450 1334 5505 codex
1361 5449 1450 5518 bigot.
1469 5451 1501 5505 In
1515 5449 1609 5519 editis,
1627 5468 1674 5507 ro-

85 5531 146 5584 que.
172 5518 263 5569 Antea
285 5517 444 5583 legebatur,
467 5520 608 5587 semisque.
636 5519 710 5574 lnlra
738 5535 772 5575 er
825 5523 890 5576 stris
907 5538 913 5575 ε
931 5538 963 5576 ex
974 5522 1076 5577 eodem
1087 5523 1182 5578 codiee
1198 5521 1363 5593 scrIpsImus
1375 5521 1485 5591 plantas
1499 5523 1567 5593 quin
1580 5526 1673 5590 elium,

85 5592 127 5640 ut
146 5585 289 5641 edidimus
308 5587 468 5657 diffundier,
485 5587 534 5642 ubi
549 5595 610 5643 erat
623 5589 769 5659 diffundis.
824 5591 874 5647 ubi
885 5591 993 5647 editum
1007 5599 1069 5648 erat
1079 5594 1195 5663 ploratis,
1211 5597 1265 5647 etc.
