3930 6098
656 273 763 331 trualt
786 273 832 332 DE
855 274 1062 332 unriurein
1086 274 1239 333 caulam.

707 651 1181 757 RATRAMNI

761 873 964 920 conualausts
986 875 1131 920 nunaunt

208 1041 286 1177 ul
329 1039 403 1178 lo
446 1040 593 1185 tlon
637 1040 908 1179 CHRISTUS
953 1041 1029 1179 ll
1068 1043 1303 1183 uetita
1346 1045 1532 1184 Nllll
1572 1045 1676 1183 EST
1784 1044 1788 1051 ’

809 1288 1083 1414 LIBER.

580 1499 673 1571 (Apud
693 1498 857 1568 acherium,
872 1499 1019 1572 Spieilegii
1033 1504 1112 1556 tomo
1127 1502 1149 1570 I,
1166 1516 1232 1573 pag.
1249 1503 1307 1574 52)

711 1791 939 1868 MONITUM
966 1791 1177 1867 ACHERH.

95 2107 136 2163 lle
150 2107 312 2164 listramao
328 2106 391 2162 haec
409 2109 509 2161 monet
524 2104 663 2161 richerius
683 2105 714 2160 in
737 2120 789 2161 sna
803 2105 947 2168 Praetu-A
966 2106 1107 2170 Ecclesia,
1142 2105 1196 2162 col.
1227 2106 1279 2163 243
1302 2123 1311 2160 ε
1331 2107 1527 2176 Bertremnns,
1561 2105 1609 2161 teo.
1640 2106 1673 2162 de
1699 2106 1817 2179 Corpore

63 2196 143 2251 tione
159 2215 168 2251 s
185 2217 200 2246 α
214 2194 377 2262 llatrsmui,
393 2194 456 2250 eliis
471 2194 642 2264 Bertramni,
659 2193 838 2250 Corbeionsis
853 2210 915 2250 mo·
970 2199 997 2250 et
1024 2196 1162 2264 sanquine
1189 2196 1307 2251 ostendit
1339 2211 1436 2264 eorpus
1465 2196 1574 2251 Domini
1602 2199 1628 2250 et
1658 2198 1819 2265 sanquinem

63 2284 149 2339 uachi
176 2283 349 2358 presbyteri,
377 2283 563 2356 0puscnlum,
592 2287 630 2340 uc
657 2300 686 2341 eo
718 2284 791 2354 qnod
822 2285 916 2343 Giris·
969 2299 1052 2354 super
1074 2287 1162 2340 otiare
1183 2299 1231 2340 seu
1253 2299 1372 2340 mensem
1384 2286 1461 2355 poni,
1477 2290 1503 2339 et
1530 2284 1594 2339 inde
1607 2285 1707 2355 popnto
1720 2285 1818 2342 distri-

62 2376 105 2426 tus
118 2370 153 2426 de
166 2372 281 2438 Virgine
294 2375 377 2426 nutus
390 2374 441 2440 est,
454 2373 498 2425 tot
524 2370 637 2426 seculis
651 2371 682 2425 in
704 2371 809 2442 Anglia
831 2376 915 2427 tene·
971 2372 1027 2443 dui,
1040 2377 1093 2429 eto.

60 2458 121 2515 bris
136 2459 277 2525 obsitum,
296 2457 328 2514 iu
344 2457 464 2516 Galliam
477 2459 594 2515 domum
618 2475 678 2515 uon
693 2459 801 2533 absque
815 2460 914 2516 iudus-
1005 2463 1224 2519 allatramnnm
1238 2461 1321 2519 docto
1339 2462 1557 2535 luculenterque
1582 2463 1617 2519 ab
1633 2463 1711 2519 omni
1734 2479 1816 2519 navo

61 2548 116 2603 tria
132 2548 225 2605 redux
240 2547 332 2605 effeci.
348 2550 455 2605 Ansam
469 2548 593 2619 praebuit
608 2548 738 2605 Uenerius
757 2549 914 2605 Armacha-
969 2567 1116 2607 asseruere
1132 2551 1232 2608 Sextus
1246 2551 1389 2619 Senensis,
1405 2551 1485 2624 praei.
1501 2551 1685 2609 bibliothecae
1700 2556 1815 2621 sancte,

62 2652 126 2705 uns,
147 2636 199 2709 qni
214 2654 274 2693 snae
289 2637 479 2694 Retramuum
495 2637 560 2693 labe
575 2637 718 2693 haereseos
732 2643 764 2695 ut
778 2655 914 2713 aspergo·
969 2639 1121 2696 cardinalis
1135 2640 1281 2709 Peronius,
1297 2656 1329 2695 nc
1341 2655 1449 2711 praeses
1461 2640 1632 2712 Maraguiuus
1644 2656 1652 2695 ε
1665 2640 1713 2695 illo
1723 2639 1772 2696 lib.
1786 2656 1815 2697 u.

61 2731 115 2796 ret,
129 2726 274 2794 insibilat,
295 2725 391 2798 ipsum
411 2725 494 2798 panis
518 2724 707 2783 substantiam
722 2728 914 2785 ¹Eucharistiae
969 2727 1069 2794 durh„
1086 2744 1168 2800 capp.
1186 2730 1203 2783 2
1222 2731 1252 2782 et
1273 2729 1304 2794 2;
1318 2725 1371 2781 isto
1400 2743 1467 2783 vero
1494 2726 1639 2783 historicae
1672 2733 1703 2782 et
1731 2727 1816 2783 chro-

62 2818 246 2870 saoramento
261 2814 292 2869 in
307 2829 412 2886 eorpus
428 2814 493 2870 Filii
513 2814 564 2871 uei
583 2814 781 2882 transmutari,
801 2814 915 2870 duobus
968 2816 1040 2873 nicae
1058 2816 1272 2873 uissenationis
1297 2832 1359 2887 cap.
1390 2820 1434 2885 37,
1465 2817 1568 2873 litteris
1600 2832 1633 2873 sc
1660 2817 1737 2873 tuma
1760 2818 1817 2873 ilo·

63 2919 136 2975 quos
159 2902 197 2958 de
220 2919 256 2957 eo
292 2906 470 2959 sacramanto
491 2903 574 2959 libris
597 2903 778 2978 conscripsit,
800 2919 914 2975 nequa·
969 2906 1059 2962 ruisse
1090 2906 1278 2963 Retramuum
1312 2904 1447 2961 Ludovici
1480 2905 1523 2960 Pii
1556 2908 1586 2962 et
1615 2905 1708 2962 Caroli
1737 2905 1817 2962 Calvi

61 3007 149 3064 quam
164 2991 343 3046 admittere:
369 3006 580 3065 perperamque
595 2991 625 3046 id
640 2991 770 3046 Ueserins
793 2991 914 3046 suadere
968 2998 1150 3066 tempestate,
1174 2993 1259 3049 fidem
1277 2991 1387 3048 iaciunt
1414 3008 1486 3064 quas
1514 2992 1635 3065 protulit
1663 2993 1816 3049 elucubra-

60 3085 193 3151 eountnr,
208 3080 240 3135 in
255 3081 422 3137 Gottesoelei
437 3081 510 3138 ilist.
528 3097 591 3152 cap.
609 3081 728 3148 1v,hunc
742 3080 773 3137 in
784 3080 912 3136 modum:
968 3083 1069 3138 tiones.
1087 3102 1102 3131 »

62 3172 140 3225 inter
169 3170 310 3240 Opusema
337 3170 396 3241 eins
423 3169 591 3240 (ltotrnmni)
615 3185 675 3240 qne
702 3169 739 3224 nd
771 3169 915 3224 Trittemii
1004 3168 1315 3228 HactenusAcherium
1336 3167 1546 3240 exscripsimus.
1573 3169 1654 3224 Nune
1676 3168 1815 3224 lectorem

61 3261 193 3314 notitiam
216 3273 270 3314 non
299 3262 491 3328 peremerunt,
525 3273 609 3314 uocum
636 3263 676 3315 est
703 3257 736 3313 de
761 3258 915 3314 Natiuitote
967 3275 1128 3323 monemus,
1144 3259 1183 3315 ita
1197 3257 1336 3331 scriptum
1356 3272 1417 3313 esso
1433 3258 1565 3328 departu
1580 3255 1706 3328 Virginis
1721 3272 1737 3311 a
1755 3258 1811 3313 Ra·

61 3348 176 3416 christi,
192 3350 224 3402 ia
238 3363 292 3417 quo
319 3347 438 3404 eamdem
464 3363 547 3418 quom
570 3350 601 3403 in
626 3347 696 3404 libro
710 3347 743 3403 de
756 3347 872 3417 Corpore
888 3349 914 3400 et
967 3353 1082 3405 tramuo
1097 3352 1126 3405 et
1137 3349 1173 3404 ab
1185 3348 1248 3421 ejus
1259 3347 1361 3403 abbate
1376 3347 1527 3417 lietberto,
1537 3350 1570 3401 ut
1580 3349 1683 3401 neuter
1697 3345 1815 3401 alterins

62 3437 204 3506 &nguine
233 3437 344 3492 Domini
371 3437 468 3505 tradit,
493 3437 648 3492 doctrinam
673 3439 840 3508 propugnet.
876 3434 947 3492 neu
967 3438 1138 3511 opuseulum
1163 3437 1267 3511 legisse
1297 3437 1441 3506 videntum
1470 3451 1522 3491 uec
1549 3435 1626 3491 enim
1656 3433 1815 3490 verisimile

63 3527 157 3581 onina
170 3527 299 3594 ultmnm
316 3529 370 3581 etc.
968 3533 1021 3596 est,
1032 3529 1057 3584 si
1069 3527 1217 3599 legissent,
1229 3531 1386 3599 utrumque
1396 3525 1496 3582 eadem
1509 3522 1673 3580 testimonia
1684 3524 1813 3595 prolatu·

97 3634 112 3668 s
129 3614 224 3680 Quam
239 3630 327 3685 porro
343 3630 441 3671 avaro
460 3615 575 3670 aberret
587 3614 650 3670 haic
667 3613 796 3682 assertio,
812 3613 915 3686 probat
967 3632 1032 3672 rum
1047 3616 1145 3683 inisse,
1163 3632 1244 3671 suam
1261 3619 1292 3671 ut
1320 3616 1443 3689 quisque
1472 3614 1644 3669 senteutiam
1668 3613 1815 3685 probaret,

64 3703 224 3776 ipsummet
237 3703 419 3775 opusculum,
439 3703 485 3759 cui
500 3703 604 3758 erroris
626 3703 743 3775 hujusce
758 3718 794 3758 ue
803 3703 915 3759 verbuli
967 3722 1020 3761 nee
1034 3706 1121 3761 nillum
1137 3720 1235 3760 curam
1249 3703 1448 3760 adhibiturum
1463 3703 1560 3771 fuisso,
1585 3707 1616 3758 ut
1630 3717 1664 3758 ea
1684 3702 1816 3757 testimo·

65 3792 183 3865 quidem
206 3796 257 3847 ant
287 3792 375 3863 apicis
403 3791 558 3863 vestigium
579 3791 663 3848 inest.
692 3792 752 3846 lmo
778 3806 845 3847 vero
870 3791 914 3847 illi
969 3795 1017 3850 nia
1031 3810 1197 3865 perversum
1211 3794 1242 3848 in
1256 3793 1434 3849 intellectum
1448 3792 1562 3848 detorta
1576 3807 1638 3847 esse
1659 3791 1695 3846 ab
1711 3791 1816 3847 edver-

67 3880 121 3951 ipsi
135 3880 332 3952 perduellium
347 3880 529 3953 antesignani
544 3880 800 3951 ldagdeburgenses
817 3885 915 3935 centu·
968 3881 1043 3938 sario
1057 3882 1275 3936 demonstraret.
1293 3880 1351 3935 lloe
1364 3880 1450 3935 etiam
1471 3895 1530 3933 non
1552 3877 1745 3933 omittendum
1761 3883 1814 3946 est,

69 3967 108 4021 ria
121 3983 159 4034 11,
175 3966 290 4038 capae
317 3969 456 4036 Doctrina,
476 3969 531 4023 eol.
558 3970 622 4038 mn,
639 3967 739 4039 paucis
768 3968 912 4023 Ueserium
968 3971 1095 4043 priorem
1111 3969 1267 4026 editionem
1285 3969 1419 4024 collatam
1435 3983 1497 4023 esse
1520 3983 1587 4022 cnm
1611 3965 1816 4021 valericodiee

71 4055 199 4111 refellunt
214 4073 221 4111 :
250 4056 576 4113 irenesnbstontiotionis
587 4056 667 4112 tebet
681 4058 786 4112 semino
799 4059 913 4113 ltertre·
968 4059 1058 4116 Ballei
1073 4076 1089 4113 a
1106 4060 1136 4114 [l.
1153 4059 1235 4115 Edm.
1251 4059 1388 4129 Matiene,
1406 4057 1456 4131 qui
1470 4056 1564 4112 varias
1578 4054 1716 4112 lectiones
1731 4054 1813 4110 nobis

74 4159 153 4213 nnus,
166 4146 258 4199 utitur
272 4146 344 4199 mim
366 4144 506 4201 vocubulis
528 4145 773 4217 commutationis,
795 4150 821 4200 et
845 4161 913 4201 cou-
969 4147 1201 4205 communicavit.

77 4232 215 4288 versionis.
241 4234 277 4288 Et
308 4250 370 4306 cap.
407 4237 423 4290 u
456 4234 491 4290 de
523 4234 707 4291 ceremoniis
740 4237 769 4289 et
800 4233 914 4290 {litibus

674 4553 913 4629 AUCTORIS
945 4552 1212 4628 PRAEFATlu.

110 4746 135 4802 Si
160 4762 218 4802 nno
247 4746 300 4802 sub
327 4746 465 4818 magistro
491 4745 603 4803 Christo
634 4759 735 4801 omnes
761 4743 948 4804 Christianic
969 4746 1052 4800 uerat
1064 4743 1243 4800 charitatem.
1261 4741 1383 4799 Perinde
1406 4747 1498 4798 cesset
1523 4741 1570 4798 hic
1598 4743 1644 4799 vel
1657 4742 1743 4800 iacies
1771 4744 1817 4800 in·

88 4847 228 4904 censemur,
256 4835 280 4890 si
308 4851 367 4890 uuo
400 4834 510 4891 coelesti
537 4835 620 4891 Patre
650 4833 776 4891 universi
800 4833 917 4889 creden·
970 4832 1040 4901 visa,
1055 4834 1100 4888 vel
1115 4848 1222 4889 nomon
1250 4831 1393 4904 ignotum,
1408 4832 1453 4887 vol
1480 4831 1685 4889 familiaritatis
1699 4848 1816 4905 compa·

87 4925 296 4997 inmoriemur,
326 4924 351 4979 si
378 4924 465 4979 nnius
487 4923 612 4996 Spiritus
640 4923 747 4980 indere
771 4923 802 4977 iu
829 4923 917 4978 unius
972 4923 1047 4978 ratio
1075 4923 1164 4993 nulla,
1192 4921 1242 4978 ubi
1271 4921 1301 4976 iu
1325 4922 1436 4994 copula
1468 4921 1582 4978 socialis
1608 4922 1818 4979 devinctionem

86 5011 214 5069 claritatis
232 5027 373 5085 compage
406 5012 575 5080 solidemur,
605 5027 663 5067 nou
691 5011 837 5084 estquod
870 5026 917 5067 me
974 5015 1063 5078 tanta,
1080 5015 1139 5067 tem
1155 5026 1259 5082 magna
1273 5014 1390 5082 tamquo
1399 5011 1558 5066 necessaria
1567 5010 1820 5081 convenientiora

85 5106 146 5157 etna
163 5102 334 5174 dignatione
360 5101 521 5172 sejunctum
546 5116 656 5170 verear,
686 5100 843 5172 quominus
870 5116 918 5154 re·
973 5100 1150 5156 societatum.
1167 5101 1231 5155 Nou
1244 5099 1425 5171 igitnrvulnt
1443 5100 1570 5155 alienum
1586 5100 1703 5167 refutes,
1731 5112 1818 5170 quern

85 5187 171 5263 ligioni
184 5199 243 5248 tuae
262 5189 419 5247 familiaria
439 5190 544 5263 scripta
557 5189 726 5262 procudam.
751 5189 813 5244 Non
838 5188 917 5244 cuim
972 5204 1096 5261 superna
1129 5188 1324 5252 conditiotibi
1356 5189 1475 5244 tratrem
1508 5186 1670 5244 conciliavit
1697 5186 1818 5258 propin-

83 5281 116 5334 vel
128 5279 277 5352 sanguinis
293 5279 495 5352 propinquitas
509 5283 589 5335 teuta
602 5282 646 5335 est
656 5283 765 5350 quauta
778 5277 913 5349 Spiritus.
974 5295 1074 5351 quum.
1091 5279 1162 5334 Cum
1190 5279 1250 5334 haee
1264 5277 1305 5333 ita
1319 5293 1349 5333 se
1377 5277 1513 5346 habeant,
1542 5278 1662 5332 obsecro
1685 5291 1820 5332 reveren·

82 5366 192 5424 Terrena
202 5367 312 5423 scilicet
330 5382 463 5440 propago
473 5367 593 5424 inferior
608 5369 700 5423 mutto
715 5371 758 5423 est
772 5381 859 5440 quum
875 5366 925 5429 dia
972 5368 1044 5424 tiam
1054 5372 1132 5424 tuam
1149 5371 1181 5423 ut
1194 5368 1230 5423 ud
1245 5366 1460 5440 suggestionem
1480 5363 1630 5438 parvitatis
1653 5369 1761 5422 uostris
1775 5381 1821 5422 re·

80 5457 144 5528 vim,
163 5474 217 5515 nee
242 5454 340 5513 cilicis
361 5455 531 5528 temporalis
557 5456 721 5530 obsequele
743 5459 852 5512 tantam
866 5472 918 5529 pa·
973 5457 1115 5531 spondere
1130 5455 1340 5529 nongravsris.
1531 5513 1533 5516 ,

79 5547 149 5606 nunt
161 5547 289 5623 menam
303 5544 466 5604 dilectionis
487 5550 625 5620 quantam
650 5545 753 5604 divinis
770 5544 847 5620 ignis
868 5561 918 5618 ge·
1111 5593 1116 5600 .
1330 5551 1463 5575 -Η-
