3930 6098
106 245 155 297 aar
719 242 862 301 MlLONlS
880 245 1036 303 MONAClll
1055 247 1084 302 S.
1105 244 1242 301 thahu!
1805 248 1852 301 aas

142 379 240 434 libros
270 396 290 434 ιι
312 378 346 432 de
368 378 449 433 tcade
466 378 608 447 pudicitiae
622 381 647 433 et
668 370 832 446 sobrietatis,
845 395 950 435 manu·
969 383 1039 436 Aac
1054 379 1221 451 discipulus,
1236 378 1368 435 versibus
1387 396 1459 451 qnos
1482 380 1572 437 edidit
1597 380 1768 437 Edmundns
1791 383 1854 437 Mar-

107 467 269 539 scriptosin
291 466 358 522 bibl.
384 465 613 537 Cantabrigiensi
635 467 686 538 qui
711 467 792 522 initio
809 469 903 523 manci
924 469 955 523 in

106 557 176 612 bibl.
198 555 337 610 leidensi.
367 554 496 609 Meminit
521 555 696 626 sigebertus,
725 571 750 609 c.
779 559 837 611 105.
863 557 953 628 lncip.

107 645 230 700 Glorioso
243 646 304 714 regi
320 644 419 698 Curato
439 644 545 714 (Calvo)
556 645 621 699 Milo
634 645 762 713 suppleta.

138 783 304 847 Principibus
319 783 411 848 priscis
424 787 514 833 vatum
525 783 654 847 placuisse
663 785 797 834 Camenas.

141 918 296 988 Prologum
321 917 446 988 vulgavit
469 918 585 989 Magnus
608 917 723 973 Cresius
742 919 772 973 iu
796 919 868 974 Diss.
890 921 954 991 Epi·

106 1006 214 1070 stolica,
230 1023 257 1077 p.
272 1008 380 1077 111666.

141 1095 298 1162 conflictum
313 1098 416 1149 6611661
436 1095 545 1150 hiemis.
562 1095 651 1165 Incip.

137 1236 306 1286 Conveniunt
322 1236 407 1287 subito
419 1237 506 1286 cuncti
522 1237 553 1287 de
568 1237 705 1286 montibus
718 1238 786 1287 altis.

107 1366 203 1421 Edidit
222 1367 351 1422 Oudinns
363 1373 432 1423 tom.
450 1369 484 1434 ll,
500 1384 529 1438 p.
545 1370 669 1423 316318.

140 1456 446 1512 1168.61·11666616166
469 1456 668 1511 hexametrum
696 1456 812 1528 duplex,
840 1459 871 1513 in
896 1475 955 1514 mo·

105 1543 174 1598 dum
203 1546 323 1616 sphaerae
347 1545 796 1615 ingeniosissimecompositum,
823 1564 950 1603 manusc.

104 1633 213 1688 Elnone
239 1633 274 1688 ad
296 1635 323 1689 S.
350 1634 514 1689 Amandum
532 1640 606 1689 resta
629 1635 723 1690 Miraeo
749 1635 782 1689 ad
808 1635 990 1708 Sigebertiss

105 1737 120 1775 c
136 1723 196 1777 1611.

140 1819 275 1875 Carmina
290 1820 322 1873 de
337 1821 418 1875 laude
428 1822 585 1890 parcitatis,
605 1821 700 1877 eidem
713 1822 797 1877 Calvo
813 1822 873 1894 regi
886 1828 952 1893 post

104 1908 216 1964 Milonis
240 1908 349 1964 obitum
369 1908 473 1963 obtulit
494 1909 664 1985 Huobatdus,
689 1910 870 1983 propinquus
889 1913 951 1983 ejus

1010 475 1075 526 1666
1090 470 1147 524 t.l.
1164 468 1347 535 haecdotor„
1364 485 1393 541 p.
1411 471 1456 524 16.

1040 557 1102 607 11116
1113 561 1190 621 66616
1202 562 1274 615 1666,
1287 560 1377 607 666161
1391 557 1541 608 didascalus
1556 557 1636 608 idem.

1072 619 1212 683 ingenium
1225 621 1302 682 cujus
1312 620 1363 669 hoc
1377 621 1444 669 beno
1454 620 1541 683 prodit
1550 634 1628 683 opas.

1042 682 1163 732 Carmine
1179 681 1223 744 1661
1234 681 1368 753 quondam
1381 681 1467 731 Vitam
1479 682 1618 746 descripsit
1628 681 1753 738 hmandi,

1073 743 1196 793 Prmsulis
1208 744 1308 803 eximii,
1321 743 1416 793 detulit
1427 748 1505 807 atqua
1516 746 1571 800 tibi,

1041 807 1117 855 llunc
1133 819 1239 869 quoquc
1253 806 1432 869 conscriptum
1445 811 1532 855 vestro
1551 808 1601 857 sub
1615 807 1720 857 honore
1742 807 1851 858 libellum

1072 870 1138 917 Dum
1153 873 1261 930 cuperet
1271 872 1363 917 votsnn
1377 867 1563 918 concelebrare
1577 884 1665 925 661161.

1040 930 1151 989 Occidit,
1164 929 1289 979 humanm
1302 929 1455 993 persolvens
1470 930 1557 980 debita
1568 932 1639 991 vitae,
1651 937 1693 981 etc

1008 1014 1045 1067 Dc
1065 1015 1125 1066 arte
1145 1012 1256 1065 metrica
1284 1009 1389 1063 librum
1418 1016 1558 1065 memorat
1580 1011 1710 1066 Valesius
1733 1011 1851 1065 Andreas

1009 1100 1080 1156 Bibl.
1098 1100 1176 1170 11613,
1191 1115 1221 1170 6.
1240 1102 1301 1154 676.

1043 1189 1181 1257 Epistulas
1201 1188 1236 1242 ad
1259 1187 1386 1243 diversos
1406 1187 1582 1242 'lrithemins
1605 1205 1668 1259 cap.
1694 1190 1748 1243 iae
1771 1188 1803 1242 dc
1824 1188 1847 1243 S.

1009 1277 1050 1340 E.¹
1065 1280 1095 1331 et
1108 1277 1143 1331 da
1157 1276 1316 1331 illustribus
1332 1274 1525 1330 Benedictinis
1544 1276 1578 1340 ll,
1604 1277 1649 1330 66.
1675 1264 1848 1346 Epitaphium

1009 1363 1122 1419 Milonis
1147 1364 1176 1418 in
1199 1364 1274 1419 Actis
1299 1365 1441 1430 sanctor„
1462 1368 1532 1417 tom.
1550 1364 1585 1418 lll
1603 1364 1671 1418 lun.
1691 1366 1734 1429 16,
1761 1379 1787 1435 p.
1811 1366 1845 1425 16,

1008 1453 1044 1508 ab
1061 1452 1216 1519 linebaldo,
1232 1456 1263 1506 61
1277 1452 1406 1522 66661661
1420 1451 1446 1505 61
1461 1451 1610 1521 positum:

1038 1540 1100 1589 Milo
1114 1544 1199 1601 poeta,
1213 1540 1321 1598 sophus,
1338 1540 1418 1588 cubat
1434 1538 1484 1587 hoc
1495 1539 1543 1587 sub
1561 1552 1693 1586 marmore
1706 1538 1818 1595 61611666,

1040 1602 1162 1652 Carmine
1176 1601 1353 1664 dulciloquus.
1387 1601 1414 1649 ui
1428 1600 1525 1650 librum
1539 1599 1697 1649 Sobrietatis

1034 1664 1132 1722 Edidit,
1147 1669 1173 1714 et
1183 1666 1305 1713 sanctum
1318 1663 1378 1726 pulc
1398 1676 1427 1712 re
1442 1662 1562 1725 depinxit
1577 1662 1740 1714 Amandum.

1036 1726 1156 1775 Floribus
1164 1739 1306 1779 exornans.
1324 1729 1407 1774 metro
1422 1738 1552 1788 prosaque
1567 1730 1725 1780 venustans,

1034 1788 1110 1838 Tanti
1124 1787 1256 1852 6661111616
1268 1787 1392 1851 66116661,
1409 1791 1488 1850 66661
1497 1786 1537 1850 (a)
1552 1789 1631 1850 atque
1644 1786 1782 1836 Coronam.

1041 1911 1079 1983 (a)
1095 1913 1152 1967 Val.
1171 1912 1296 1968 Andreas
1312 1918 1340 1965 et
1354 1910 1496 1978 oudinus,
1511 1912 1596 1980 capit.

404 2207 661 2318 SANCTI
704 2207 990 2317 AMANDI
1032 2208 1202 2366 VITA
1243 2208 1562 2319 METRICA

755 2403 981 2478 16616161
1013 2404 1211 2509 ursona.

609 2562 657 2624 {Ex
669 2561 740 2611 hctis
756 2565 908 2612 sanctorum
924 2561 1055 2620 Bolland.,
1071 2562 1205 2612 Februarii
1217 2565 1289 2612 tomo
1307 2561 1362 2625 IV.)

211 2816 224 2842 ⁵
240 2808 405 2864 epistota
420 2809 561 2865 MlLONlS
581 2811 626 2865 AD
644 2812 657 2853 b
674 2810 847 2866 lllthlNUM

142 2913 381 2969 Reverentissimo
394 2915 470 2970 Patri
488 2917 627 2971 1111111116
644 2916 735 2983 11116,
750 2915 954 2970 devotissimus

106 3000 241 3066 liliorum,
254 3002 435 3057 indelebilem
447 3007 563 3057 16161616
579 3004 720 3058 felicitatis
730 3004 951 3074 jucunditatem.

140 3090 298 3144 Perfruitus
321 3091 468 3162 quondam
493 3097 593 3146 vestrae
625 3093 853 3147 mensuetudinis
872 3092 952 3147 beni-

105 3177 245 3249 gnissimo
258 3177 356 3245 affatu,
377 3196 410 3233 eo
432 3179 540 3234 scilicet
560 3186 701 3250 tempore,
725 3196 782 3249 qno
806 3184 953 3249 susceptus

106 3281 122 3319 a
146 3264 234 3335 vohis,
257 3272 350 3319 vestra
371 3267 532 3322 immeritus
555 3268 647 3321 616161
664 3267 820 3337 jucundari
846 3268 953 3322 allocu-

105 3353 195 3422 tione,
212 3370 244 3408 ac
268 3354 406 3408 mallitlua
430 3355 583 3424 portaveris
609 3356 770 3423 dulcedine,
794 3356 953 3425 gratiarum

105 3442 245 3496 actionem
262 3445 400 3513 persolva.
418 3443 567 3514 Siquidem
580 3460 648 3513 erga
659 3445 841 3513 exiguitatem
859 3460 952 3498 meam

106 3535 186 3584 tanta
200 3536 298 3584 vestre
314 3531 488 3585 excellentiae
506 3530 670 3601 benignitas
692 3531 793 3602 viguit,
819 3537 851 3585 111
872 3533 952 3586 11616-

106 3635 172 3689 ceps
186 3634 244 3673 non
259 3623 390 3680 cessaret,
408 3620 485 3691 quod
505 3619 716 3674 inflammatum
739 3625 800 3675 erat
822 3620 852 3674 in
867 3621 952 3676 corde

106 3723 170 3761 meo
183 3707 269 3761 vestri
283 3708 391 3761 amoris
405 3707 505 3761 ardere
520 3707 696 3762 incendium.
717 3709 750 3762 Et
769 3724 827 3762 non
847 3710 952 3765 imme-

106 3796 185 3850 rito:
219 3795 327 3867 quippe
358 3797 442 3851 melle
465 3796 543 3866 pleni
566 3796 765 3851 sincerissimae
791 3797 952 3851 dilectionis

106 3885 198 3939 cordis
222 3900 253 3938 ac
273 3885 400 3955 corporis
428 3890 508 3955 gesta
532 3888 703 3951 eructantes,
730 3900 794 3956 qum
815 3885 953 3939 interiora

105 3972 191 4027 vestri
206 3973 327 4044 pectoris
342 3972 486 4028 habebant
499 3973 614 4039 cubilia,
626 3973 708 4027 facila
725 3973 899 4038 obtinuistis,
915 3990 952 4027 ue

107 4066 142 4121 de
166 4067 246 4121 fibris
268 4069 340 4121 meis
364 4068 421 4121 ullo
447 4084 575 4137 unquam
602 4072 701 4121 tenore
725 4073 817 4123 vestra
840 4068 955 4123 labatur

972 2793 993 2848 C
1007 2801 1166 2865 praeeunte,
1183 2811 1279 2865 aequas
1295 2800 1387 2849 textus
1397 2794 1532 2849 carminis
1549 2793 1605 2848 mei
1626 2793 1780 2848 obtinuerit
1795 2804 1835 2860 par

1009 2887 1065 2951 tes;
1084 2888 1152 2937 tunc
1169 2900 1226 2937 una
1252 2899 1365 2938 mecum
1390 2882 1476 2953 hujus
1504 2882 1571 2937 doni
1587 2881 1729 2953 largitori,
1757 2882 1834 2933 sancto

1009 2971 1116 3025 seilicet
1130 2971 1258 3041 Spiritui,
1268 2972 1425 3042 gratiarum
1442 2972 1541 3026 landas
1557 2971 1654 3026 debita
1668 2967 1835 3024 exsultatione

1009 3061 1172 3131 persolvite,
1190 3061 1271 3131 cujus
1292 3076 1410 3115 munere
1436 3065 1548 3114 tantum
1563 3075 1636 3129 opus
1651 3059 1730 3128 quivi
1752 3063 1836 3112 utcun-

1009 3164 1065 3218 que
1080 3149 1274 3218 compingere.
1291 3148 1453 3204 llustioitati
1467 3153 1563 3202 6111616
1577 3163 1649 3201 mear
1667 3144 1835 3200 veniamdare

1009 3251 1123 3289 necesse
1138 3238 1190 3300 est,
1207 3235 1274 3306 quia
1298 3234 1453 3302 rusticatio,
1472 3239 1502 3287 ut
1517 3234 1635 3304 quidam
1652 3234 1703 3297 ait,
1721 3229 1835 3286 abillis

1009 3323 1082 3377 sima
1097 3328 1191 3376 create
1211 3327 1262 3377 est.
1281 3324 1313 3377 Et
1328 3325 1457 3392 quamvis
1474 3321 1686 3375 difficilioribus
1701 3320 1743 3374 uti
1758 3323 1835 3390 potue·

1008 3409 1063 3464 rim
1076 3410 1219 3480 aliquibus
1245 3410 1274 3464 in
1302 3410 1371 3463 locis
1386 3411 1539 3463 verborum
1566 3407 1745 3478 ambagibus,
1762 3422 1791 3459 nc
1814 3402 1834 3456 id

1007 3498 1130 3552 lacerem
1147 3514 1210 3552 sum
1232 3498 1404 3569 prohibitus,
1421 3497 1472 3569 qui
1488 3498 1575 3551 etiam
1599 3495 1711 3550 credidi
1726 3495 1833 3549 1616166

1008 3603 1081 3656 epm
1096 3587 1168 3641 istud
1184 3587 1301 3657 gratius,
1320 3588 1343 3641 si
1356 3587 1487 3640 omnium
1504 3586 1636 3641 Fratrum
1647 3588 1757 3654 pateret
1769 3580 1832 3635 audi·

1008 3675 1094 3730 tibus.
1113 3677 1214 3730 Favcat
1231 3692 1298 3746 erge
1323 3675 1492 3729 excellentia
1504 3679 1598 3727 restra
1619 3689 1678 3727 non
1695 3672 1767 3726 vitiis
1780 3668 1832 3722 necis

1007 3764 1057 3819 sed
1085 3764 1244 3828 laboribus;
1280 3769 1312 3818 ut
1340 3764 1411 3819 illud
1439 3761 1603 3834 percipiatis
1630 3761 1661 3817 iu
1695 3757 1832 3815 caelestibus

1001 3852 1083 3923 ‘quod
1100 3852 1227 3905 mortalis
1247 3868 1303 3906 non
1319 3851 1390 3906 vidit
1404 3851 1512 3905 oculas.
1538 3850 1636 3903 Valere
1652 3864 1702 3902 vos
1722 3853 1830 3919 optamus

1009 3942 1042 3996 ed
1060 3940 1190 3995 omnium
1206 3939 1335 3994 tidelium
1350 3940 1510 4010 proiectum
1522 3936 1708 3992 aetcrnaliter.

1124 4046 1342 4102 RESCRIPTUM
1361 4044 1501 4099 thMlNl
1520 4044 1567 4097 hl)
1588 4043 1742 4097 EUMDEM.

107 4155 237 4210 amabilia
262 4157 387 4222 mentio,
411 4155 460 4210 aad
482 4156 657 4210 eternaliter
681 4155 815 4209 innovata
839 4171 952 4210 conser-
973 4174 994 4229 0
1041 4153 1175 4206 lulirmns
1189 4168 1287 4206 servus
1307 4151 1410 4206 Christi
1427 4150 1576 4204 llaimiuus
1589 4149 1689 4203 Miloni
1704 4164 1755 4202 sno
1771 4143 1826 4197 salu·

105 4248 234 4299 vetaret
259 4245 396 4314 perduret
420 4243 489 4298 flore
513 4243 751 4298 immarcescibili.
776 4243 837 4308 Qua
868 4244 903 4299 de
924 4262 955 4299 16

106 4331 200 4385 1111666
215 4331 245 4385 16
261 4336 317 4385 tam
334 4331 470 4385 laudabili
485 4331 658 4401 paternitate
679 4338 782 4397 vestra,
806 4349 859 4387 ceu
880 4334 955 4387 111166

1009 4246 1079 4296 1661.

1044 4331 1165 4385 Carmen
1183 4330 1257 4402 qnod
1274 4329 1355 4395 mibi,
1380 4329 1477 4384 Frater
1499 4326 1708 4391 amantissime,
1729 4315 1826 4394 porrexi·

108 4418 198 4473 indidi
220 4419 355 4474 manibus
378 4419 478 4473 vestris
510 4420 622 4490 ineptas
655 4436 727 4475 mese
751 4421 955 4491 imprudentia
1009 4419 1404 4491 eti,avidamenlcperlegi;
1431 4419 1478 4472 sed
1499 4418 1567 4489 quia
1586 4416 1728 4470 nonsatis
1749 4408 1824 4467 estlc

107 4505 225 4575 naenias,
240 4507 481 4577 praeexercitatem
499 4507 558 4576 (siet
573 4508 680 4562 scilicet
695 4509 834 4578 ingenioli
849 4510 955 4565 mei-in
1008 4509 1083 4579 gissa
1103 4509 1202 4576 semel,
1224 4509 1299 4580 juvit
1322 4523 1413 4577 usqne
1442 4506 1550 4560 videre.
1580 4504 1661 4559 Unde
1689 4504 1825 4572 repetanst

106 4595 165 4649 vite
179 4595 334 4650 beatissimi
345 4596 484 4662 limandi3
500 4597 836 4667 suppliciterobsecrans,
846 4602 878 4652 61
893 4598 915 4651 61
925 4598 954 4652 in
1008 4596 1150 4668 principio
1164 4613 1221 4650 non
1237 4596 1298 4649 sine
1310 4594 1439 4666 judiciali
1455 4607 1585 4656 censure,
1605 4590 1682 4662 quod
1698 4593 1759 4643 anta
1770 4592 1823 4636 sum·

106 4684 152 4738 his
165 4683 272 4755 aliquid
288 4685 355 4738 tldai
373 4684 527 4740 Catholicae
542 4685 636 4739 minas
655 4702 827 4750 consonans,
845 4685 887 4739 vel
909 4686 955 4739 in·
1009 4688 1141 4738 motenus
1156 4683 1248 4754 tetigi,
1264 4680 1682 4750 16161661161631616366661
1700 4674 1822 4731 inculcans

106 4787 266 4843 congruum
279 4773 337 4843 legi
349 4773 474 4828 metricae
489 4772 667 4839 imeneritis,
679 4773 807 4828 adcartoe
823 4789 954 4828 normam
1008 4787 1108 4827 omnes
1134 4772 1166 4826 in
1191 4787 1224 4826 eo
1254 4770 1422 4824 intentionis
1448 4784 1518 4822 meas
1533 4767 1608 4821 vires
1623 4764 1757 4836 impendi.
1775 4756 1823 4811 11111

106 4862 214 4932 regulae
225 4861 456 4929 misericorditer,
475 4878 555 4916 more
574 4869 695 4933 paterno
720 4863 874 4931 reducetis,
902 4879 956 4918 nec
1007 4845 1822 4929 66616661611166,161661,111616116ι66666666661θωὶ

107 4965 153 5004 mo
174 4966 239 5004 meo
261 4950 412 5005 dimittatis
435 4951 543 5017 e1·rori;
564 4957 711 5005 contestor
729 4957 757 5006 et
773 4952 889 5007 obsecro
903 4968 956 5022 par
1009 4947 1058 5002 sed
1073 4954 1101 5001 61
1117 4947 1244 5017 66616611
1269 4961 1361 4999 meam
1378 4943 1564 5014 exiguitatem
1581 4958 1638 4996 non
1655 4940 1735 4997 modo
1748 4925 1823 5023 611111

107 5040 278 5110 6663616616
299 5038 412 5106 Christi,
433 5039 484 5110 qui
506 5039 584 5093 1116116
607 5044 649 5094 661
667 5057 720 5110 616
745 5041 835 5095 661616
855 5041 956 5111 666611
1008 5035 1094 5089 tontis
1109 5033 1234 5104 irrigari,
1255 5034 1302 5086 sed
1319 5031 1453 5086 fluctibus
1472 5030 1649 5101 elequentiae
1664 5026 1822 5117 6616166111

107 5126 271 5183 Christiani.
288 5127 367 5192 Quod
383 5128 416 5195 61,
433 5128 629 5183 misericordia
643 5145 775 5200 supernae
796 5130 955 5200 majestatis
1009 5139 1065 5177 ⁰011
1079 5122 1139 5176 sinc
1154 5122 1264 5177 cautela
1279 5121 1412 5191 deinceps
1429 5125 1521 5175 totum
1535 5119 1564 5172 iu
1579 5120 1688 5172 llumcn
1701 5110 1822 5170 1161111111

142 5294 155 5319 ⁸
169 5287 211 5340 lta
223 5285 312 5340 codex
334 5292 431 5340 noster
446 5287 493 5341 Ms.
513 5289 615 5357 lrrcipit
631 5287 758 5357 Epistola
772 5288 881 5343 Milonis
905 5290 954 5344 le·
1044 5286 1056 5327 b
1073 5285 1111 5338 [te
1128 5283 1259 5339 llaimino
1274 5282 1419 5336 sacerdote
1432 5286 1461 5335 at
1476 5281 1615 5335 1116666116
1631 5274 1773 5334 vedastino
1784 5256 1824 5329 egi·

106 5357 179 5418 uitae,
208 5361 269 5422 etc,
295 5362 323 5411 at
348 5358 434 5411 codex
466 5360 665 5413 amandinus:
694 5360 798 5428 Incipit
823 5360 955 5427 Epistola
1008 5369 1073 5408 mus
1087 5356 1119 5409 ad
1137 5355 1229 5409 Vitam
1244 5356 1274 5408 S.
1296 5353 1416 5409 Vedusti.

107 5422 402 5550 ffllnffnigppmosopm
425 5427 463 5483 ad
484 5429 663 5484 venerabitem
693 5431 801 5484 Putrem
834 5430 954 5485 Haimi-

176 5531 183 5558 ‚
241 5535 248 5550 .
