3930 6098
173 265 222 320 tal
859 260 985 317 nullut
1006 258 1246 318 eounussnnms
1876 256 1930 312 tsi

173 400 222 465 qui
246 395 444 458 destruuntur;
473 389 520 446 seri
544 392 680 459 loquimur
709 393 757 446 ilci
785 394 960 460 sapientium,
990 407 1018 446 ui
1036 397 1152 447 usuam
1172 390 1304 460 redigens
1319 390 1483 444 formulam.
1510 388 1883 455 Exancillalsraeliticam,
1899 394 1931 444 ut

172 485 402 551 ministerioque·
425 479 621 544 absconditam,
648 494 731 547 quam
759 495 834 534 uemo
864 483 1021 550 principum
1074 479 1416 550 presessnsest‚faeiens,
1440 485 1501 532 non
1522 494 1556 533 ex
1581 482 1663 532 utero
1684 477 1844 532 israelitam
1872 494 1930 531 ser·

173 569 253 640 liujus
268 569 359 623 sacculi
382 570 504 635 coercuit
516 566 545 634 (I
560 569 617 622 θον.
637 583 667 626 ιι,
684 569 751 632 5-8).
767 568 836 622 Pelo
852 573 885 621 ut
899 584 1020 639 respon·
1074 584 1140 622 vum
1156 567 1300 638 captivum
1315 566 1477 622 instituens.
1494 567 1547 622 Sed
1561 567 1607 621 dic
1622 566 1704 634 mihi,
1726 566 1856 634 ebsecro,
1874 567 1929 621 hu·

172 660 248 724 deas,
267 657 349 722 mibi,
376 672 440 727 quae
463 657 525 710 hec
548 655 688 710 credenda
710 662 752 710 cst
773 656 913 726 sapientia
934 656 1020 726 hujus
1071 655 1121 725 jus
1138 655 1241 710 Donati
1258 656 1333 711 devii
1362 656 1491 727 regulam
1513 656 1655 726 integram
1680 661 1770 722 tenes,
1797 661 1847 710 aut
1865 672 1927 710 me·

171 747 278 808 saeviti,
294 747 337 800 vel
352 745 518 816 principum
536 745 635 815 ejus,a
650 761 707 815 qua
721 760 774 798 nos
790 744 896 799 Paulus
906 745 1018 811 avertit,
1074 745 1162 806 diam,
1183 760 1275 799 rasam
1296 749 1324 799 et
1342 745 1511 815 capillorum
1532 744 1696 814 spiritudini
1715 745 1925 815 plenissimam,

170 836 403 906 sequciguolnm
427 835 472 889 his
496 833 655 903 disciplinis
670 833 813 888 celebrere
828 850 888 887 nen
907 834 1020 904 pudet?
1073 849 1105 887 ac
1130 834 1299 904 capillorum
1325 836 1395 888 setis
1419 833 1576 888 bellosam?
1601 835 1634 888 Et
1662 834 1685 887 si
1711 850 1805 888 rusam
1821 835 1924 904 eapite,

171 924 333 978 Dicitenim
351 923 489 976 Dominus
507 937 558 991 per
579 921 698 975 isaiam:
720 923 852 991 Populum
876 923 1018 992 impudcn·
1073 923 1233 992 superciliis
1255 924 1458 994 unguibusque
1482 923 1636 991 desectum,
1663 923 1860 994 cxpenequid
1877 939 1925 976 ca·

170 1020 290 1069 lemnon
307 1013 422 1077 uidebis,
451 1013 579 1081 populum
602 1014 654 1066 otti
675 1015 814 1076 sermonis,
840 1015 880 1066 itu
909 1019 938 1066 ut
966 1028 1019 1066 rien
1072 1011 1395 1083 put,qnidsnpercilia,
1418 1012 1487 1082 quid
1507 1027 1629 1082 ungues,
1657 1012 1780 1082 quidex
1803 1013 1866 1081 ipsa
1891 1013 1926 1066 si·

107 1102 110 1107 ’
165 1106 256 1173 possis
279 1102 432 1170 intelligere
455 1100 688 1155 dissertitudinem
718 1103 817 1169 liteque
840 1102 943 1170 ejusin
967 1116 1019 1170 quo
1072 1100 1351 1170 gnificariceusendi
1375 1106 1441 1154 suut
1453 1100 1516 1171 pili,
1542 1117 1614 1170 quos
1630 1101 1772 1155 radendos
1797 1107 1926 1155 anteve·

168 1193 244 1245 trullo
264 1192 453 1260 estsupieutie
472 1191 540 1260 (iso.
565 1205 663 1258 rnatu,
679 1193 735 1259 to),
752 1190 894 1257 videlicet,
914 1192 967 1244 etl
988 1190 1018 1243 in
1071 1193 1162 1242 strum
1184 1190 1351 1259 praedictum
1378 1189 1449 1259 legis
1473 1189 1539 1260 styli
1564 1191 1588 1243 ¹1.
1615 1189 1694 1253 Quod
1716 1189 1738 1242 si
1765 1189 1875 1260 aliquid
1892 1205 1924 1243 ex

168 1279 222 1333 hoe
246 1281 309 1333 loco
333 1280 373 1333 ait
396 1278 527 1333 destina*
547 1283 643 1332 noster
666 1280 865 1348 Hieronymus,
887 1279 1017 1348 philese-
1071 1277 1170 1332 cadam
1193 1279 1273 1346 seris,
1306 1279 1366 1348 jam
1394 1295 1452 1332 uon
1472 1278 1595 1348 perfecte
1623 1279 1828 1346 grammaticus
1857 1278 1922 1332 eris.

167 1370 292 1437 pirorum
309 1373 337 1422 et
351 1373 498 1421 oratorum
517 1367 629 1434 mundi,
646 1367 695 1437 qui
716 1367 894 1437 applaudunt
907 1367 962 1421 sibi
987 1367 1016 1420 in
1071 1367 1177 1419 Paulus
1201 1383 1328 1437 namque
1360 1368 1507 1436 apostolus
1532 1367 1656 1436 qualiter
1688 1367 1775 1436 liujus
1803 1367 1924 1436 captive¹

168 1458 328 1511 eruditione
345 1461 373 1510 et
388 1456 553 1526 eloquentia
569 1455 709 1518 seculari,
727 1471 850 1526 quornm
863 1456 956 1509 omnis
976 1471 1017 1508 or·
1071 1453 1153 1508 radat
1168 1455 1240 1524 pilos
1262 1456 1398 1510 absculta.
1414 1454 1636 1509 Atheniensibus
1655 1456 1732 1509 enim
1749 1455 1838 1509 dicit:
1860 1458 1924 1510 Per·

168 1551 252 1600 uatus
266 1547 296 1600 in
318 1545 412 1599 verbis
427 1550 478 1598 est.
496 1545 577 1597 Vides
599 1544 757 1598 [leuatistas
772 1550 835 1598 tuos
855 1544 1015 1615 depinctos,
1069 1546 1203 1598 transiens
1218 1547 1288 1598 enim
1303 1551 1327 1597 et
1341 1546 1523 1613 eorvtemplons
1548 1545 1668 1599 culturos
1693 1550 1807 1611 oestrus,
1833 1548 1925 1599 iuueni

168 1633 785 1703 etstultesallee,quisnpieutiaveraest‚
805 1635 1013 1704 cerrrprobatos.
1069 1637 1094 1686 ct
1120 1649 1197 1686 orum
1220 1636 1249 1686 iu
1286 1650 1340 1701 quo
1366 1637 1601 1702 suprascriptum:
1635 1634 1726 1701 lprroto
1750 1634 1823 1700 deo;
1852 1634 1924 1703 quod

203 1727 228 1776 it.
259 1724 328 1776 lllitd
354 1739 422 1776 vere
439 1722 515 1792 quod
532 1727 662 1775 sanctum
679 1723 885 1792 Hieronymum
900 1725 935 1777 ad
957 1740 1015 1777 ma·
1034 1696 1163 1790 Bitaque
1187 1725 1343 1790 ignorantes
1358 1738 1403 1776 eos
1427 1725 1526 1786 colitis,
1547 1724 1595 1776 bec
1616 1737 1662 1788 epo
1688 1726 1822 1776 unreuutio
1847 1724 1923 1777 cobis

166 1816 410 1882 guumoralorem
424 1812 589 1880 loquentem
602 1811 745 1881 producis,
759 1812 873 1865 initium
888 1812 1015 1882 epistolae
1070 1809 1141 1878 (Act.
1162 1826 1229 1875 xvu,
1249 1812 1303 1878 23).
1329 1809 1448 1879 Scriptio
1472 1817 1567 1863 antem
1593 1827 1649 1863 arae
1674 1828 1730 1865 non
1761 1811 1923 1866 ilaerntut

165 1901 344 1954 considerare
360 1900 456 1965 debes,
483 1904 511 1953 et
538 1908 567 1954 ut
583 1900 650 1970 quid
671 1900 726 1953 hoc
749 1901 894 1955 devenerit
909 1902 1015 1957 enoda·
1069 1899 1173 1953 Paulus
1198 1900 1335 1952 asseruit:
1359 1901 1455 1963 Ierteto
1480 1899 1538 1964 deo,
1560 1899 1680 1952 sedita:
1700 1903 1757 1953 lliis
1780 1903 1877 1966 Astis,
1898 1908 1923 1956 ct

164 1989 221 2042 tius
248 1988 398 2058 explicere.
425 1987 472 2040 nit
500 1986 596 2041 erunt:
628 1987 708 2050 Qtied
738 1993 833 2041 autem
859 1989 963 2058 quoeris
986 1989 1015 2042 in
1068 1989 1194 2056 Europa,
1210 1990 1362 2054 etAtrica,
1388 1987 1443 2041 diis
1463 1990 1563 2054 ignotis
1577 1992 1601 2040 ct
1615 1991 1766 2056 peregrinis
1783 1988 1800 2042 ί.
1818 1990 1920 2042 Verum

165 2076 381 2146 calceepistelre
404 2092 454 2129 cur
477 2075 507 2127 in
536 2076 679 2145 opusculis
708 2076 811 2129 nostris
835 2077 1015 2131 secularium
1069 2077 1136 2146 quia
1150 2076 1253 2129 Paulus
1272 2092 1330 2131 nou
1347 2076 1478 2146 pluribus
1493 2076 1639 2145 indigebat
1653 2077 1769 2146 ignotis,
1789 2077 1839 2131 sed
1863 2094 1920 2131 uno

165 2165 325 2218 litterarum
343 2164 489 2218 interdum
505 2180 647 2234 punctulus
662 2165 804 2233 exempla,
822 2170 850 2218 et
862 2165 1013 2219 candorem
1069 2170 1179 2218 tanturn
1206 2166 1275 2232 Deo,
1303 2166 1441 2231 singulari
1465 2165 1551 2218 verbo
1577 2182 1643 2218 usus
1664 2173 1715 2232 est,
1736 2171 1777 2219 -ut
1805 2165 1920 2221 doceret

165 2253 295 2306 Ecclesia
324 2253 503 2306 ethnicorum
535 2251 666 2306 serdibus
693 2253 868 2321 polluamus,
892 2251 1015 2306 breviter
1068 2253 1149 2306 illum
1166 2254 1255 2307 lleiim
1271 2269 1365 2319 strum,
1383 2269 1469 2324 quem
1488 2254 1675 2307 Athenienses
1698 2254 1728 2308 iu
1752 2270 1810 2308 arce
1836 2255 1919 2309 titulo

164 2357 335 2411 responsum
357 2341 470 2395 habeto.
496 2342 618 2394 Adverte
646 2341 715 2410 quid
744 2340 836 2394 dicat:
869 2339 1014 2394 Interdum
1068 2348 1290 2411 praenotassent.

164 2447 305 2501 ponamus
320 2430 463 2500 exempla:
482 2446 534 2499 per
565 2430 642 2499 quod
667 2429 792 2483 ostendit
816 2445 873 2482 nen
889 2445 1013 2499 semper,
1103 2434 1128 2486 6.
1148 2431 1204 2484 Hoc
1229 2435 1336 2495 aretem,
1368 2437 1399 2485 ut
1417 2431 1604 2500 Hieronymus
1630 2431 1680 2498 ait,
1704 2432 1811 2486 Paulus
1834 2432 1918 2487 iacie-

165 2535 216 2572 noc
229 2519 345 2590 ubique,
363 2519 410 2572 sed
428 2518 475 2571 nbi
492 2517 645 2572 necessitas
662 2517 788 2587 coegerit
806 2518 859 2570 lroc
879 2533 936 2571 nou
953 2518 1014 2571 sine
1068 2519 1116 2573 bat
1131 2535 1205 2583 rare,
1222 2525 1254 2572 ut
1265 2520 1318 2572 leci
1336 2521 1531 2590 potiusquam
1547 2520 1789 2574 ostentationibus
1812 2538 1916 2592 oppor-

165 2608 261 2678 alique
278 2612 360 2661 attere
384 2607 523 2679 periculo,
549 2607 878 2676 utinconsequentlbus
898 2607 933 2659 de
951 2608 1015 2659 beu·
1068 2607 1173 2661 tenitas
1195 2607 1336 2677 exigebat.
1360 2608 1443 2660 Vides
1470 2608 1538 2678 quia
1569 2624 1631 2660 rare
1659 2608 1720 2661 liaec
1743 2608 1875 2675 faciebat,
1892 2614 1920 2663 et

163 2697 274 2750 tissime
288 2697 427 2767 Cypriane
439 2694 536 2750 retulit
553 2695 649 2749 dicens
663 2695 864 2764 :Cyp1·iumus,
884 2695 928 2753 vir
951 2695 1013 2748 ele·
1068 2712 1126 2749 non
1139 2712 1262 2766 semper,
1279 2712 1330 2766 pro
1347 2696 1562 2765 opportunitate
1578 2696 1644 2764 loci,
1661 2705 1720 2749 'non
1744 2713 1797 2767 pru
1821 2701 1920 2768 regula

104 2779 109 2791 ¹
163 2785 281 2855 quentia
303 2792 330 2839 et
349 2784 486 2854 martyrio
523 2783 646 2852 pellens,
683 2783 827 2836 Hiuuinue
856 2787 954 2837 narrat
986 2789 1014 2839 et
1068 2800 1182 2854 semper
1197 2785 1334 2854 sequendi
1355 2791 1440 2855 atque
1464 2800 1515 2855 pro
1536 2785 1615 2838 libris
1638 2786 1790 2854 gentilium
1808 2787 1838 2840 in
1853 2802 1919 2841 cen·

162 2874 319 2938 mordetur,
341 2889 392 2926 cur
418 2872 568 2925 adrersum
592 2871 805 2924 Demetrianum
830 2872 956 2925 scribens
972 2877 1013 2925 te·
1066 2872 1231 2926 firmatione
1254 2874 1394 2926 dictorum
1422 2889 1553 2939 sitorum,
1581 2890 1637 2927 uon
1657 2890 1708 2943 pro
1731 2881 1792 2928 urle
1816 2874 1917 2928 Donati

163 2963 381 3017 stimoniisusus
398 2962 433 3014 sit
450 2960 655 3031 prophetarum
676 2965 704 3012 et
723 2960 928 3028 apostolorum,
946 2976 1010 3030 quae
1030 2998 1050 3053 C
1067 2962 1162 3032 accipe
1178 2961 1295 3016 dictum.
1313 2962 1382 3016 Nam
1408 2967 1458 3015 tea
1481 2962 1643 3016 testimonia
1668 2979 1725 3016 uen
1740 2963 1793 3018 tibi
1817 2964 1917 3018 salira·

164 3051 211 3105 ille
238 3053 303 3106 liele
326 3048 523 3106 commentitia
545 3065 605 3103 esse
634 3048 756 3114 dicebat,
785 3055 813 3102 ct
838 3065 894 3102 nou
915 3050 1010 3121 petius
1064 3051 1144 3121 glum
1160 3051 1300 3120 prebent,
1315 3050 1363 3104 sed
1383 3049 1465 3104 mihi.
1481 3049 1509 3104 Si
1523 3066 1589 3104 vero
1604 3050 1755 3121 diligenter
1776 3052 1916 3122 Epistulas

162 3140 397 3211 philosopherum
431 3155 462 3192 ac
492 3143 653 3207 poetarum,
684 3153 809 3207 querum
839 3139 1009 3191 anctoritate
1062 3138 1193 3208 Apostoli
1219 3144 1292 3191 totas
1320 3138 1468 3192 rimaveris
1493 3154 1545 3208 per·
1566 3139 1784 3208 conjunctiones
1800 3144 1828 3192 et
1846 3155 1913 3210 pro·

164 3233 193 3281 nt
217 3229 350 3282 Etlruieus
380 3227 524 3281 contraire
556 3242 614 3278 uon
639 3229 761 3294 poterat,
795 3226 868 3278 sieut
889 3230 918 3279 et
941 3243 957 3280 a
984 3231 1010 3280 te
1062 3226 1217 3296 positiones
1231 3243 1290 3280 non
1316 3225 1452 3296 congruis
1476 3226 1752 3296 positislocis,eum
1777 3227 1914 3297 ignarum

161 3317 303 3387 digestum
337 3315 408 3368 mihi
436 3315 466 3367 in
496 3313 671 3383 adjutorium
707 3313 874 3367 erlverseute
912 3313 1010 3367 anime
1061 3315 1291 3384 protinuslmjns
1318 3314 1417 3367 [leuati
1440 3320 1500 3366 arte
1529 3314 1676 3370 evidenter
1706 3319 1793 3385 atque
1818 3321 1916 3386 aperte

162 3406 269 3460 dictum
300 3403 465 3473 Hieronymi
497 3401 552 3455 init
591 3400 639 3453 ubi
663 3400 776 3454 mulieri
815 3400 933 3471 captiva
964 3419 1009 3456 ra·
1061 3402 1179 3456 videbis.
1205 3403 1284 3466 Quod
1305 3408 1401 3456 autem
1417 3402 1451 3456 de
1466 3402 1618 3457 Salomone
1636 3404 1757 3473 posuisti
1774 3420 1834 3458 non
1850 3420 1916 3458 eum

161 3491 316 3546 dandumd
340 3495 434 3559 caput,
463 3488 627 3558 supercilia,
653 3493 681 3542 et
715 3504 814 3541 omnes
844 3489 915 3558 pilos
944 3506 1008 3543 cor·
1063 3491 1284 3559 grammaticum
1300 3490 1475 3561 approbasti,
1492 3492 1540 3546 sed
1558 3508 1590 3545 cx
1605 3491 1686 3545 libris
1701 3492 1853 3547 rhetorum
1873 3494 1916 3547 vel

161 3581 240 3651 poris
268 3578 400 3649 praedicis
431 3577 634 3647 amputandos,
661 3581 689 3630 et
717 3577 756 3630 sic
779 3593 843 3630 cam
868 3577 897 3630 in
925 3578 1009 3648 spiri·
1062 3578 1276 3633 dialecticorum
1302 3580 1397 3650 aliqua
1417 3580 1546 3649 posuisse
1575 3580 1704 3634 firmasti.
1736 3581 1811 3636 llicit
1838 3581 1915 3636 enim

161 3668 287 3722 tualibus
324 3666 539 3737 producendam
577 3667 735 3737 amplexus.
787 3666 897 3720 Suilieit
937 3667 1010 3720 mihi
1063 3669 1284 3738 etpropesuisse
1306 3670 1456 3736 nonnulla,
1472 3674 1501 3722 et
1528 3669 1624 3740 aliqua
1643 3669 1834 3739 respondisse.
1864 3671 1915 3724 Ubi

161 3757 238 3829 qued
253 3761 392 3826 captivam
415 3755 556 3822 nomines,
583 3761 611 3809 et
625 3772 682 3810 nen
707 3756 808 3822 civem,
834 3758 877 3810 vel
897 3756 1008 3827 indige·
1063 3757 1140 3810 euim
1157 3755 1260 3809 dicitnr
1275 3757 1423 3823 nonnulla,
1449 3763 1477 3810 et
1493 3757 1598 3827 aliqua,
1621 3762 1752 3826 apertum
1771 3765 1815 3812 est
1840 3760 1915 3829 quod

161 3862 237 3912 nam,
268 3862 315 3899 seu
333 3847 474 3900 colonam.
503 3846 557 3899 Nec
584 3844 929 3910 mihi,reverendlssime,
950 3861 1009 3899 nen
1063 3860 1116 3915 pre
1150 3844 1364 3915 opportunitate
1395 3846 1447 3899 leci
1478 3862 1536 3900 non
1571 3846 1678 3914 omnia,
1710 3847 1758 3899 scd
1784 3848 1915 3918 quaedam

161 3936 380 4006 proverborum
397 3934 623 3999 ieliaadictum,
651 3934 700 3987 sed
715 3949 767 4004 pro
782 3933 920 3986 librorum
943 3948 1009 4003 gen·
1062 3932 1199 3987 fuissead
1225 3949 1286 3987 rem
1313 3933 1497 4002 pertinentia,
1521 3939 1553 3988 ut
1567 3934 1679 3989 libitum
1706 3934 1747 3987 illi
1770 3934 1835 4001 init,
1870 3952 1915 3990 ex-

159 4024 253 4078 tilium
273 4024 566 4092 lectioneproierlum
587 4027 635 4075 est.
659 4019 815 4084 Quesuti‘
834 4037 893 4074 nen
913 4020 1009 4075 adtro-
1063 4026 1192 4091 cerptat.
1214 4022 1269 4075 Nee
1292 4022 1466 4076 credendum
1491 4022 1568 4093 quod
1596 4023 1639 4076 rir
1664 4022 1811 4091 Hebraeus,
1839 4030 1868 4078 et
1886 4026 1914 4078 in

161 4109 729 4176 nestatemdehemusverbornm,sedad
749 4107 1008 4163 sructussensuum
1063 4110 1244 4163 tavernaculo
1271 4112 1284 4152 l
1309 4127 1441 4165 sermone
1465 4112 1655 4176 doctissimus,
1680 4111 1761 4165 latini
1789 4113 1915 4167 heminis

160 4215 211 4254 seu
221 4199 449 4253 sententiarum:
473 4202 500 4250 et
517 4197 620 4251 sicubi
636 4196 664 4250 iu
688 4197 794 4250 eisdem
818 4198 926 4267 aliquid
940 4197 1008 4251 lidei
1062 4205 1193 4269 sequeret
1219 4199 1333 4269 regulas
1358 4205 1407 4253 aut
1423 4215 1475 4269 per
1499 4202 1600 4255 Donati
1622 4200 1761 4254 discurret
1783 4200 1879 4255 bullas
1896 4203 1913 4264 l,

160 4288 328 4343 fibristianm
352 4287 486 4340 invenero
510 4302 680 4356 congruum,
713 4286 784 4339 milii
802 4287 942 4341 vindicem
964 4292 1006 4341 te·
1026 4278 1211 4342 Daranissa
1238 4288 1424 4342 sanctissimas
1440 4289 1690 4359 linguoessumina,
1713 4290 1837 4344 necdum
1861 4291 1912 4344 ad·

159 4379 230 4437 turn,
262 4379 290 4428 at
313 4390 461 4428 excussoa
486 4374 599 4429 Goliath
618 4372 725 4444 gladio,
747 4380 891 4445 amputem
917 4375 1006 4444 ipsius
1060 4376 1117 4430 huc
1132 4377 1162 4430 in
1177 4392 1260 4431 cruce
1273 4378 1389 4431 Domini
1405 4377 1510 4448 linguae
1527 4383 1652 4439 sacrata,
1675 4376 1783 4431 auxilia
1804 4383 1914 4448 quaeret

158 4462 322 4534 impiissimi
336 4463 547 4533 caputproprie
563 4463 630 4527 telo,
648 4462 781 4517 sicutilla
793 4479 858 4534 qum
875 4463 909 4517 de
926 4463 1006 4516 libris

158 4551 249 4606 beatae
274 4552 422 4606 memoriae
437 4551 591 4622 Augustini
613 4558 755 4606 exscertus
775 4564 833 4605 ses
848 4552 882 4605 de
898 4552 1005 4606 Hercu·

157 4642 201 4696 rio
214 4657 265 4711 pro
276 4657 348 4694 vano
360 4639 446 4706 idolo,
462 4641 506 4694 vel
519 4641 570 4695 illa
582 4656 646 4711 qnae
660 4641 695 4694 da
707 4640 873 4711 sibyllarum
894 4656 1005 4694 mecum

157 4729 251 4801 legisti
271 4728 416 4782 vaticinio.
437 4728 481 4782 Sic
505 4733 533 4782 et
559 4729 708 4799 Apostolus
732 4727 898 4782 necessitate
926 4744 1005 4782 com-

156 4819 256 4889 pulsus
276 4817 414 4887 pleraque
430 4832 465 4870 er
481 4816 550 4886 ipsis
564 4822 664 4871 contra
679 4815 793 4870 eosdem
810 4820 852 4869 cst
871 4831 1005 4886 prosecu-

156 4912 213 4974 tus,
228 4923 284 4961 non
299 4922 328 4960 se
343 4921 395 4976 per
418 4921 519 4959 eornm
535 4905 662 4975 dirigens
679 4905 819 4975 regulam,
836 4905 886 4959 sed
906 4920 954 4958 eos
969 4905 1006 4959 ad

191 5077 204 5103 ⁸
223 5069 290 5138 Lag.
307 5068 337 5120 iu
351 5067 489 5134 mysterio.

191 5139 253 5192 Μ’.
272 5139 356 5192 utin.

191 5219 201 5243 ⁶
221 5211 341 5271 Destino,
358 5208 446 5262 idest
468 5206 623 5268 columma,
646 5207 690 5260 vel
712 5206 948 5263 sustentaculum.
965 5209 1005 5264 lla

154 5281 242 5333 etiam
271 5283 386 5333 sanetus
402 5278 515 5332 Braulie
541 5279 570 5332 in
596 5276 695 5348 Elegio
710 5276 767 5331 divi
783 5277 883 5332 lsidori
898 5279 1002 5350 inquit,

155 5349 246 5404 ileum
261 5350 296 5403 ad
316 5349 501 5403 restauranda
515 5349 700 5418 antiquorum
714 5355 902 5404 monumenta
921 5349 1003 5404 illum

155 5422 237 5490 quasi
264 5420 418 5490 quamdam
451 5420 619 5490 apposuisse
649 5420 793 5475 destinam.
820 5419 888 5475 Vide
917 5421 1003 5475 etium

156 5495 233 5544 temo
250 5491 279 5544 ll.
295 5491 411 5560 Corippi
427 5491 639 5555 alletoritatem,
652 5506 717 5561 pag.
735 5492 797 5544 tes.

190 5562 204 5603 (Ι
225 5563 286 5628 bis,
303 5562 477 5616 tradendum.

1060 4465 1220 4536 peregrina.
1240 4466 1344 4520 Paulus
1362 4482 1429 4519 vero
1447 4481 1505 4519 non
1527 4469 1684 4519 metrorum
1701 4466 1856 4534 gentilium
1873 4469 1912 4522 le·

1060 4552 1155 4624 gibus,
1176 4554 1342 4624 pedibusve,
1358 4559 1390 4608 ut
1405 4554 1484 4619 dicis,
1510 4554 1635 4620 servivit,
1658 4554 1707 4607 sed
1729 4556 1911 4624 Epimenides

1060 4641 1199 4696 versiculo
1215 4658 1284 4695 usus
1312 4641 1365 4696 init
1393 4641 1428 4696 ab
1454 4642 1510 4696 alie
1533 4643 1656 4705 condito,
1684 4642 1737 4697 sibi
1758 4647 1857 4699 lamen
1883 4645 1911 4699 iu

1059 4730 1217 4783 neccssaria
1236 4729 1459 4784 commodatum.
1475 4732 1574 4801 lnepta
1588 4736 1655 4785 seut
1670 4731 1731 4785 haec
1745 4737 1774 4785 et
1790 4732 1910 4800 irivola3

1060 4817 1252 4888 quinopotius
1281 4819 1412 4885 ostende,
1434 4819 1484 4873 nbi
1508 4820 1569 4890 ipse
1598 4819 1747 4891 apostolici
1780 4821 1834 4875 viri
1862 4838 1912 4893 per

1059 4905 1146 4977 hujus
1162 4911 1212 4960 tua
1223 4907 1325 4962 excrilti
1335 4912 1402 4961 sunt
1418 4907 1580 4978 disciplina.

1096 5068 1159 5121 ell.
1185 5070 1237 5122 Pro
1256 5069 1343 5135 soliis,
1378 5069 1451 5123 sient
1474 5069 1570 5124 statim
1592 5070 1689 5141 inquit
1711 5085 1765 5140 pro
1791 5072 1910 5129 motione.

1095 5137 1104 5171 ¹
1124 5140 1153 5191 L.
1171 5138 1274 5204 Quibus
1288 5143 1331 5193 uti
1350 5155 1407 5194 non
1423 5140 1570 5195 debemus.

1057 5223 1063 5238 ·
1096 5221 1110 5262 s
1130 5210 1160 5263 L.
1176 5213 1338 5280 Eecerptus

1094 5280 1108 5320 l
1128 5280 1157 5334 F.
1169 5281 1303 5335 Praediuit
1319 5282 1385 5348 lepis
1400 5283 1510 5349 stylum.

1095 5347 1100 5381 ¹
1123 5351 1162 5404 lla
1179 5351 1369 5422 Hieronymus
1383 5352 1412 5406 in
1425 5354 1535 5407 Comm.
1552 5353 1640 5423 Epist.
1657 5353 1693 5408 ad
1709 5353 1776 5420 Tit,
1794 5372 1819 5411 c.
1837 5374 1857 5425 v,
1871 5361 1912 5414 li.

1091 5437 1098 5480 ι
1118 5421 1179 5485 llis,
1196 5429 1318 5490 eccepto.

1094 5493 1108 5534 ¹¹
1128 5493 1156 5546 l..
1173 5493 1332 5548 Vernaculo.

1095 5564 1101 5605 ¹
1120 5563 1151 5618 ld
1165 5568 1208 5617 est
1221 5564 1463 5635 perstrepentium
1479 5581 1580 5620 vectem
1596 5571 1744 5623 orantum.
