3930 6098
103 249 155 309 535

775 251 904 309 Alvaut
925 253 1176 312 cononandus.

103 389 198 442 strat·
212 407 220 453 ;
233 387 341 456 ubique
351 383 588 454 absquerationis
599 399 680 436 camo
691 383 859 454 procedens,
871 384 958 438 etha·
975 387 996 440 A
1011 383 1129 438 denario
1146 399 1266 438 numero
1282 399 1411 454 surgens,
1428 383 1479 454 qui
1493 383 1645 454 scripturis
1661 382 1753 438 sancti

104 475 186 531 benis
200 472 301 528 laxatis
316 477 457 527 metarum
472 472 543 527 lines
555 472 647 542 magis
666 471 842 541 transiliens,
861 488 947 544 quam

105 565 274 634 adimplens,
306 577 363 615 uuo
392 560 580 615 contumaciae
604 560 662 614 icto
680 560 830 629 editorem,
855 561 952 616 obser-

103 658 275 719 vantemque
299 653 493 720 prosternens,
510 649 580 703 dum
598 653 626 702 et
646 648 819 721 principium
840 665 857 702 a
881 665 954 703 rana

104 723 197 808 gloria
212 737 310 804 sumit,
330 742 359 792 at
373 755 403 791 se
428 737 484 792 uisi
505 737 536 791 iu
551 736 730 794 laudantium
755 742 871 808 pectora
894 754 953 792 non

104 825 239 880 iufundit.
260 827 325 880 Haec
340 832 438 880 contra
455 825 614 879 Donatistae
629 825 731 880 dixisse
747 825 880 880 sulliciat.

140 917 184 969 tl.
201 915 282 969 Nunc
296 913 331 968 ad
349 931 383 969 ea
404 919 469 985 post
483 914 640 969 discessum
657 914 830 969 detensionis
850 920 954 968 nostrae

108 1003 287 1058 redeundum
312 1008 365 1070 est,
381 1018 446 1074 quae
468 1002 536 1057 huic
551 1002 720 1072 parvissimo
737 1003 817 1074 operi
839 1004 954 1057 culmen

107 1092 291 1164 perfectionis
321 1092 473 1163 imponant
499 1095 527 1145 et
553 1107 760 1161 praecursorem
787 1091 955 1146 Antichristi

106 1187 168 1237 tota
201 1181 343 1248 libertate,
381 1181 609 1235 testimoniorum
640 1181 714 1234 fusco
746 1186 857 1234 tautum
887 1181 954 1235 huic

108 1269 266 1325 materiolae
290 1267 402 1337 exiguae
419 1268 656 1322 substentandum
678 1271 720 1321 eat
741 1270 765 1335 b,
781 1267 863 1322 facilc
877 1284 954 1322 com·

107 1357 235 1428 primanl
248 1357 290 1409 vel
304 1356 475 1426 dimergant.
492 1360 513 1410 A
535 1355 650 1408 Daniele
665 1355 812 1426 capiemus
824 1355 953 1421 initium,

110 1452 138 1501 et
169 1461 201 1499 ox
227 1449 306 1516 parte
333 1460 397 1516 qrrae
425 1444 456 1498 iu
475 1443 648 1497 Antichristo
672 1460 688 1496 a
718 1444 800 1497 heato
828 1444 956 1514 exposita

110 1537 220 1589 exstant
245 1533 432 1604 Hieronymo,
453 1531 520 1586 huic
544 1531 750 1585 nefandissimo
766 1539 956 1586 consentanea

110 1629 139 1677 et
160 1623 253 1676 vicina
277 1622 435 1676 firmemus.
463 1620 572 1675 Dehinc
588 1621 665 1674 heali
679 1621 777 1675 iobde
799 1622 956 1676 Behemoth

1007 490 1059 545 per
1069 474 1210 528 infaustus
1224 477 1277 539 est,
1292 473 1349 527 tria
1359 488 1447 544 regua
1464 472 1643 542 perdomuit,
1656 473 1725 527 dum
1745 473 1754 527 t

1008 578 1083 628 rum,
1115 563 1299 627 Francorum,
1333 577 1397 632 quae
1432 561 1486 616 suh
1517 561 1634 616 nomine
1661 562 1752 617 Roma

1008 650 1152 721 vigebunt,
1178 650 1338 721 provincias
1362 650 1522 720 occupavit,
1546 655 1574 704 et
1595 650 1754 705 Gothorum

1009 738 1166 793 dentalium
1191 738 1253 792 cola
1269 739 1376 791 uictrici
1392 737 1489 806 planta
1504 737 1623 791 calcavit
1638 754 1645 792 :
1662 738 1705 792 rel
1728 737 1754 793 di

1010 827 1153 898 calogum,
1169 826 1225 881 hoc
1239 830 1290 892 est,
1306 825 1497 881 universalem
1517 827 1696 898 religionem,
1712 832 1743 881 et

1010 931 1086 983 rum,
1112 914 1163 986 qui
1190 915 1362 985 plerumque
1385 930 1437 986 pro
1466 919 1526 968 toto
1549 914 1696 983 inseritur,
1719 914 1754 970 dit

1010 1005 1133 1072 conavit,
1149 1009 1178 1058 et
1193 1008 1292 1058 contra
1312 1002 1398 1058 fidem
1414 1002 1571 1069 Trinitatis,
1588 1020 1647 1074 spe,
1671 1003 1740 1072 tide,

1009 1097 1066 1148 tata
1097 1093 1249 1156 munitam,
1279 1091 1427 1163 superbire
1461 1092 1591 1145 tentavit.
1624 1092 1730 1146 Contra

1011 1182 1151 1236 excelsum
1172 1197 1318 1235 sermones
1341 1181 1483 1251 petulanti
1505 1180 1686 1235 coutumacia
1704 1179 1754 1236 fab

1010 1271 1130 1342 grandia
1138 1269 1288 1337 trutinans,
1301 1275 1329 1324 et
1343 1270 1455 1324 fumosa
1472 1270 1521 1323 illa
1534 1274 1698 1336 contexens,
1710 1285 1754 1341 qu

1011 1357 1183 1414 Antichristo
1207 1364 1275 1413 suut
1298 1357 1413 1429 praevia,
1432 1361 1457 1411 et
1480 1357 1584 1411 humili
1600 1357 1732 1427 religioni

1011 1446 1078 1501 satis
1101 1446 1227 1500 adversa.
1244 1446 1348 1515 Legem
1364 1443 1479 1498 Domini
1504 1444 1709 1497 miraculorum
1726 1459 1754 1497 so

1012 1551 1134 1603 russam,
1159 1535 1296 1588 nebulosa
1312 1533 1457 1586 involvere
1474 1514 1577 1603 putaris
1598 1532 1731 1602 caligine,
1748 1549 1754 1584 t

1012 1623 1121 1678 toribus
1135 1622 1194 1677 suis
1208 1622 1291 1694 quasi
1305 1638 1338 1675 ex
1350 1623 1433 1692 jussu
1455 1620 1587 1674 altissimi
1610 1620 1722 1675 llomini
1737 1636 1754 1674 r

109 1712 154 1765 vel
183 1710 348 1764 Leriatham
379 1709 453 1763 dicta
477 1709 628 1777 rimemus,
658 1715 687 1763 et
712 1710 800 1763 sancti
827 1709 956 1781 Gregorii
978 1687 1094 1776 Bseusu,
1119 1712 1207 1775 leves,
1231 1717 1260 1764 et
1285 1710 1342 1763 risu
1367 1709 1469 1774 dignas
1494 1714 1592 1762 tereus
1614 1707 1754 1771 historias¹

110 1799 316 1854 concordantes
340 1798 513 1869 expositioni
529 1807 548 1865 ⁰,
573 1799 687 1868 quaein
711 1798 884 1852 Antichristo
899 1815 960 1866 spe·

110 1888 221 1942 cialiter
246 1894 313 1941 sont
345 1887 502 1957 designata,
539 1886 588 1940 isti
616 1886 749 1941 similiter
777 1888 960 1943 ostendamus

111 1977 249 2048 injuncta.
266 1975 311 2032 Sic
330 1976 413 2029 tertia
429 1975 489 2029 loco
506 1976 541 2029 ad
557 1975 756 2045 Apocalypsim
782 1976 958 2041 accedentes,

112 2068 140 2118 at
161 2063 273 2135 aliquas
286 2063 374 2117 simili
396 2067 496 2117 tenore
522 2062 631 2132 species
657 2063 837 2130 disserentes,
860 2064 961 2118 docto-

111 2153 192 2208 ribus
219 2157 247 2207 et
268 2151 483 2206 inlustrioribus
510 2151 650 2205 secuturis
680 2152 837 2206 disserendi
863 2152 961 2206 omnia

112 2241 264 2296 materiam
279 2240 488 2311 relinquamus,
504 2245 532 2292 et
546 2244 611 2309 post
625 2240 818 2310 quorumdam
834 2241 960 2312 prophe-

113 2335 208 2384 tarum
225 2329 269 2383 vel
288 2334 451 2383 sanctorum
467 2327 612 2382 difflorata
629 2329 643 2370 d
663 2329 779 2382 oracula
793 2330 850 2384 fine
865 2329 961 2384 debito

114 2417 284 2487 opusculum
300 2417 509 2486 praecidamus:
526 2415 598 2469 acin
613 2416 738 2470 secundo
749 2416 846 2471 libello
861 2417 960 2472 docto·

115 2520 181 2559 rum
203 2506 360 2559 sententias
385 2520 603 2575 congregemus,
628 2511 795 2576 nostrasque
826 2522 962 2576 operosas

114 2593 231 2648 fabellas
259 2593 403 2648 veracium
428 2593 588 2648 stellatione
617 2595 766 2649 tirmcmus
790 2603 810 2649 ⁰.
833 2594 863 2649 Si
884 2595 962 2650 euim

115 2682 284 2752 Domitium,
300 2683 442 2737 Neronem
458 2698 509 2753 pro
524 2681 703 2737 immanitate
717 2683 867 2751 scelerum,
881 2684 963 2737 Anti-

115 2771 255 2826 christum
281 2770 370 2842 aliqui
389 2772 552 2838 firmavere,
576 2777 604 2825 et
629 2771 802 2825 Anthiacum
827 2771 962 2826 eumdem

115 2859 241 2930 figurare
256 2859 362 2923 dixere,
382 2859 427 2913 vel
442 2865 560 2913 caeteras
574 2867 668 2930 pestes
690 2866 789 2914 contra
808 2860 963 2915 Ecclesiam

1016 1801 1096 1867 falso,
1119 1799 1234 1870 impura
1257 1799 1362 1864 fronte,
1379 1797 1511 1852 theatrali
1528 1797 1634 1862 lavore,
1656 1796 1754 1851 fabulo

1013 1905 1086 1959 gens
1111 1887 1266 1949 mendacia,
1288 1888 1368 1941 nullo
1392 1885 1533 1940 uirilitatis
1553 1887 1597 1940 rel
1621 1885 1743 1939 rationis

1014 1977 1177 2048 praeinsta,
1195 1983 1307 2030 sanctos
1329 1976 1376 2030 ttei
1399 1981 1559 2037 conterens,
1578 1980 1606 2028 et
1625 1975 1659 2029 da
1674 1973 1753 2028 stetli

1014 2066 1042 2120 id
1065 2072 1106 2120 est
1121 2081 1152 2119 aa
1175 2065 1306 2119 Ecclesiae
1321 2064 1398 2130 filiis,
1415 2071 1525 2133 partem
1545 2063 1617 2134 pede
1640 2062 1754 2117 scurrih

1013 2171 1089 2208 cans.
1114 2154 1194 2219 Quod
1220 2153 1311 2223 magis
1338 2154 1486 2206 occulorum
1510 2152 1626 2217 iudicio,
1652 2166 1741 2222 quam

1014 2242 1198 2313 expositionis
1212 2240 1418 2311 comprobatur
1430 2240 1554 2310 eloquio.
1575 2241 1635 2294 lom
1652 2255 1721 2293 vero
1735 2244 1754 2293 u

1014 2337 1155 2400 tempora,
1170 2328 1359 2383 eldinridium
1369 2329 1516 2398 temporis,
1529 2326 1615 2397 capiti
1629 2327 1753 2398 cjusspe

1014 2419 1224 2489 injungendum
1250 2424 1292 2471 est
1322 2417 1511 2471 Antichristo:
1534 2420 1563 2470 et
1582 2414 1754 2487 requirenda

1016 2524 1074 2562 nou
1090 2513 1188 2578 aperte
1203 2513 1260 2560 tres
1275 2513 1404 2559 annoset
1417 2505 1541 2559 medium
1558 2504 1668 2570 dixerit,
1681 2504 1754 2559 sedo

1015 2597 1065 2650 illo
1078 2596 1214 2649 vocabulo
1229 2611 1322 2648 sermo
1337 2595 1422 2665 huJ'us
1436 2594 1522 2647 iurarit
1537 2593 1659 2659 divinus,
1677 2609 1754 2664 quos

1016 2689 1060 2738 est
1081 2684 1224 2738 diversum
1241 2699 1357 2736 sensum
1382 2682 1412 2735 iu
1429 2682 1515 2735 corda
1531 2682 1674 2752 parturire
1700 2682 1754 2736 doc

1018 2773 1087 2826 Nam
1104 2777 1132 2826 et
1149 2788 1241 2826 annus
1257 2777 1382 2842 quatuor
1397 2777 1526 2841 tempora
1547 2771 1640 2837 hahet,
1656 2775 1684 2823 et
1698 2770 1754 2840 ipss

1016 2866 1130 2931 ternpus
1146 2860 1249 2913 dicitur
1264 2874 1367 2924 anulis,
1384 2865 1412 2912 et
1426 2858 1635 2929 quinquaginta
1649 2862 1677 2911 et
1691 2863 1754 2912 cent

116 2949 307 3019 insurgentes,
346 2964 536 3020 praecursores
572 2948 662 3019 ipsius
700 2949 830 3004 netandae
866 2949 964 3004 bestiae
984 2948 1173 3016 ebrevemel
1196 2945 1754 3016 longumhorarum,dierum,mensim

117 3037 248 3092 doctores
263 3036 458 3109 probatissimi
469 3044 625 3103 astruxere,
637 3037 706 3108 qrrid
719 3043 783 3091 nost
797 3043 863 3108 post
877 3039 963 3093 hodie

117 3126 276 3197 incongrue
301 3126 429 3196 garrient
453 3126 589 3196 posuisse,
615 3124 665 3197 qui
688 3142 802 3180 naerum
830 3127 964 3198 operibus

118 3213 240 3268 oliorum
257 3220 361 3269 conant
382 3215 548 3286 imponere?
565 3215 633 3268 Ecce
650 3214 773 3268 Danielis
790 3218 963 3285 praesagium

118 3303 212 3374 primo
233 3303 296 3357 loco
321 3302 495 3357 discutiens:
521 3302 656 3358 brevibus
680 3308 709 3358 et
728 3305 963 3374 consequentiam

117 3389 289 3444 habentibus
313 3390 545 3444 conclusionibus
568 3391 703 3458 serviam,
725 3395 753 3444 ct
776 3406 834 3444 nou
859 3391 964 3462 specia-

118 3477 184 3531 liter
199 3477 307 3544 omuia,
323 3477 371 3531 sed
387 3476 484 3548 aliqua
499 3483 628 3547 exparte
649 3477 809 3548 expediam,
827 3481 855 3531 et
876 3480 930 3532 hoc
948 3495 965 3533 a

118 3567 237 3620 Patrum
275 3565 382 3636 regulis
418 3565 448 3620 iu
474 3567 590 3621 devium
619 3583 678 3620 non
708 3567 858 3622 divertam.
891 3568 964 3623 [licit

119 3670 246 3724 namque
271 3655 305 3709 de
334 3654 487 3709 undecimo
517 3656 616 3710 bestias
646 3671 758 3710 cornu:
788 3657 889 3722 Bestia,
918 3658 965 3710 in·

119 3741 191 3814 quit,
208 3747 317 3813 quarta,
333 3758 415 3814 quam
428 3745 535 3812 uidisti,
552 3750 679 3813 quartum
690 3760 801 3812 regnum
815 3748 876 3814 erit,
894 3747 966 3816 quod

119 3833 208 3902 majus
244 3835 297 3887 erit
324 3833 447 3887 omnibus
476 3835 567 3900 scynis
596 3833 675 3904 (ban.
714 3850 760 3896 vu,
790 3834 845 3904 23).
885 3835 964 3889 Haud

120 3918 130 3954 f
158 3919 287 3986 dubium,
321 3920 399 3992 quod
442 3921 604 3976 Romanum
636 3921 789 3990 significet,
821 3922 966 3976 multoties

121 4009 274 4075 elevatum,
302 4008 448 4080 latiusque
486 4025 503 4063 a
538 4010 636 4080 reguis
662 4010 773 4063 caeteris
804 4009 964 4065 dilatatum.

120 4099 202 4153 Porro
228 4112 330 4152 cornua
351 4097 438 4152 decem
462 4099 550 4167 ipsias
572 4100 659 4166 regni,
683 4097 771 4152 decem
787 4112 862 4164 repas
885 4105 964 4154 sunt:

120 4190 146 4239 et
160 4187 231 4240 atius
243 4192 384 4252 cerrsurpet
400 4190 463 4254 post
476 4201 529 4252 eos,
553 4190 579 4239 et
597 4187 655 4254 ipse
666 4188 803 4255 potentior
819 4189 871 4242 crit
888 4190 965 4256 prio-

1019 3051 1181 3105 uorumque
1200 3036 1336 3105 spatium,
1354 3040 1515 3105 temporum
1530 3034 1650 3087 nornine
1665 3033 1754 3106 desigi

1019 3123 1133 3178 Hebraei
1165 3138 1291 3193 namque
1315 3139 1405 3176 unum
1426 3129 1540 3193 tempus
1564 3122 1747 3192 septuaginta

1019 3213 1172 3282 accipiunt,
1189 3212 1347 3267 secuudum
1363 3212 1451 3266 illud:
1469 3214 1534 3266 Dies
1557 3227 1689 3265 annerum
1712 3227 1754 3267 aar

1019 3305 1194 3370 septuaginta
1209 3303 1276 3354 anni
1290 3301 1377 3369 (Psal.
1400 3316 1507 3367 cxxxix,
1523 3301 1585 3366 lo):
1603 3300 1647 3353 vel
1659 3299 1744 3367 juxta

1018 3405 1084 3443 nrm
1100 3404 1241 3443 annorum
1258 3405 1315 3460 qaia
1330 3389 1383 3442 suh
1398 3389 1661 3443 Nabuchohonosor
1674 3389 1754 3442 sueru

1019 3476 1094 3530 vitus
1114 3478 1185 3547 jugo
1211 3476 1327 3531 addicti.
1343 3477 1484 3547 quue...‚
1498 3507 1532 3514 —
1548 3476 1748 3546 intelligentiae

1020 3566 1107 3633 ducti,
1123 3568 1247 3636 tempus,
1259 3570 1400 3636 tempora,
1411 3570 1439 3618 et
1451 3565 1603 3619 dimidium
1616 3565 1754 3636 temporis

1020 3655 1082 3709 loco
1099 3655 1262 3721 Hebroei...,
1277 3685 1311 3695 -
1327 3654 1464 3708 ducentos
1479 3654 1668 3724 quadraginta
1680 3655 1752 3724 quin

1021 3743 1221 3798 mahalitarum
1238 3743 1378 3813 deputant
1395 3744 1484 3812 genti,
1501 3743 1604 3813 quihus
1619 3742 1743 3813 peractis

1020 3833 1088 3887 dum
1100 3849 1221 3903 regnum
1233 3832 1362 3902 ipsorum
1374 3832 1442 3885 satis
1454 3832 1555 3886 audaci
1566 3846 1697 3884 sermone
1709 3847 1754 3885 cor

1020 3921 1168 3991 Siquidem
1183 3922 1212 3974 in
1230 3921 1283 3975 hoc
1297 3920 1503 3974 iucarnationis
1518 3920 1630 3973 Domini
1645 3934 1722 3973 anno
1733 3949 1754 3960 -

1021 4011 1181 4079 gentesimo
1200 4009 1438 4080 quinquagesimo
1454 4014 1569 4079 qirarto,
1583 4011 1611 4061 et
1625 4023 1681 4061 ara
1697 4023 1754 4079 qua

1021 4097 1258 4167 octingentesima
1271 4096 1455 4166 nonagesima
1464 4096 1599 4162 secunda,
1611 4096 1680 4149 anni
1696 4099 1754 4150 -l

1021 4186 1136 4240 lunares
1164 4186 1280 4240 ducenti
1304 4191 1508 4256 computantur
1536 4184 1738 4255 quadraginta,

120 4273 207 4340 ribus,
234 4278 259 4328 et
287 4277 340 4327 tres
365 4288 441 4342 repes
472 4274 639 4341 humiliabit,
665 4280 690 4329 et
716 4289 848 4329 sermones
872 4281 966 4330 cantra
985 4274 1086 4329 [ivero
1104 4276 1172 4329 auni
1188 4276 1303 4330 ducenti
1327 4276 1490 4329 nasturtii
1515 4290 1572 4345 qua
1594 4259 1713 4327 summa‘
1732 4289 1754 4328 si

120 4363 264 4417 marisam
300 4363 433 4432 loquetur,
468 4366 493 4416 ct
528 4369 633 4417 sarrctcs
662 4364 802 4417 Altissimi
830 4369 964 4418 conteret:

120 4455 146 4504 et
169 4450 281 4519 putabit
299 4450 372 4520 quod
393 4452 480 4519 possit
503 4454 608 4504 mutare
631 4459 761 4520 tempora,
784 4456 809 4506 et
835 4453 915 4519 teges,
942 4457 967 4506 ct

122 4539 264 4592 tradentur
289 4542 318 4592 in
345 4554 430 4592 manu
452 4538 511 4608 ejus
531 4555 616 4608 usque
636 4545 749 4608 templus,
781 4545 807 4594 et
835 4546 964 4610 tempora,

120 4633 146 4682 et
170 4627 318 4681 dimidium
344 4629 472 4697 temporis
499 4629 593 4697 (tara,
616 4630 660 4696 tl,
695 4629 750 4700 25).
776 4629 846 4694 Quae
870 4629 966 4683 omnia

122 4715 265 4783 historice,
299 4722 328 4771 et
359 4716 474 4787 proprie
513 4717 649 4771 Portirius
680 4717 711 4771 iu
743 4718 880 4772 anthioco
914 4734 965 4788 po-

121 4804 186 4859 suit.
219 4805 314 4860 Nostri
341 4821 407 4861 rero
430 4806 460 4860 in
481 4806 622 4861 Autbioco
647 4809 751 4877 typice,
771 4811 799 4860 et
821 4806 917 4860 verius
936 4807 965 4861 iu

120 4894 306 4957 Antichristo,
327 4900 356 4948 et
376 4895 481 4948 rectius
506 4895 667 4964 specialiter
688 4911 818 4965 posuere.
845 4894 901 4949 Nos
924 4900 965 4957 ta-

119 5000 187 5039 meu
210 4983 241 5037 in
254 4983 331 5037 huuc
345 4982 436 5036 nostri
456 4983 592 5052 temporis
605 4982 731 5037 damuati
747 4982 874 5037 hominis
889 4998 965 5053 prse-

119 5088 265 5128 cursorem
280 5084 295 5127 r
310 5087 342 5126 ex
358 5076 438 5143 parte
458 5071 579 5126 dicimus
602 5071 764 5126 convenire.
781 5072 853 5126 Nam
867 5070 898 5126 in
916 5088 966 5125 un-

153 5205 165 5230 ²
180 5195 208 5250 Si
225 5199 373 5261 macerant,
390 5201 419 5250 et
433 5195 581 5249 inlustrant
595 5195 712 5266 tegeris,
729 5195 878 5268 sequeutia
896 5212 966 5268 quo·

119 5282 174 5336 que
191 5266 370 5335 corrigenda.

153 5339 166 5380 b
190 5338 432 5392 Testimoniorum
457 5337 517 5390 lace
541 5335 634 5390 lucem
656 5335 698 5390 rei
722 5335 790 5391 dare
815 5338 899 5408 velle,
923 5338 966 5392 in·

119 5421 208 5461 nuere
228 5407 341 5462 videtur
355 5423 408 5477 per
422 5407 483 5461 hoec
499 5407 595 5461 verba.

153 5478 208 5530 «Ρ.
227 5481 417 5546 expositiones.

151 5547 166 5590 d
181 5550 331 5617 vaporare,
346 5549 430 5604 liores
447 5550 552 5620 legere.

1021 4379 1111 4418 annos
1125 4365 1232 4418 solares
1247 4364 1382 4417 sedecim.

1055 4455 1099 4508 Ὦ.
1118 4453 1175 4507 Nos
1194 4469 1261 4506 vero
1283 4453 1343 4506 haec
1366 4451 1416 4505 Dei
1437 4451 1490 4504 soli
1507 4450 1707 4522 intelligentiae
1729 4466 1754 4505 rr

1021 4558 1095 4608 mus,
1124 4547 1153 4595 et
1172 4541 1212 4595 eis
1241 4541 1289 4611 qui
1316 4540 1411 4595 divino
1436 4539 1543 4611 Spiritu
1567 4540 1633 4592 tacti
1658 4555 1754 4608 possut

1020 4631 1112 4701 Moyse
1133 4629 1238 4684 nubem
1264 4627 1465 4694 conscendere,
1487 4633 1516 4681 et
1539 4629 1648 4681 occulta
1669 4626 1752 4680 Deie

1020 4724 1101 4773 route
1117 4718 1194 4772 clara
1209 4717 1279 4772 facie
1295 4717 1416 4770 intuere.
1434 4716 1488 4770 Sed
1503 4716 1621 4769 solerter
1631 4721 1673 4768 est
1684 4715 1754 4769 intur

1021 4813 1049 4862 et
1060 4807 1146 4876 legali
1159 4805 1439 4861 dissertionisstudio
1450 4803 1680 4875 praevidendum,
1691 4820 1729 4857 ne
1742 4804 1754 4858 t

1020 4896 1186 4950 scuritatem
1198 4895 1357 4948 involutam
1370 4894 1523 4949 temerarie
1532 4897 1623 4947 tentet
1633 4908 1754 4962 exponet

1020 4999 1134 5048 vesana,
1151 4988 1180 5037 et
1195 4982 1385 5052 multiplicem
1400 4982 1579 5052 designatam
1595 4980 1754 5034 sententiar

1020 5073 1095 5126 cium
1111 5077 1140 5126 et
1154 5071 1341 5125 insolentium
1356 5075 1509 5124 retractare
1524 5072 1682 5140 praesumat
1696 5068 1754 5124 insa

1056 5197 1111 5250 ⁰F.
1134 5197 1264 5263 fauillam
1285 5201 1316 5248 ut
1339 5195 1378 5248 sic
1398 5193 1474 5259 (ruod
1498 5193 1627 5263 sequitur
1644 5195 1754 5247 acrama

1020 5268 1121 5322 latione
1139 5267 1290 5334 firmemus,
1307 5266 1383 5320 idem
1410 5266 1447 5318 sit
1463 5281 1494 5318 ac
1518 5265 1601 5317 tirma
1615 5267 1644 5317 et
1667 5263 1754 5318 micm

1019 5338 1346 5461 doftlt‘iiunibaveritaoem
1357 5336 1401 5390 sui
1415 5335 1515 5389 asserti
1530 5335 1685 5388 illustrare.

1055 5493 1070 5534 a
1084 5480 1112 5534 ld
1124 5447 1174 5532 ist
1189 5450 1343 5544 Mahomet,
1356 5477 1521 5531 Antichristi
1535 5491 1707 5547 praecursor.
