3930 6098
75 5579 87 5673 t

119 257 174 309 557

120 383 175 438 llic
188 382 292 455 repetit
303 383 374 437 altas
389 386 529 438 nocturno
545 388 674 456 tempore
690 401 780 457 voces,

160 474 195 527 Et
209 473 272 527 luce
286 473 392 544 praevia
406 472 533 528 carmina
547 475 631 545 plura
646 475 734 530 canit.

122 562 176 616 ilic
190 562 289 616 laudes
303 562 423 617 Domino
438 563 540 633 pandit
555 579 607 634 per
622 565 694 619 hora
707 565 819 620 dierum
837 582 844 619 :

160 651 273 706 Excitat
287 655 316 706 et
330 652 427 722 pigros
442 653 547 722 saepius
562 653 609 707 hic
624 653 764 709 recinens.

526 759 574 814 lll.

458 863 557 903 vassus
574 864 640 903 sara.

122 954 196 1023 (Illo
209 955 274 1021 solii
286 969 363 1024 pore,
380 971 463 1025 quum
481 955 637 1026 disruptum
651 956 785 1020 dicimus,
803 959 859 1010 ecto
870 957 974 1026 primes

159 1041 254 1162 persepe
278 1027 438 1081 abstulerat.
459 1026 600 1095 Sequemis
618 1028 683 1095 folii
703 1027 751 1082 boc
775 1028 832 1094 fuit
851 1028 972 1081 initium.

99 1141 106 1162 ,
188 1111 234 1151 ou.

122 1184 229 1256 Sicque
243 1201 333 1257 pavus
346 1185 447 1240 *varie
458 1202 613 1257 pavescens
626 1201 695 1241 voce
708 1186 826 1241 resultat

123 1273 180 1338 oui
194 1274 300 1345 pennis
313 1275 414 1328 rutilat
427 1275 512 1329 fulvis
525 1280 552 1330 et
568 1275 677 1330 murice
693 1274 763 1329 sicli.

124 1362 227 1433 Specie
241 1362 366 1417 formosa
380 1363 458 1435 viget
473 1363 522 1435 qui
538 1365 658 1434 pulchre
673 1366 811 1418 venustus

124 1451 262 1506 Cantibus
273 1451 424 1522 applaudit
439 1457 584 1522 gemmato
599 1451 693 1505 sidere
706 1451 830 1522 pinctus,

123 1542 196 1595 Cum
211 1543 315 1594 teretes
328 1539 432 1606 vibrat,
448 1540 520 1594 mire
536 1539 605 1594 dum
619 1539 743 1609 explicat
757 1539 825 1606 alas,

124 1632 163 1682 Ac
178 1627 249 1682 solis
261 1628 353 1682 instar
367 1629 457 1683 cauda
472 1629 541 1683 dum
553 1644 644 1698 pansa
656 1628 790 1699 refulget,

126 1719 158 1772 Et
173 1719 265 1790 peltes
277 1718 386 1773 clarent
398 1718 496 1772 lunato
512 1718 604 1772 sidere
619 1717 711 1772 densi.

128 1807 199 1860 Dum
214 1807 301 1861 vertit
314 1812 391 1861 terra
405 1806 526 1876 pulcher
536 1805 704 1877 placideque
717 1804 847 1870 decorus,

125 1898 181 1948 hut
193 1893 303 1965 crispas
317 1894 424 1948 relevat
437 1893 569 1964 pandens
584 1909 637 1964 per
651 1893 750 1947 ordine
765 1895 853 1958 rotas,

128 1981 248 2037 Lumine
262 1982 382 2036 milleno
398 1981 555 2052 splendunt
569 1981 716 2035 hincinde
731 1995 842 2046 serene,

127 2072 199 2126 Dum
217 2071 339 2125 reboans
355 2070 501 2125 melodum
516 2074 656 2125 concentu
671 2070 768 2141 plume
782 2070 912 2124 volucres

128 2159 265 2230 Despicit,
281 2162 310 2215 et
323 2159 444 2231 replicat
457 2159 556 2214 crebro
572 2159 703 2214 iterando
717 2174 869 2214 camaenas.

127 2248 200 2319 Ergo
214 2264 266 2302 vos
281 2248 375 2320 cygni,
389 2249 518 2319 lautique
532 2247 634 2302 decore
646 2263 771 2318 pavones

127 2338 198 2392 Cum
213 2336 295 2391 suevi
310 2352 375 2392 mea
389 2352 454 2391 cum
469 2339 483 2380 b
497 2335 656 2391 Philomela
672 2335 765 2391 ducite
780 2350 906 2400 maman,

127 2427 158 2480 Et
169 2425 295 2497 pedibus
308 2425 436 2480 metricis
448 2424 547 2479 rithmi
560 2425 737 2479 contemnite
750 2428 879 2478 monstra

124 2515 193 2580 Qua
208 2515 306 2586 segnis
319 2530 417 2568 errem
432 2514 547 2568 fluxust
563 2514 603 2568 sic
617 2513 733 2568 rancide
744 2513 875 2568 seriens<¹

125 2605 215 2659 Devio
231 2603 344 2674 mugitu
360 2603 461 2674 pangit
475 2606 506 2656 ut
520 2602 629 2656 cantica
644 2605 742 2673 iurpet

121 2692 273 2762 Ecclesiae,
287 2692 422 2764 plebibus
436 2707 501 2763 quae
514 2707 627 2763 semper
639 2691 748 2762 fulgida
762 2691 850 2745 claret
864 2701 886 2745 ⁸.

530 2798 575 2852 lv.

348 2901 449 2940 raasos
469 2901 562 2950 naum,
583 2901 633 2938 van
652 2887 754 2940 raucis.

115 2992 142 3048 0
156 2991 271 3064 pietate
284 2989 378 3046 bonus
394 2990 500 3062 opifex,
515 2990 628 3062 fulgore
641 2990 771 3059 decorus,

115 3079 183 3136 Rex
202 3079 375 3135 saeculorum
388 3079 480 3146 fortis,
496 3078 545 3150 qui
560 3079 635 3133 clare
650 3095 780 3148 serenus,

111 3173 244 3226 AEterne
259 3184 383 3240 regnans
398 3183 502 3239 magna
515 3167 624 3223 ditione
638 3171 764 3239 potestas

111 3256 300 3314 Pulchrifice
315 3257 430 3312 radians
444 3262 504 3313 toto
518 3272 571 3328 per
585 3257 694 3311 mundo
709 3255 839 3327 refulgis,

107 3347 175 3414 Qui
192 3361 288 3414 mare,
306 3344 356 3418 qui
379 3348 480 3415 terres,
504 3345 677 3416 coelumque,
693 3349 722 3398 et
743 3349 851 3399 tartara
870 3343 976 3413 tendis,

107 3434 153 3492 Et
168 3437 285 3490 virtute
300 3435 400 3505 rigens
413 3434 510 3506 signas
523 3438 552 3489 et
566 3433 657 3489 cludis
673 3433 798 3504 abyssos,

105 3524 219 3591 Quem
232 3527 362 3595 respecta
375 3523 483 3588 tremit,
501 3538 623 3594 quosque
637 3521 742 3593 pietate
756 3520 900 3593 gubernas

103 3611 294 3685 Temperes,
309 3617 337 3666 et
351 3611 466 3666 rabidas
481 3611 597 3665 frenans
611 3610 714 3665 virtute
727 3608 876 3681 procellas.

103 3701 155 3759 Tu
161 3741 251 3759 .......
268 3701 407 3756 Dominus
421 3700 485 3756 coeli
500 3698 551 3772 qui
565 3714 654 3770 regne
669 3700 806 3769 potestas,

104 3791 147 3850 Et
164 3791 260 3847 vultu
273 3789 387 3861 placido
402 3793 645 3860 tempestatesque
661 3803 786 3854 serenas,

103 3879 279 3937 Tartareas
291 3883 382 3933 terras
396 3877 528 3932 dissolvis
539 3877 603 3932 luce
617 3875 761 3942 tenebras,

106 3971 277 4028 lnfantnm
291 3969 405 4041 linguaue
417 3968 514 4023 reddis
527 3966 577 4038 qui
592 3967 711 4038 pulchre
727 3965 845 4030 solutes,

106 4059 149 4116 Et
162 4062 252 4132 juste
268 4057 346 4129 regis
360 4057 469 4128 pariter
483 4072 605 4128 quaque
620 4071 709 4126 regna
722 4054 848 4109 decoras.

104 4148 158 4204 Tu
178 4150 299 4204 nostres
311 4152 406 4201 rector
417 4150 497 4217 terge
513 4143 688 4199 sanctissime
702 4143 809 4213 culpas,

106 4236 150 4294 Et
168 4238 306 4293 clemens
319 4251 399 4291 voces
411 4235 463 4290 has
476 4250 553 4289 nunc
567 4233 620 4288 uhi
636 4231 747 4309 reddito
762 4231 871 4302 dignas.

461 4445 521 4485 ΙΤΕΙ
541 4445 649 4485 vehens.

109 4539 251 4596 Lumine
263 4537 396 4592 candoris
411 4538 521 4592 clarent
533 4536 580 4591 hic
592 4535 653 4590 lilia
665 4534 740 4601 coeli,

111 4629 214 4686 Fulve
230 4643 304 4682 rosae
319 4627 424 4682 floreus
439 4625 554 4681 imitant
568 4625 614 4679 hic
628 4639 758 4695 purpura
772 4626 867 4683 terrae,

111 4714 155 4769 Et
173 4713 261 4769 violae
278 4711 387 4782 pariter
401 4711 548 4765 stellarum
563 4708 625 4764 vice
640 4709 803 4769 coruscant,

113 4800 203 4857 Dum
216 4799 295 4856 uario
311 4799 441 4854 redolent
456 4798 566 4870 pariter
580 4798 669 4852 uuitae
685 4797 779 4851 colore

114 4889 255 4944 Albeolae
269 4888 396 4942 retinent
410 4902 460 4942 reu
477 4885 563 4941 unico
577 4886 638 4941 lilia
651 4884 769 4940 conchis
784 4882 803 4949 ἲ,

117 4973 223 5031 Instar
237 4980 266 5032 et
280 4992 377 5049 gypsae
390 4976 581 5047 complectens
595 4975 669 5030 colla
682 4973 786 5045 puellm

121 5064 243 5137 Lactea,
259 5069 329 5124 dum
341 5068 468 5140 pingunt
480 5068 592 5125 bilbant
607 5069 765 5140 fulgentem
781 5065 886 5121 selenci
901 5077 916 5120 a

170 5204 182 5230 ⁸
200 5195 280 5263 iton,
294 5198 379 5263 sores.
392 5196 455 5261 tls,
468 5209 568 5265 pocus.

172 5266 184 5306 ¹³
203 5267 263 5333 tls,
279 5268 399 5322 meatim.
416 5267 478 5333 tls,
492 5281 551 5320 mco
564 5281 634 5321 uem,

174 5344 184 5367 ⁶
201 5337 244 5392 Sic
258 5338 329 5393 lior.
345 5337 407 5402 tls,
422 5339 540 5392 horrens
555 5340 652 5406 floras,
668 5335 686 5392 f.
703 5337 798 5405 maus.

176 5407 187 5448 t
205 5407 263 5477 tls,
277 5422 380 5464 annuos
392 5408 412 5462 f.
429 5423 538 5463 amous.

178 5478 261 5546 'lts.,
275 5479 416 5550 plebisque
440 5493 547 5551 semper
570 5477 678 5546 [alcide
692 5478 785 5532 claret.
802 5475 871 5530 litor.
896 5476 928 5528 ut
952 5471 982 5526 in

914 257 1083 314 CARMINA.

989 394 1011 446 h
1027 389 1130 459 lgneus
1143 388 1267 443 flammis
1281 389 1361 444 miris
1377 390 1568 444 carbunculus
1583 390 1696 459 ardens,

1826 261 1877 315 558

1026 480 1119 549 Atque
1134 478 1228 532 colore
1241 478 1300 548 poli
1316 478 1484 550 pollensque
1499 479 1613 550 lapillus
1629 495 1814 551 acquescens,

1028 565 1074 620 Sic
1087 565 1212 636 pretiose
1226 567 1326 635 vigens
1339 565 1433 619 adstat
1448 566 1577 637 aliosque
1593 567 1735 623 virescens

1027 653 1082 718 Qui
1096 654 1169 708 celse
1184 653 1338 725 pulchrum
1354 653 1479 708 reddunt
1491 670 1542 724 per
1554 656 1626 709 colla
1639 657 1778 712 celidrum
1794 659 1818 725 h,

1028 744 1122 814 Atque
1137 743 1238 796 decora
1254 757 1319 796 rose
1332 741 1461 801 flabescit
1476 758 1556 797 more
1570 748 1700 814 topazon,

1029 832 1063 886 Et
1077 831 1201 886 theretes
1214 831 1328 886 vibrant
1343 846 1413 885 auro
1429 830 1554 901 crispose
1569 832 1653 887 viola

1028 921 1183 975 Gemmatm
1198 921 1327 992 lapidum
1344 921 1429 989 colle,
1446 921 1486 974 sia
1501 923 1589 976 florea
1604 923 1697 995 campi

1028 1007 1226 1078 Respleudunt
1240 1009 1326 1063 rutilo
1341 1024 1464 1080 gemmae
1480 1025 1545 1080 qua
1561 1016 1673 1081 quaestu
1686 1012 1810 1082 superbo

1028 1095 1138 1169 Emptas
1154 1102 1272 1152 manent
1285 1099 1412 1168 pretioso
1427 1098 1514 1153 nimis
1528 1099 1570 1152 sic
1582 1115 1702 1155 munere
1718 1105 1820 1155 macte.

1028 1185 1082 1241 Sed
1097 1186 1185 1242 simili
1199 1187 1310 1257 pollent
1324 1187 1414 1258 gratis
1429 1187 1553 1241 vibranti
1569 1187 1681 1242 decore.

1029 1274 1102 1328 Diam
1117 1275 1205 1329 mixte
1219 1274 1334 1344 florent,
1352 1275 1491 1342 redolent,
1507 1275 1698 1346 candentque,
1715 1274 1877 1346 rubentque

1028 1362 1207 1427 erodratum
1221 1363 1301 1435 apice
1312 1365 1454 1420 mundum
1466 1364 1583 1418 millene
1597 1368 1742 1419 venustat.

1429 1509 1474 1562 Vl.

1046 1627 1182 1666 lNCll'lUNT
1198 1629 1299 1668 VERSUS
1320 1630 1504 1669 auderamnus
1520 1614 1718 1670 ¹AEuu1ruu1uts
1739 1630 1858 1670 PROPRlAE

1329 1739 1458 1804 Prefutio
1473 1739 1573 1808 precis.

1028 1844 1079 1909 Tu,
1096 1842 1206 1899 Christe
1222 1843 1342 1898 Domine
1358 1858 1466 1905 rerum,
1483 1859 1569 1915 quem
1586 1841 1685 1914 lingua
1698 1841 1835 1911 celebrat,

1028 1933 1177 2003 Quemque
1194 1937 1299 1987 tremet
1312 1931 1446 1999 muudus,
1458 1947 1547 2003 quem
1562 1932 1637 1985 clare
1656 1946 1745 2002 regna
1766 1946 1876 2002 praeco-

1748 2016 1839 2093 [nant,

1029 2109 1081 2166 Cui
1096 2109 1210 2175 coelum,
1225 2108 1320 2175 tellus,
1337 2108 1437 2174 maria,
1454 2108 1498 2163 vel
1513 2112 1620 2164 tartara
1633 2107 1721 2163 servit
1736 2124 1743 2162 ε

1029 2197 1080 2254 Cui
1095 2196 1147 2263 sol,
1163 2197 1249 2262 luna,
1257 2196 1327 2264 dies,
1343 2197 1494 2263 famulant,
1512 2196 1558 2251 cui
1568 2213 1667 2252 omnes
1680 2195 1785 2268 abyssi,

1028 2286 1164 2357 Angelice
1179 2285 1226 2339 cui
1238 2284 1322 2340 turbe
1335 2285 1440 2340 virtute
1455 2285 1538 2340 beatu

1029 2374 1173 2431 Laudibus
1186 2373 1357 2445 obsequium
1368 2374 1452 2428 solvit
1465 2373 1588 2445 fulgenti
1602 2373 1717 2442 decore,

1029 2465 1120 2530 Quem
1134 2463 1223 2518 virtus
1237 2462 1331 2517 omnis
1344 2467 1498 2518 concentus
1513 2462 1622 2531 laudat,
1638 2468 1666 2518 et
1682 2462 1776 2518 omnis

1030 2552 1140 2621 Sidere,
1152 2551 1196 2606 vel
1211 2550 1353 2622 quidquid
1369 2550 1460 2606 centri
1476 2567 1603 2606 convexa
1614 2556 1739 2618 tenetur,

1030 2643 1121 2707 Quem
1135 2642 1195 2708 lux,
1211 2656 1291 2708 aura,
1306 2640 1376 2708 dies,
1393 2639 1511 2707 recinet,
1526 2639 1572 2695 vel
1587 2645 1671 2695 aestus
1687 2644 1715 2694 et
1727 2638 1812 2710 iguis,

1030 2729 1173 2796 Flumine,
1189 2728 1247 2796 nix,
1264 2728 1379 2798 glacies,
1394 2734 1505 2795 aventus,
1519 2734 1549 2782 et
1561 2728 1640 2783 unda
1655 2733 1781 2784 resonat.

1031 2818 1191 2890 Omnigena
1207 2834 1302 2872 rerum
1321 2818 1474 2872 Dominum
1489 2833 1560 2888 prex
1575 2817 1662 2888 digna
1676 2819 1804 2872 venerat.

1031 2908 1072 2962 Tu
1086 2907 1191 2961 misero
1206 2907 1331 2960 clemens
1345 2905 1479 2960 metricas
1492 2904 1601 2961 resolve
1614 2921 1758 2973 camenus,

995 2993 1016 3048 C
1031 2993 1162 3049 Carmine
1176 2998 1207 3047 ut
1222 2992 1342 3064 pulchro
1358 2992 1450 3048 valeat
1463 2992 1614 3047 concinere
1629 2993 1738 3060 laudes,

1031 3083 1065 3136 Et
1078 3081 1210 3154 proprias
1221 3096 1305 3136 versu
1319 3081 1414 3136 clades
1430 3080 1476 3135 his
1490 3084 1566 3134 texat
1582 3097 1704 3135 amaras.

1030 3170 1106 3235 Quas
1119 3169 1222 3224 merito
1236 3168 1350 3239 petiens
1364 3168 1525 3240 subjectum
1541 3174 1634 3224 morte
1650 3168 1774 3240 sepulcri

1030 3260 1071 3314 Tu
1089 3258 1193 3330 pietate
1207 3259 1283 3312 Deus
1299 3273 1413 3312 revocas
1429 3258 1464 3312 ad
1480 3257 1581 3312 limina
1597 3257 1673 3312 vitae.

1031 3349 1113 3404 Nunc
1123 3347 1230 3402 famulo
1247 3347 1358 3417 largum
1373 3345 1531 3417 plangendi
1542 3345 1668 3401 carmine
1682 3346 1782 3401 fletum

1031 3435 1146 3502 Confer,
1162 3439 1190 3491 et
1202 3434 1311 3491 Christe
1327 3440 1439 3489 nostras
1454 3434 1577 3489 dissolve
1593 3435 1737 3503 tenebras,

1032 3526 1066 3580 Et
1079 3524 1173 3580 lucide
1187 3522 1285 3594 vigida
1299 3523 1371 3577 servi
1387 3523 1426 3577 sic
1439 3528 1557 3594 pectora
1573 3523 1675 3578 forma.

1033 3614 1068 3668 Ut
1082 3613 1167 3683 digne
1184 3616 1299 3666 cantum
1315 3611 1417 3666 reddat
1432 3611 1594 3684 hymnifere
1608 3611 1773 3683 pulchrum,

1031 3702 1093 3766 Quo
1108 3701 1203 3756 deleas
1218 3704 1315 3754 sancte
1329 3699 1441 3771 placide
1453 3717 1524 3773 ques
1538 3700 1648 3771 perfide
1662 3701 1762 3771 culpes

1031 3788 1179 3845 Traximus
1194 3792 1323 3843 errantes
1337 3803 1391 3858 per
1404 3788 1517 3843 deviem
1533 3804 1627 3860 neque
1641 3789 1760 3843 viantes.

1031 3879 1077 3933 Sic
1093 3894 1146 3949 ego
1160 3876 1320 3948 primorum
1334 3881 1424 3931 sectas
1437 3876 1570 3932 iterando
1585 3878 1738 3942 melorum,

1034 3967 1115 4022 Nunc
1128 3980 1204 4020 nexu
1215 3965 1293 4036 justo
1307 3963 1417 4020 vinctus
1434 3964 1487 4019 sub
1500 3965 1579 4020 clade
1594 3980 1723 4019 reorum.

1034 4055 1089 4111 Sed
1104 4054 1208 4110 misero
1223 4053 1337 4108 veniam
1352 4053 1429 4108 tollit
1441 4053 1487 4108 cui
1502 4055 1596 4125 culpa,
1613 4069 1748 4108 coronam

1034 4143 1129 4199 Gratia
1144 4143 1254 4199 Christe
1265 4147 1315 4198 tue
1329 4142 1448 4208 tribuat,
1461 4158 1547 4214 quem
1563 4143 1644 4197 restis
1660 4141 1732 4196 reati

1036 4236 1058 4288 Α
1073 4232 1202 4304 patribus
1217 4235 1302 4287 tenxa
1314 4232 1406 4287 vinxit
1421 4248 1473 4286 nec
1487 4231 1556 4287 fletu
1571 4231 1686 4286 resulta.
1714 4267 1716 4271 r

1429 4375 1486 4430 Vll.

1184 4517 1243 4555 trau
1262 4515 1408 4555 nuunuruu
1428 4513 1567 4554 uerarcuu
1588 4512 1735 4554 euoruvuu.

1034 4626 1165 4692 alvarus,
1179 4640 1196 4677 o
1209 4623 1309 4689 lector,
1324 4622 1410 4693 longe
1427 4639 1481 4693 per
1492 4626 1623 4694 tempore
1638 4624 1749 4695 pangit,

1035 4715 1069 4768 Et
1083 4713 1183 4783 lingua
1194 4727 1329 4766 resonans
1343 4717 1437 4766 tecum
1453 4716 1517 4783 post
1529 4711 1601 4766 lacta
1616 4712 1744 4782 resurgit

1035 4804 1068 4857 ln
1083 4816 1167 4856 auras
1181 4801 1292 4855 solutus
1307 4799 1350 4854 vel
1366 4804 1442 4854 certe
1456 4802 1573 4871 pulvere
1585 4816 1704 4865 mersus,

1036 4891 1139 4945 Versus
1155 4889 1185 4942 in
1200 4888 1305 4955 cinere,
1321 4888 1437 4942 metrice
1452 4888 1499 4943 sed
1515 4905 1580 4943 ecce
1594 4888 1703 4944 reboat.

1034 4981 1086 5045 Tu,
1102 4978 1202 5046 lector,
1217 4976 1347 5047 retegens
1363 4976 1448 5031 redde
1462 4993 1539 5031 nunc
1554 4977 1675 5048 praemia
1689 4976 1775 5043 vocis,

1036 5069 1069 5123 Et
1083 5068 1221 5138 lacrymas
1238 5065 1359 5120 Domino
1373 5065 1497 5120 fundens
1512 5066 1574 5120 haec
1590 5071 1676 5120 cantu
1691 5064 1808 5120 resulta.

1037 5193 1126 5245 textu.
1151 5189 1249 5260 lbique
1265 5190 1325 5259 ejus
1339 5190 1542 5261 transcriptum
1565 5188 1685 5254 desinit;
1706 5186 1886 5258 sequentiam

1037 5276 1170 5315 versuum
1185 5261 1284 5314 titulos
1299 5264 1410 5316 tantum
1423 5261 1632 5332 perstringens.

1073 5330 1082 5365 ¹
1100 5331 1161 5396 Ma,
1178 5332 1287 5385 conclis.

1073 5427 1087 5466 g
1105 5401 1127 5455 1.
1144 5402 1256 5469 elenchi,
1268 5401 1296 5456 id
1313 5404 1357 5455 cst
1372 5396 1545 5471 margaritas.

1073 5474 1088 5516 h
1107 5472 1128 5525 l.
1145 5472 1317 5540 chelydrum
1331 5474 1533 5525 ornamentum
1549 5470 1700 5529 muliebre.

1075 5543 1082 5577 ¹
1102 5543 1163 5610 iis,
1179 5545 1279 5614 incipit
1293 5545 1365 5598 uersi
1379 5540 1562 5612 Epimenides.
