<?xml version="1.0" encoding="UTF-8"?>
<!DOCTYPE html PUBLIC "-//W3C//DTD XHTML 1.0 Transitional//EN"
    "http://www.w3.org/TR/xhtml1/DTD/xhtml1-transitional.dtd">
<html xmlns="http://www.w3.org/1999/xhtml" xml:lang="en" lang="en">
 <head>
  <title>
</title>
<meta http-equiv="Content-Type" content="text/html;charset=utf-8" />
  <meta name='ocr-system' content='tesseract 3.04.00' />
  <meta name='ocr-capabilities' content='ocr_page ocr_carea ocr_par ocr_line ocrx_word'/>
</head>
<body>
  <div class='ocr_page' id='page_1' title='image "./patrologiaecurs04unkngoog_0501.png"; bbox 0 0 3930 6098; ppageno 0'>
   <div class='ocr_carea' id='block_1_1' title="bbox 698 264 1259 325">
    <p class='ocr_par' dir='ltr' id='par_1_1' title="bbox 698 264 1259 325">
     <span class='ocr_line' id='line_1_1' title="bbox 698 264 1259 325; baseline -0.007 -3"><span class='ocrx_word' id='word_1_1' title='bbox 698 267 745 323; x_wconf 79' lang='lat' dir='ltr'><strong>DE</strong></span> <span class='ocrx_word' id='word_1_2' title='bbox 764 266 846 325; x_wconf 74' lang='lat' dir='ltr'><strong>VITA</strong></span> <span class='ocrx_word' id='word_1_3' title='bbox 865 268 893 323; x_wconf 88' lang='lat' dir='ltr'><strong>S.</strong></span> <span class='ocrx_word' id='word_1_4' title='bbox 912 265 1060 322; x_wconf 66' lang='lat' dir='ltr'><strong>matini.</strong></span> <span class='ocrx_word' id='word_1_5' title='bbox 1074 294 1110 308; x_wconf 97' lang='lat'>-</span> <span class='ocrx_word' id='word_1_6' title='bbox 1124 264 1188 321; x_wconf 75' lang='lat' dir='ltr'><strong>llll.</strong></span> <span class='ocrx_word' id='word_1_7' title='bbox 1210 264 1259 322; x_wconf 84' lang='lat' dir='ltr'><strong>lv.</strong></span> 
     </span>
    </p>
   </div>
   <div class='ocr_carea' id='block_1_2' title="bbox 772 582 1187 670">
    <p class='ocr_par' dir='ltr' id='par_1_2' title="bbox 772 582 1187 670">
     <span class='ocr_line' id='line_1_2' title="bbox 772 582 1187 670; baseline -0.007 -11"><span class='ocrx_word' id='word_1_8' title='bbox 772 585 916 660; x_wconf 89' lang='lat' dir='ltr'>LIBER</span> <span class='ocrx_word' id='word_1_9' title='bbox 951 582 1187 670; x_wconf 83' lang='lat' dir='ltr'><strong>QUARTUS.</strong></span> 
     </span>
    </p>
   </div>
   <div class='ocr_carea' id='block_1_3' title="bbox 848 873 1109 943">
    <p class='ocr_par' dir='ltr' id='par_1_3' title="bbox 848 873 1109 943">
     <span class='ocr_line' id='line_1_3' title="bbox 848 873 1109 943; baseline -0.008 -14"><span class='ocrx_word' id='word_1_10' title='bbox 848 873 977 943; x_wconf 74' lang='lat' dir='ltr'><strong>capitata</strong></span> <span class='ocrx_word' id='word_1_11' title='bbox 992 873 1058 928; x_wconf 83' lang='lat' dir='ltr'><strong>libri</strong></span> <span class='ocrx_word' id='word_1_12' title='bbox 1071 889 1109 927; x_wconf 89' lang='lat' dir='ltr'><strong>rv.</strong></span> 
     </span>
    </p>
   </div>
   <div class='ocr_carea' id='block_1_4' title="bbox 104 1017 1854 1314">
    <p class='ocr_par' dir='ltr' id='par_1_4' title="bbox 104 1017 1854 1314">
     <span class='ocr_line' id='line_1_4' title="bbox 104 1017 1854 1090; baseline 0 -21"><span class='ocrx_word' id='word_1_13' title='bbox 104 1023 126 1069; x_wconf 90' lang='lat' dir='ltr'><strong>l.</strong></span> <span class='ocrx_word' id='word_1_14' title='bbox 140 1019 292 1082; x_wconf 85' lang='lat' dir='ltr'><strong>Scripturas</strong></span> <span class='ocrx_word' id='word_1_15' title='bbox 303 1023 376 1068; x_wconf 87' lang='lat' dir='ltr'><strong>vates</strong></span> <span class='ocrx_word' id='word_1_16' title='bbox 388 1033 441 1082; x_wconf 89' lang='lat' dir='ltr'><strong>quo</strong></span> <span class='ocrx_word' id='word_1_17' title='bbox 456 1017 507 1068; x_wconf 89' lang='lat' dir='ltr'><strong>fine</strong></span> <span class='ocrx_word' id='word_1_18' title='bbox 520 1018 631 1069; x_wconf 90' lang='lat' dir='ltr'><strong>Sanctus</strong></span> <span class='ocrx_word' id='word_1_19' title='bbox 646 1022 716 1069; x_wconf 90' lang='lat' dir='ltr'><strong>astra</strong></span> <span class='ocrx_word' id='word_1_20' title='bbox 732 1020 862 1083; x_wconf 89' lang='lat' dir='ltr'><strong>petiverit,</strong></span> <span class='ocrx_word' id='word_1_21' title='bbox 874 1019 1018 1069; x_wconf 75' lang='lat' dir='ltr'>admodum</span> <span class='ocrx_word' id='word_1_22' title='bbox 1031 1018 1220 1080; x_wconf 77' lang='lat' dir='ltr'><strong>contremiscit,</strong></span> <span class='ocrx_word' id='word_1_23' title='bbox 1236 1031 1351 1082; x_wconf 89' lang='lat' dir='ltr'><strong>suosque</strong></span> <span class='ocrx_word' id='word_1_24' title='bbox 1366 1018 1470 1068; x_wconf 86' lang='lat' dir='ltr'><strong>libellos</strong></span> <span class='ocrx_word' id='word_1_25' title='bbox 1482 1022 1596 1090; x_wconf 87' lang='lat' dir='ltr'><strong>quatuor</strong></span> <span class='ocrx_word' id='word_1_26' title='bbox 1609 1020 1813 1084; x_wconf 89' lang='lat' dir='ltr'><strong>Evangeliorum</strong></span> <span class='ocrx_word' id='word_1_27' title='bbox 1826 1019 1854 1069; x_wconf 93' lang='lat' dir='ltr'><strong>li-</strong></span> 
     </span>
     <span class='ocr_line' id='line_1_5' title="bbox 134 1080 1851 1145; baseline 0.001 -15"><span class='ocrx_word' id='word_1_28' title='bbox 134 1082 198 1130; x_wconf 90' lang='lat' dir='ltr'><strong>bros</strong></span> <span class='ocrx_word' id='word_1_29' title='bbox 213 1081 338 1142; x_wconf 89' lang='lat' dir='ltr'><strong>subdens,</strong></span> <span class='ocrx_word' id='word_1_30' title='bbox 353 1081 387 1130; x_wconf 90' lang='lat' dir='ltr'><strong>ad</strong></span> <span class='ocrx_word' id='word_1_31' title='bbox 401 1080 481 1130; x_wconf 87' lang='lat' dir='ltr'><strong>finem</strong></span> <span class='ocrx_word' id='word_1_32' title='bbox 495 1082 579 1130; x_wconf 89' lang='lat' dir='ltr'><strong>sancti</strong></span> <span class='ocrx_word' id='word_1_33' title='bbox 593 1082 706 1130; x_wconf 72' lang='lat' dir='ltr'><strong>amandi</strong></span> <span class='ocrx_word' id='word_1_34' title='bbox 721 1083 815 1143; x_wconf 80' lang='lat' dir='ltr'><strong>suique</strong></span> <span class='ocrx_word' id='word_1_35' title='bbox 830 1083 917 1145; x_wconf 90' lang='lat' dir='ltr'><strong>operis</strong></span> <span class='ocrx_word' id='word_1_36' title='bbox 931 1086 958 1131; x_wconf 91' lang='lat' dir='ltr'><strong>et</strong></span> <span class='ocrx_word' id='word_1_37' title='bbox 970 1095 1047 1145; x_wconf 88' lang='lat' dir='ltr'><strong>praee</strong></span> <span class='ocrx_word' id='word_1_38' title='bbox 1062 1081 1147 1130; x_wconf 89' lang='lat' dir='ltr'><strong>tendit</strong></span> <span class='ocrx_word' id='word_1_39' title='bbox 1158 1085 1184 1130; x_wconf 92' lang='lat' dir='ltr'><strong>et</strong></span> <span class='ocrx_word' id='word_1_40' title='bbox 1194 1081 1319 1130; x_wconf 87' lang='lat' dir='ltr'><strong>carmine.</strong></span> <span class='ocrx_word' id='word_1_41' title='bbox 1333 1107 1364 1117; x_wconf 91' lang='lat'>-</span> <span class='ocrx_word' id='word_1_42' title='bbox 1382 1083 1405 1130; x_wconf 78' lang='lat' dir='ltr'><strong>i.</strong></span> <span class='ocrx_word' id='word_1_43' title='bbox 1423 1080 1542 1139; x_wconf 81' lang='lat' dir='ltr'><strong>Qualiter</strong></span> <span class='ocrx_word' id='word_1_44' title='bbox 1558 1082 1722 1131; x_wconf 73' lang='lat' dir='ltr'>vasconibus</span> <span class='ocrx_word' id='word_1_45' title='bbox 1742 1084 1851 1132; x_wconf 89' lang='lat' dir='ltr'><strong>verbum</strong></span> 
     </span>
     <span class='ocr_line' id='line_1_6' title="bbox 135 1143 1854 1208; baseline 0.001 -17"><span class='ocrx_word' id='word_1_46' title='bbox 135 1143 183 1192; x_wconf 86' lang='lat' dir='ltr'><strong>Dei</strong></span> <span class='ocrx_word' id='word_1_47' title='bbox 196 1143 344 1205; x_wconf 78' lang='lat' dir='ltr'><strong>praedicans</strong></span> <span class='ocrx_word' id='word_1_48' title='bbox 357 1143 469 1192; x_wconf 89' lang='lat' dir='ltr'><strong>Sanctus</strong></span> <span class='ocrx_word' id='word_1_49' title='bbox 481 1143 604 1205; x_wconf 89' lang='lat' dir='ltr'><strong>repulsus</strong></span> <span class='ocrx_word' id='word_1_50' title='bbox 617 1145 664 1201; x_wconf 89' lang='lat' dir='ltr'><strong>sic,</strong></span> <span class='ocrx_word' id='word_1_51' title='bbox 680 1143 745 1193; x_wconf 91' lang='lat' dir='ltr'><strong>etde</strong></span> <span class='ocrx_word' id='word_1_52' title='bbox 760 1145 895 1208; x_wconf 81' lang='lat' dir='ltr'><strong>mimilogo</strong></span> <span class='ocrx_word' id='word_1_53' title='bbox 910 1145 1058 1192; x_wconf 79' lang='lat' dir='ltr'><strong>adarmone</strong></span> <span class='ocrx_word' id='word_1_54' title='bbox 1074 1146 1187 1206; x_wconf 88' lang='lat' dir='ltr'><strong>arrepto.</strong></span> <span class='ocrx_word' id='word_1_55' title='bbox 1201 1168 1231 1178; x_wconf 95' lang='lat'>-</span> <span class='ocrx_word' id='word_1_56' title='bbox 1244 1146 1267 1193; x_wconf 89' lang='lat'><strong>3.</strong></span> <span class='ocrx_word' id='word_1_57' title='bbox 1284 1143 1321 1193; x_wconf 88' lang='lat' dir='ltr'><strong>De</strong></span> <span class='ocrx_word' id='word_1_58' title='bbox 1331 1156 1402 1193; x_wconf 82' lang='lat' dir='ltr'><strong>coeco</strong></span> <span class='ocrx_word' id='word_1_59' title='bbox 1415 1155 1447 1191; x_wconf 85' lang='lat' dir='ltr'><strong>ex</strong></span> <span class='ocrx_word' id='word_1_60' title='bbox 1460 1156 1537 1206; x_wconf 85' lang='lat' dir='ltr'><strong>aqua,</strong></span> <span class='ocrx_word' id='word_1_61' title='bbox 1553 1143 1580 1191; x_wconf 93' lang='lat' dir='ltr'><strong>in</strong></span> <span class='ocrx_word' id='word_1_62' title='bbox 1589 1157 1641 1206; x_wconf 88' lang='lat' dir='ltr'><strong>qua</strong></span> <span class='ocrx_word' id='word_1_63' title='bbox 1650 1145 1691 1192; x_wconf 91' lang='lat' dir='ltr'><strong>vir</strong></span> <span class='ocrx_word' id='word_1_64' title='bbox 1700 1144 1746 1193; x_wconf 87' lang='lat' dir='ltr'><strong>Dei</strong></span> <span class='ocrx_word' id='word_1_65' title='bbox 1759 1158 1854 1193; x_wconf 90' lang='lat' dir='ltr'><strong>manus</strong></span> 
     </span>
     <span class='ocr_line' id='line_1_7' title="bbox 135 1204 1852 1314; baseline 0.001 -61"><span class='ocrx_word' id='word_1_66' title='bbox 135 1204 367 1253; x_wconf 89' lang='lat' dir='ltr'><strong>lavitilluminato.</strong></span> <span class='ocrx_word' id='word_1_67' title='bbox 376 1230 407 1240; x_wconf 91' lang='lat'>-</span> <span class='ocrx_word' id='word_1_68' title='bbox 419 1206 441 1253; x_wconf 78' lang='lat' dir='ltr'><strong>t.</strong></span> <span class='ocrx_word' id='word_1_69' title='bbox 456 1205 492 1253; x_wconf 87' lang='lat' dir='ltr'><strong>De</strong></span> <span class='ocrx_word' id='word_1_70' title='bbox 503 1205 590 1253; x_wconf 91' lang='lat' dir='ltr'><strong>reditu</strong></span> <span class='ocrx_word' id='word_1_71' title='bbox 604 1205 688 1269; x_wconf 91' lang='lat' dir='ltr'><strong>ipsius</strong></span> <span class='ocrx_word' id='word_1_72' title='bbox 702 1205 729 1254; x_wconf 94' lang='lat' dir='ltr'><strong>in</strong></span> <span class='ocrx_word' id='word_1_73' title='bbox 744 1205 840 1254; x_wconf 85' lang='lat' dir='ltr'><strong>Gallias</strong></span> <span class='ocrx_word' id='word_1_74' title='bbox 852 1212 878 1255; x_wconf 90' lang='lat' dir='ltr'><strong>et</strong></span> <span class='ocrx_word' id='word_1_75' title='bbox 888 1206 1010 1255; x_wconf 84' lang='lat' dir='ltr'><strong>coenobio</strong></span> <span class='ocrx_word' id='word_1_76' title='bbox 1023 1205 1160 1254; x_wconf 73' lang='lat' dir='ltr'><strong>mitificato.</strong></span> <span class='ocrx_word' id='word_1_77' title='bbox 1174 1230 1204 1240; x_wconf 92' lang='lat'><em>-</em></span> <span class='ocrx_word' id='word_1_78' title='bbox 1213 1208 1235 1254; x_wconf 84' lang='lat'><strong>5.</strong></span> <span class='ocrx_word' id='word_1_79' title='bbox 1251 1205 1389 1263; x_wconf 85' lang='lat' dir='ltr'><strong>Quomodo</strong></span> <span class='ocrx_word' id='word_1_80' title='bbox 1400 1218 1447 1267; x_wconf 91' lang='lat' dir='ltr'><strong>pro</strong></span> <span class='ocrx_word' id='word_1_81' title='bbox 1458 1217 1488 1252; x_wconf 90' lang='lat' dir='ltr'><strong>eo</strong></span> <span class='ocrx_word' id='word_1_82' title='bbox 1501 1205 1572 1268; x_wconf 91' lang='lat' dir='ltr'><strong>quod</strong></span> <span class='ocrx_word' id='word_1_83' title='bbox 1585 1205 1758 1314; x_wconf 63' lang='lat' dir='ltr'><strong>municissium</strong></span> <span class='ocrx_word' id='word_1_84' title='bbox 1767 1207 1852 1255; x_wconf 84' lang='lat' dir='ltr'><strong>Nauio</strong></span> 
     </span>
    </p>
   </div>
   <div class='ocr_carea' id='block_1_5' title="bbox 134 1266 1670 1331">
    <p class='ocr_par' dir='ltr' id='par_1_5' title="bbox 134 1266 1670 1331">
     <span class='ocr_line' id='line_1_8' title="bbox 134 1266 1670 1331; baseline 0 -16"><span class='ocrx_word' id='word_1_85' title='bbox 134 1281 151 1315; x_wconf 91' lang='lat' dir='ltr'><strong>a</strong></span> <span class='ocrx_word' id='word_1_86' title='bbox 165 1267 235 1329; x_wconf 85' lang='lat' dir='ltr'><strong>Rege</strong></span> <span class='ocrx_word' id='word_1_87' title='bbox 247 1267 436 1328; x_wconf 76' lang='lat' dir='ltr'><strong>impetraverit,</strong></span> <span class='ocrx_word' id='word_1_88' title='bbox 448 1267 609 1315; x_wconf 85' lang='lat' dir='ltr'><strong>Mummulus</strong></span> <span class='ocrx_word' id='word_1_89' title='bbox 624 1267 734 1316; x_wconf 86' lang='lat' dir='ltr'><strong>insidias</strong></span> <span class='ocrx_word' id='word_1_90' title='bbox 748 1267 786 1316; x_wconf 93' lang='lat' dir='ltr'><strong>illi</strong></span> <span class='ocrx_word' id='word_1_91' title='bbox 801 1267 943 1331; x_wconf 89' lang='lat' dir='ltr'><strong>paraverit.</strong></span> <span class='ocrx_word' id='word_1_92' title='bbox 959 1294 989 1302; x_wconf 98' lang='lat'><em>-</em></span> <span class='ocrx_word' id='word_1_93' title='bbox 1001 1270 1024 1317; x_wconf 84' lang='lat'><strong>6.</strong></span> <span class='ocrx_word' id='word_1_94' title='bbox 1037 1266 1176 1325; x_wconf 82' lang='lat' dir='ltr'><strong>Quomodo</strong></span> <span class='ocrx_word' id='word_1_95' title='bbox 1189 1267 1356 1316; x_wconf 83' lang='lat' dir='ltr'><strong>carnificibus</strong></span> <span class='ocrx_word' id='word_1_96' title='bbox 1368 1267 1496 1314; x_wconf 91' lang='lat' dir='ltr'><strong>divinitus</strong></span> <span class='ocrx_word' id='word_1_97' title='bbox 1509 1268 1614 1315; x_wconf 79' lang='lat' dir='ltr'><strong>caecatis</strong></span> <span class='ocrx_word' id='word_1_98' title='bbox 1629 1267 1670 1315; x_wconf 90' lang='lat' dir='ltr'><strong>vir</strong></span> 
     </span>
    </p>
   </div>
   <div class='ocr_carea' id='block_1_6' title="bbox 1703 1268 1853 1317">
    <p class='ocr_par' dir='ltr' id='par_1_6' title="bbox 1703 1268 1853 1317">
     <span class='ocr_line' id='line_1_9' title="bbox 1703 1268 1853 1317; baseline 0 -1"><span class='ocrx_word' id='word_1_99' title='bbox 1703 1268 1726 1316; x_wconf 92' lang='lat' dir='ltr'><strong>ei</strong></span> <span class='ocrx_word' id='word_1_100' title='bbox 1742 1271 1853 1317; x_wconf 85' lang='lat' dir='ltr'><strong>mertem</strong></span> 
     </span>
    </p>
   </div>
   <div class='ocr_carea' id='block_1_7' title="bbox 133 1326 1855 1577">
    <p class='ocr_par' dir='ltr' id='par_1_7' title="bbox 133 1326 1855 1577">
     <span class='ocr_line' id='line_1_10' title="bbox 133 1326 1854 1392; baseline 0.001 -15"><span class='ocrx_word' id='word_1_101' title='bbox 133 1328 255 1377; x_wconf 75' lang='lat' dir='ltr'><strong>evaserit.</strong></span> <span class='ocrx_word' id='word_1_102' title='bbox 271 1354 302 1365; x_wconf 96' lang='lat'>-</span> <span class='ocrx_word' id='word_1_103' title='bbox 316 1331 338 1377; x_wconf 84' lang='lat' dir='ltr'><strong>l.</strong></span> <span class='ocrx_word' id='word_1_104' title='bbox 353 1327 495 1377; x_wconf 82' lang='lat' dir='ltr'><strong>Conversio</strong></span> <span class='ocrx_word' id='word_1_105' title='bbox 507 1326 594 1377; x_wconf 90' lang='lat' dir='ltr'><strong>laudis</strong></span> <span class='ocrx_word' id='word_1_106' title='bbox 608 1343 654 1391; x_wconf 88' lang='lat' dir='ltr'><strong>per</strong></span> <span class='ocrx_word' id='word_1_107' title='bbox 666 1330 799 1392; x_wconf 80' lang='lat' dir='ltr'><strong>energiam</strong></span> <span class='ocrx_word' id='word_1_108' title='bbox 813 1330 846 1379; x_wconf 93' lang='lat' dir='ltr'><strong>ad</strong></span> <span class='ocrx_word' id='word_1_109' title='bbox 859 1329 994 1378; x_wconf 87' lang='lat' dir='ltr'><strong>Sanctum.</strong></span> <span class='ocrx_word' id='word_1_110' title='bbox 1007 1354 1038 1365; x_wconf 96' lang='lat'>-</span> <span class='ocrx_word' id='word_1_111' title='bbox 1048 1330 1070 1377; x_wconf 88' lang='lat'><strong>8.</strong></span> <span class='ocrx_word' id='word_1_112' title='bbox 1088 1329 1125 1378; x_wconf 86' lang='lat' dir='ltr'><strong>Da</strong></span> <span class='ocrx_word' id='word_1_113' title='bbox 1140 1328 1250 1377; x_wconf 89' lang='lat' dir='ltr'><strong>muliere</strong></span> <span class='ocrx_word' id='word_1_114' title='bbox 1265 1341 1335 1378; x_wconf 82' lang='lat' dir='ltr'><strong>caecu</strong></span> <span class='ocrx_word' id='word_1_115' title='bbox 1348 1328 1507 1378; x_wconf 85' lang='lat' dir='ltr'><strong>illuminata.</strong></span> <span class='ocrx_word' id='word_1_116' title='bbox 1523 1355 1552 1364; x_wconf 91' lang='lat'><em>-</em></span> <span class='ocrx_word' id='word_1_117' title='bbox 1566 1331 1589 1377; x_wconf 84' lang='lat'><strong>9.</strong></span> <span class='ocrx_word' id='word_1_118' title='bbox 1605 1328 1751 1391; x_wconf 74' lang='lat' dir='ltr'><strong>allegorice</strong></span> <span class='ocrx_word' id='word_1_119' title='bbox 1763 1328 1854 1378; x_wconf 88' lang='lat' dir='ltr'><strong>eadem</strong></span> 
     </span>
     <span class='ocr_line' id='line_1_11' title="bbox 134 1390 1854 1463; baseline -0.001 -24"><span class='ocrx_word' id='word_1_120' title='bbox 134 1403 177 1439; x_wconf 91' lang='lat' dir='ltr'><strong>res</strong></span> <span class='ocrx_word' id='word_1_121' title='bbox 188 1390 324 1462; x_wconf 80' lang='lat' dir='ltr'><strong>repetitur.</strong></span> <span class='ocrx_word' id='word_1_122' title='bbox 340 1415 370 1426; x_wconf 96' lang='lat'>-</span> <span class='ocrx_word' id='word_1_123' title='bbox 387 1390 426 1438; x_wconf 86' lang='lat'><strong>10.</strong></span> <span class='ocrx_word' id='word_1_124' title='bbox 443 1390 479 1438; x_wconf 89' lang='lat' dir='ltr'><strong>De</strong></span> <span class='ocrx_word' id='word_1_125' title='bbox 492 1390 622 1462; x_wconf 78' lang='lat' dir='ltr'><strong>monacbe</strong></span> <span class='ocrx_word' id='word_1_126' title='bbox 636 1405 684 1454; x_wconf 89' lang='lat' dir='ltr'><strong>pro</strong></span> <span class='ocrx_word' id='word_1_127' title='bbox 698 1391 878 1440; x_wconf 81' lang='lat' dir='ltr'><strong>inobedientia</strong></span> <span class='ocrx_word' id='word_1_128' title='bbox 891 1390 1005 1463; x_wconf 78' lang='lat' dir='ltr'><strong>paralysi</strong></span> <span class='ocrx_word' id='word_1_129' title='bbox 1023 1390 1152 1463; x_wconf 83' lang='lat' dir='ltr'><strong>dissoluto</strong></span> <span class='ocrx_word' id='word_1_130' title='bbox 1160 1395 1187 1439; x_wconf 91' lang='lat' dir='ltr'><strong>et</strong></span> <span class='ocrx_word' id='word_1_131' title='bbox 1203 1391 1283 1439; x_wconf 90' lang='lat' dir='ltr'><strong>verbe</strong></span> <span class='ocrx_word' id='word_1_132' title='bbox 1299 1391 1389 1440; x_wconf 84' lang='lat' dir='ltr'><strong>Sancti</strong></span> <span class='ocrx_word' id='word_1_133' title='bbox 1404 1394 1505 1461; x_wconf 82' lang='lat' dir='ltr'><strong>sanato.</strong></span> <span class='ocrx_word' id='word_1_134' title='bbox 1519 1416 1550 1425; x_wconf 97' lang='lat'><em>-</em></span> <span class='ocrx_word' id='word_1_135' title='bbox 1566 1390 1603 1438; x_wconf 88' lang='lat' dir='ltr'><strong>tf.</strong></span> <span class='ocrx_word' id='word_1_136' title='bbox 1620 1391 1657 1439; x_wconf 88' lang='lat' dir='ltr'><strong>De</strong></span> <span class='ocrx_word' id='word_1_137' title='bbox 1670 1391 1744 1440; x_wconf 90' lang='lat' dir='ltr'><strong>obitu</strong></span> <span class='ocrx_word' id='word_1_138' title='bbox 1758 1390 1799 1439; x_wconf 89' lang='lat' dir='ltr'><strong>vel</strong></span> <span class='ocrx_word' id='word_1_139' title='bbox 1813 1402 1854 1439; x_wconf 90' lang='lat' dir='ltr'><strong>se·</strong></span> 
     </span>
     <span class='ocr_line' id='line_1_12' title="bbox 134 1450 1855 1577; baseline 0.001 -77"><span class='ocrx_word' id='word_1_140' title='bbox 134 1451 251 1562; x_wconf 49' lang='grc' dir='ltr'><strong>8218ῑῦιέαο</strong></span> <span class='ocrx_word' id='word_1_141' title='bbox 254 1465 394 1577; x_wconf 40' lang='grc' dir='ltr'><strong>3ιὲῗοοῖ</strong></span> <span class='ocrx_word' id='word_1_142' title='bbox 403 1451 595 1577; x_wconf 50' lang='lat' dir='ltr'><strong>graffium</strong></span> <span class='ocrx_word' id='word_1_143' title='bbox 610 1456 637 1502; x_wconf 89' lang='lat' dir='ltr'><strong>et</strong></span> <span class='ocrx_word' id='word_1_144' title='bbox 653 1453 685 1502; x_wconf 93' lang='lat' dir='ltr'><strong>de</strong></span> <span class='ocrx_word' id='word_1_145' title='bbox 700 1453 847 1503; x_wconf 84' lang='lat' dir='ltr'><strong>elevatione</strong></span> <span class='ocrx_word' id='word_1_146' title='bbox 859 1466 977 1517; x_wconf 80' lang='lat' dir='ltr'><strong>corporis</strong></span> <span class='ocrx_word' id='word_1_147' title='bbox 991 1467 1083 1517; x_wconf 79' lang='lat' dir='ltr'><strong>ipsius.</strong></span> <span class='ocrx_word' id='word_1_148' title='bbox 1098 1479 1128 1488; x_wconf 88' lang='lat'>—</span> <span class='ocrx_word' id='word_1_149' title='bbox 1144 1452 1182 1501; x_wconf 85' lang='grc'><strong>13.</strong></span> <span class='ocrx_word' id='word_1_150' title='bbox 1197 1451 1285 1501; x_wconf 82' lang='lat' dir='ltr'><strong>Oratio</strong></span> <span class='ocrx_word' id='word_1_151' title='bbox 1302 1452 1419 1503; x_wconf 91' lang='lat' dir='ltr'><strong>auctoris</strong></span> <span class='ocrx_word' id='word_1_152' title='bbox 1433 1450 1513 1514; x_wconf 84' lang='lat' dir='ltr'><strong>huJua</strong></span> <span class='ocrx_word' id='word_1_153' title='bbox 1525 1453 1621 1516; x_wconf 91' lang='lat' dir='ltr'><strong>operis.</strong></span> <span class='ocrx_word' id='word_1_154' title='bbox 1637 1477 1667 1488; x_wconf 95' lang='lat'>-</span> <span class='ocrx_word' id='word_1_155' title='bbox 1679 1453 1716 1508; x_wconf 78' lang='lat' dir='ltr'><strong>ii,</strong></span> <span class='ocrx_word' id='word_1_156' title='bbox 1732 1451 1855 1501; x_wconf 85' lang='lat' dir='ltr'><strong>Clausala</strong></span> 
     </span>
    </p>
   </div>
   <div class='ocr_carea' id='block_1_8' title="bbox 387 1645 666 1701">
    <p class='ocr_par' dir='ltr' id='par_1_8' title="bbox 387 1645 666 1701">
     <span class='ocr_line' id='line_1_13' title="bbox 387 1645 666 1701; baseline 0 -1"><span class='ocrx_word' id='word_1_157' title='bbox 387 1645 500 1700; x_wconf 78' lang='lat' dir='ltr'><strong>CAPUT</strong></span> <span class='ocrx_word' id='word_1_158' title='bbox 519 1645 666 1701; x_wconf 68' lang='lat' dir='ltr'><strong>tutudit.</strong></span> 
     </span>
    </p>
   </div>
   <div class='ocr_carea' id='block_1_9' title="bbox 147 1787 909 1845">
    <p class='ocr_par' dir='ltr' id='par_1_9' title="bbox 147 1787 909 1845">
     <span class='ocr_line' id='line_1_14' title="bbox 147 1787 909 1845; baseline 0 -2"><span class='ocrx_word' id='word_1_159' title='bbox 147 1789 279 1844; x_wconf 79' lang='lat' dir='ltr'><strong>Vascones</strong></span> <span class='ocrx_word' id='word_1_160' title='bbox 292 1802 309 1842; x_wconf 86' lang='lat' dir='ltr'><strong>a</strong></span> <span class='ocrx_word' id='word_1_161' title='bbox 323 1787 352 1842; x_wconf 92' lang='lat' dir='ltr'><strong>S.</strong></span> <span class='ocrx_word' id='word_1_162' title='bbox 369 1787 498 1842; x_wconf 83' lang='lat' dir='ltr'><strong>Amouda</strong></span> <span class='ocrx_word' id='word_1_163' title='bbox 512 1787 608 1842; x_wconf 85' lang='lat' dir='ltr'><strong>edocti.</strong></span> <span class='ocrx_word' id='word_1_164' title='bbox 626 1789 715 1845; x_wconf 78' lang='lat' dir='ltr'><strong>Cacus</strong></span> <span class='ocrx_word' id='word_1_165' title='bbox 727 1789 909 1845; x_wconf 82' lang='lat' dir='ltr'><strong>illuminatus.</strong></span> 
     </span>
    </p>
   </div>
   <div class='ocr_carea' id='block_1_10' title="bbox 103 1910 953 4181">
    <p class='ocr_par' dir='ltr' id='par_1_10' title="bbox 103 1910 950 2247">
     <span class='ocr_line' id='line_1_15' title="bbox 141 1910 847 1969; baseline 0.001 -3"><span class='ocrx_word' id='word_1_166' title='bbox 141 1915 167 1966; x_wconf 90' lang='lat' dir='ltr'><strong>l.</strong></span> <span class='ocrx_word' id='word_1_167' title='bbox 183 1911 326 1966; x_wconf 86' lang='lat' dir='ltr'><strong>Hactenus</strong></span> <span class='ocrx_word' id='word_1_168' title='bbox 341 1910 461 1966; x_wconf 89' lang='lat' dir='ltr'><strong>eximios</strong></span> <span class='ocrx_word' id='word_1_169' title='bbox 474 1911 570 1967; x_wconf 87' lang='lat' dir='ltr'><strong>Sancti</strong></span> <span class='ocrx_word' id='word_1_170' title='bbox 581 1917 710 1967; x_wconf 88' lang='lat' dir='ltr'><strong>versatus</strong></span> <span class='ocrx_word' id='word_1_171' title='bbox 722 1911 752 1966; x_wconf 90' lang='lat' dir='ltr'><strong>in</strong></span> <span class='ocrx_word' id='word_1_172' title='bbox 768 1916 847 1969; x_wconf 88' lang='lat' dir='ltr'><strong>actus</strong></span> 
     </span>
     <span class='ocr_line' id='line_1_16' title="bbox 103 1999 950 2074; baseline 0.002 -19"><span class='ocrx_word' id='word_1_173' title='bbox 103 1999 249 2066; x_wconf 82' lang='lat' dir='ltr'><strong>Praesuiis,</strong></span> <span class='ocrx_word' id='word_1_174' title='bbox 271 2003 300 2053; x_wconf 90' lang='lat' dir='ltr'><strong>et</strong></span> <span class='ocrx_word' id='word_1_175' title='bbox 318 2015 484 2071; x_wconf 87' lang='lat' dir='ltr'><strong>quanquam</strong></span> <span class='ocrx_word' id='word_1_176' title='bbox 504 2000 577 2071; x_wconf 90' lang='lat' dir='ltr'><strong>pede</strong></span> <span class='ocrx_word' id='word_1_177' title='bbox 597 2001 710 2066; x_wconf 88' lang='lat' dir='ltr'><strong>claudo,</strong></span> <span class='ocrx_word' id='word_1_178' title='bbox 731 2017 847 2057; x_wconf 89' lang='lat' dir='ltr'><strong>currere</strong></span> <span class='ocrx_word' id='word_1_179' title='bbox 862 2002 950 2074; x_wconf 90' lang='lat' dir='ltr'><strong>quivi.</strong></span> 
     </span>
     <span class='ocr_line' id='line_1_17' title="bbox 103 2087 899 2157; baseline 0 -13"><span class='ocrx_word' id='word_1_180' title='bbox 103 2087 158 2144; x_wconf 87' lang='lat' dir='ltr'><strong>Sed</strong></span> <span class='ocrx_word' id='word_1_181' title='bbox 174 2102 250 2142; x_wconf 89' lang='lat' dir='ltr'><strong>nunc</strong></span> <span class='ocrx_word' id='word_1_182' title='bbox 261 2103 307 2142; x_wconf 89' lang='lat' dir='ltr'><strong>res</strong></span> <span class='ocrx_word' id='word_1_183' title='bbox 323 2087 477 2142; x_wconf 91' lang='lat' dir='ltr'><strong>metuenda</strong></span> <span class='ocrx_word' id='word_1_184' title='bbox 491 2088 577 2141; x_wconf 92' lang='lat' dir='ltr'><strong>nimis</strong></span> <span class='ocrx_word' id='word_1_185' title='bbox 592 2089 750 2157; x_wconf 88' lang='lat' dir='ltr'><strong>tractanda,</strong></span> <span class='ocrx_word' id='word_1_186' title='bbox 766 2105 818 2143; x_wconf 89' lang='lat' dir='ltr'><strong>nec</strong></span> <span class='ocrx_word' id='word_1_187' title='bbox 834 2090 899 2145; x_wconf 88' lang='lat' dir='ltr'><strong>ullis</strong></span> 
     </span>
     <span class='ocr_line' id='line_1_18' title="bbox 105 2175 897 2247; baseline 0.004 -18"><span class='ocrx_word' id='word_1_188' title='bbox 105 2175 220 2231; x_wconf 83' lang='lat' dir='ltr'><strong>Viribus</strong></span> <span class='ocrx_word' id='word_1_189' title='bbox 234 2175 369 2231; x_wconf 89' lang='lat' dir='ltr'><strong>evolitare</strong></span> <span class='ocrx_word' id='word_1_190' title='bbox 381 2175 458 2243; x_wconf 86' lang='lat' dir='ltr'><strong>facit,</strong></span> <span class='ocrx_word' id='word_1_191' title='bbox 472 2192 558 2247; x_wconf 91' lang='lat' dir='ltr'><strong>super</strong></span> <span class='ocrx_word' id='word_1_192' title='bbox 571 2181 647 2230; x_wconf 90' lang='lat' dir='ltr'><strong>astru</strong></span> <span class='ocrx_word' id='word_1_193' title='bbox 661 2177 819 2247; x_wconf 90' lang='lat' dir='ltr'><strong>petendum</strong></span> <span class='ocrx_word' id='word_1_194' title='bbox 835 2181 897 2233; x_wconf 87' lang='lat' dir='ltr'><strong>est:</strong></span> 
     </span>
    </p>

    <p class='ocr_par' dir='ltr' id='par_1_11' title="bbox 103 2264 879 2424">
     <span class='ocr_line' id='line_1_19' title="bbox 104 2264 879 2336; baseline 0 -16"><span class='ocrx_word' id='word_1_195' title='bbox 104 2265 140 2320; x_wconf 90' lang='lat' dir='ltr'><strong>Ut</strong></span> <span class='ocrx_word' id='word_1_196' title='bbox 154 2279 286 2319; x_wconf 85' lang='lat' dir='ltr'><strong>sermone</strong></span> <span class='ocrx_word' id='word_1_197' title='bbox 302 2279 415 2335; x_wconf 90' lang='lat' dir='ltr'><strong>sequar,</strong></span> <span class='ocrx_word' id='word_1_198' title='bbox 431 2280 489 2335; x_wconf 90' lang='lat' dir='ltr'><strong>quo</strong></span> <span class='ocrx_word' id='word_1_199' title='bbox 502 2280 560 2319; x_wconf 91' lang='lat' dir='ltr'><strong>non</strong></span> <span class='ocrx_word' id='word_1_200' title='bbox 573 2264 638 2319; x_wconf 89' lang='lat' dir='ltr'><strong>licet</strong></span> <span class='ocrx_word' id='word_1_201' title='bbox 653 2264 695 2319; x_wconf 87' lang='lat' dir='ltr'><strong>ire</strong></span> <span class='ocrx_word' id='word_1_202' title='bbox 709 2265 879 2336; x_wconf 88' lang='lat' dir='ltr'><strong>pedestrem.</strong></span> 
     </span>
     <span class='ocr_line' id='line_1_20' title="bbox 103 2351 834 2424; baseline 0 -17"><span class='ocrx_word' id='word_1_203' title='bbox 103 2353 193 2408; x_wconf 88' lang='lat' dir='ltr'><strong>Primi</strong></span> <span class='ocrx_word' id='word_1_204' title='bbox 207 2368 333 2423; x_wconf 90' lang='lat' dir='ltr'><strong>namque</strong></span> <span class='ocrx_word' id='word_1_205' title='bbox 349 2351 405 2406; x_wconf 89' lang='lat' dir='ltr'><strong>mei</strong></span> <span class='ocrx_word' id='word_1_206' title='bbox 420 2356 577 2423; x_wconf 88' lang='lat' dir='ltr'><strong>properant</strong></span> <span class='ocrx_word' id='word_1_207' title='bbox 591 2354 644 2407; x_wconf 88' lang='lat' dir='ltr'><strong>bac</strong></span> <span class='ocrx_word' id='word_1_208' title='bbox 656 2353 719 2424; x_wconf 90' lang='lat' dir='ltr'><strong>lege</strong></span> <span class='ocrx_word' id='word_1_209' title='bbox 735 2353 834 2421; x_wconf 92' lang='lat' dir='ltr'><strong>libelli,</strong></span> 
     </span>
    </p>

    <p class='ocr_par' dir='ltr' id='par_1_12' title="bbox 103 2441 953 2689">
     <span class='ocr_line' id='line_1_21' title="bbox 103 2441 833 2497; baseline -0.001 0"><span class='ocrx_word' id='word_1_210' title='bbox 103 2442 140 2497; x_wconf 91' lang='lat' dir='ltr'><strong>Ut</strong></span> <span class='ocrx_word' id='word_1_211' title='bbox 154 2441 235 2496; x_wconf 89' lang='lat' dir='ltr'><strong>labor</strong></span> <span class='ocrx_word' id='word_1_212' title='bbox 249 2441 422 2496; x_wconf 89' lang='lat' dir='ltr'><strong>etmeritum</strong></span> <span class='ocrx_word' id='word_1_213' title='bbox 438 2441 528 2496; x_wconf 91' lang='lat' dir='ltr'><strong>sancti</strong></span> <span class='ocrx_word' id='word_1_214' title='bbox 543 2446 676 2496; x_wconf 88' lang='lat' dir='ltr'><strong>noscatur</strong></span> <span class='ocrx_word' id='word_1_215' title='bbox 691 2441 833 2496; x_wconf 70' lang='lat' dir='ltr'><strong>amandi:</strong></span> 
     </span>
     <span class='ocr_line' id='line_1_22' title="bbox 104 2529 953 2601; baseline 0 -17"><span class='ocrx_word' id='word_1_216' title='bbox 104 2529 422 2595; x_wconf 86' lang='lat' dir='ltr'><strong>Quartoshicestnunc,</strong></span> <span class='ocrx_word' id='word_1_217' title='bbox 430 2531 516 2601; x_wconf 90' lang='lat' dir='ltr'><strong>quiin</strong></span> <span class='ocrx_word' id='word_1_218' title='bbox 524 2529 953 2599; x_wconf 76' lang='lat' dir='ltr'><strong>manibuscudendushabetur3</strong></span> 
     </span>
     <span class='ocr_line' id='line_1_23' title="bbox 104 2616 703 2689; baseline 0.002 -17"><span class='ocrx_word' id='word_1_219' title='bbox 104 2617 167 2683; x_wconf 86' lang='lat' dir='ltr'><strong>Quo</strong></span> <span class='ocrx_word' id='word_1_220' title='bbox 183 2617 342 2686; x_wconf 78' lang='lat' dir='ltr'><strong>Evangeliis</strong></span> <span class='ocrx_word' id='word_1_221' title='bbox 357 2616 464 2688; x_wconf 85' lang='lat' dir='ltr'><strong>subjeci</strong></span> <span class='ocrx_word' id='word_1_222' title='bbox 479 2617 533 2672; x_wconf 90' lang='lat' dir='ltr'><strong>rite</strong></span> <span class='ocrx_word' id='word_1_223' title='bbox 547 2618 703 2689; x_wconf 84' lang='lat' dir='ltr'><strong>quaternis.</strong></span> 
     </span>
    </p>

    <p class='ocr_par' dir='ltr' id='par_1_13' title="bbox 104 2705 753 2777">
     <span class='ocr_line' id='line_1_24' title="bbox 104 2705 753 2777; baseline -0.002 -16"><span class='ocrx_word' id='word_1_224' title='bbox 104 2707 245 2762; x_wconf 86' lang='lat' dir='ltr'><strong>lfattlreus</strong></span> <span class='ocrx_word' id='word_1_225' title='bbox 256 2705 357 2761; x_wconf 84' lang='lat' dir='ltr'><strong>alludit</strong></span> <span class='ocrx_word' id='word_1_226' title='bbox 371 2707 492 2761; x_wconf 90' lang='lat' dir='ltr'><strong>donatus</strong></span> <span class='ocrx_word' id='word_1_227' title='bbox 507 2721 627 2761; x_wconf 89' lang='lat' dir='ltr'><strong>munere</strong></span> <span class='ocrx_word' id='word_1_228' title='bbox 641 2707 753 2777; x_wconf 90' lang='lat' dir='ltr'><strong>primus</strong></span> 
     </span>
    </p>

    <p class='ocr_par' dir='ltr' id='par_1_14' title="bbox 105 2794 839 2866">
     <span class='ocr_line' id='line_1_25' title="bbox 105 2794 839 2866; baseline 0 -17"><span class='ocrx_word' id='word_1_229' title='bbox 105 2795 198 2850; x_wconf 89' lang='lat' dir='ltr'><strong>Carne</strong></span> <span class='ocrx_word' id='word_1_230' title='bbox 214 2795 305 2848; x_wconf 86' lang='lat' dir='ltr'><strong>Deum</strong></span> <span class='ocrx_word' id='word_1_231' title='bbox 319 2798 431 2858; x_wconf 90' lang='lat' dir='ltr'><strong>natum,</strong></span> <span class='ocrx_word' id='word_1_232' title='bbox 446 2794 497 2866; x_wconf 93' lang='lat' dir='ltr'><strong>qui</strong></span> <span class='ocrx_word' id='word_1_233' title='bbox 510 2794 636 2866; x_wconf 84' lang='lat' dir='ltr'><strong>Virginis</strong></span> <span class='ocrx_word' id='word_1_234' title='bbox 650 2795 739 2850; x_wconf 89' lang='lat' dir='ltr'><strong>ubera</strong></span> <span class='ocrx_word' id='word_1_235' title='bbox 754 2795 839 2849; x_wconf 88' lang='lat' dir='ltr'><strong>suxit.</strong></span> 
     </span>
    </p>

    <p class='ocr_par' dir='ltr' id='par_1_15' title="bbox 105 2882 952 3218">
     <span class='ocr_line' id='line_1_26' title="bbox 106 2882 952 2954; baseline -0.004 -15"><span class='ocrx_word' id='word_1_236' title='bbox 106 2882 158 2940; x_wconf 88' lang='lat' dir='ltr'><strong>llic</strong></span> <span class='ocrx_word' id='word_1_237' title='bbox 173 2898 289 2954; x_wconf 90' lang='lat' dir='ltr'><strong>qnoque</strong></span> <span class='ocrx_word' id='word_1_238' title='bbox 308 2882 377 2938; x_wconf 91' lang='lat' dir='ltr'><strong>dum</strong></span> <span class='ocrx_word' id='word_1_239' title='bbox 395 2887 498 2937; x_wconf 80' lang='lat' dir='ltr'><strong>nostrae</strong></span> <span class='ocrx_word' id='word_1_240' title='bbox 518 2888 650 2954; x_wconf 88' lang='lat' dir='ltr'><strong>penetrat</strong></span> <span class='ocrx_word' id='word_1_241' title='bbox 664 2883 823 2954; x_wconf 79' lang='lat' dir='ltr'><strong>praecordia</strong></span> <span class='ocrx_word' id='word_1_242' title='bbox 838 2883 952 2952; x_wconf 91' lang='lat' dir='ltr'><strong>mentis,</strong></span> 
     </span>
     <span class='ocr_line' id='line_1_27' title="bbox 107 2968 932 3043; baseline 0 -18"><span class='ocrx_word' id='word_1_243' title='bbox 107 2968 226 3041; x_wconf 83' lang='lat' dir='ltr'><strong>Scripsit</strong></span> <span class='ocrx_word' id='word_1_244' title='bbox 238 2970 386 3026; x_wconf 91' lang='lat' dir='ltr'><strong>hominem</strong></span> <span class='ocrx_word' id='word_1_245' title='bbox 400 2970 540 3041; x_wconf 90' lang='lat' dir='ltr'><strong>genitum,</strong></span> <span class='ocrx_word' id='word_1_246' title='bbox 555 2972 605 3043; x_wconf 92' lang='lat' dir='ltr'><strong>qui</strong></span> <span class='ocrx_word' id='word_1_247' title='bbox 620 2972 720 3027; x_wconf 88' lang='lat' dir='ltr'><strong>matris</strong></span> <span class='ocrx_word' id='word_1_248' title='bbox 736 2972 824 3027; x_wconf 87' lang='lat' dir='ltr'><strong>ubera</strong></span> <span class='ocrx_word' id='word_1_249' title='bbox 840 2972 932 3039; x_wconf 83' lang='lat' dir='ltr'><strong>linxit,</strong></span> 
     </span>
     <span class='ocr_line' id='line_1_28' title="bbox 106 3058 951 3128; baseline 0 -15"><span class='ocrx_word' id='word_1_250' title='bbox 106 3058 279 3125; x_wconf 77' lang='lat' dir='ltr'><strong>Perfectum,</strong></span> <span class='ocrx_word' id='word_1_251' title='bbox 296 3073 413 3128; x_wconf 88' lang='lat' dir='ltr'><strong>purum,</strong></span> <span class='ocrx_word' id='word_1_252' title='bbox 431 3058 553 3128; x_wconf 85' lang='lat' dir='ltr'><strong>justum,</strong></span> <span class='ocrx_word' id='word_1_253' title='bbox 575 3058 706 3128; x_wconf 90' lang='lat' dir='ltr'><strong>dignum,</strong></span> <span class='ocrx_word' id='word_1_254' title='bbox 724 3058 951 3114; x_wconf 88' lang='lat' dir='ltr'><strong>immaculatum.</strong></span> 
     </span>
     <span class='ocr_line' id='line_1_29' title="bbox 105 3145 811 3218; baseline -0.001 -17"><span class='ocrx_word' id='word_1_255' title='bbox 105 3147 300 3218; x_wconf 87' lang='lat' dir='ltr'><strong>Excelsnsque</strong></span> <span class='ocrx_word' id='word_1_256' title='bbox 310 3145 414 3200; x_wconf 87' lang='lat' dir='ltr'><strong>dehine</strong></span> <span class='ocrx_word' id='word_1_257' title='bbox 428 3146 558 3201; x_wconf 91' lang='lat' dir='ltr'><strong>mandati</strong></span> <span class='ocrx_word' id='word_1_258' title='bbox 572 3146 678 3201; x_wconf 88' lang='lat' dir='ltr'><strong>famine</strong></span> <span class='ocrx_word' id='word_1_259' title='bbox 692 3147 811 3213; x_wconf 79' lang='lat' dir='ltr'><strong>Marcus,</strong></span> 
     </span>
    </p>

    <p class='ocr_par' dir='ltr' id='par_1_16' title="bbox 104 3234 791 3305">
     <span class='ocr_line' id='line_1_30' title="bbox 104 3234 791 3305; baseline -0.003 -14"><span class='ocrx_word' id='word_1_260' title='bbox 104 3237 166 3291; x_wconf 86' lang='lat' dir='ltr'><strong>Vox</strong></span> <span class='ocrx_word' id='word_1_261' title='bbox 180 3235 341 3301; x_wconf 89' lang='lat' dir='ltr'><strong>clamantis,</strong></span> <span class='ocrx_word' id='word_1_262' title='bbox 361 3234 410 3300; x_wconf 90' lang='lat' dir='ltr'><strong>ait,</strong></span> <span class='ocrx_word' id='word_1_263' title='bbox 426 3234 539 3289; x_wconf 90' lang='lat' dir='ltr'><strong>deserta</strong></span> <span class='ocrx_word' id='word_1_264' title='bbox 553 3250 606 3305; x_wconf 91' lang='lat' dir='ltr'><strong>per</strong></span> <span class='ocrx_word' id='word_1_265' title='bbox 620 3250 688 3289; x_wconf 90' lang='lat' dir='ltr'><strong>arva</strong></span> <span class='ocrx_word' id='word_1_266' title='bbox 700 3235 791 3289; x_wconf 85' lang='lat' dir='ltr'><strong>leonis</strong></span> 
     </span>
    </p>

    <p class='ocr_par' dir='ltr' id='par_1_17' title="bbox 104 3322 953 3744">
     <span class='ocr_line' id='line_1_31' title="bbox 104 3322 853 3394; baseline -0.001 -15"><span class='ocrx_word' id='word_1_267' title='bbox 104 3323 248 3389; x_wconf 77' lang='lat' dir='ltr'><strong>Incendit,</strong></span> <span class='ocrx_word' id='word_1_268' title='bbox 264 3323 360 3394; x_wconf 91' lang='lat' dir='ltr'><strong>quiin</strong></span> <span class='ocrx_word' id='word_1_269' title='bbox 374 3326 467 3377; x_wconf 89' lang='lat' dir='ltr'><strong>morta</strong></span> <span class='ocrx_word' id='word_1_270' title='bbox 482 3322 572 3377; x_wconf 92' lang='lat' dir='ltr'><strong>oculis</strong></span> <span class='ocrx_word' id='word_1_271' title='bbox 588 3323 724 3377; x_wconf 81' lang='lat' dir='ltr'><strong>dormivit</strong></span> <span class='ocrx_word' id='word_1_272' title='bbox 738 3323 853 3393; x_wconf 88' lang='lat' dir='ltr'><strong>apertis.</strong></span> 
     </span>
     <span class='ocr_line' id='line_1_32' title="bbox 106 3410 953 3484; baseline -0.006 -15"><span class='ocrx_word' id='word_1_273' title='bbox 106 3415 246 3484; x_wconf 78' lang='lat' dir='ltr'><strong>fluusque</strong></span> <span class='ocrx_word' id='word_1_274' title='bbox 259 3427 392 3483; x_wconf 89' lang='lat' dir='ltr'><strong>sequens,</strong></span> <span class='ocrx_word' id='word_1_275' title='bbox 409 3415 550 3483; x_wconf 88' lang='lat' dir='ltr'><strong>quantum</strong></span> <span class='ocrx_word' id='word_1_276' title='bbox 567 3412 653 3478; x_wconf 88' lang='lat' dir='ltr'><strong>valui,</strong></span> <span class='ocrx_word' id='word_1_277' title='bbox 674 3411 726 3467; x_wconf 91' lang='lat' dir='ltr'><strong>suh</strong></span> <span class='ocrx_word' id='word_1_278' title='bbox 738 3412 866 3466; x_wconf 86' lang='lat' dir='ltr'><strong>carmine</strong></span> <span class='ocrx_word' id='word_1_279' title='bbox 883 3410 953 3478; x_wconf 85' lang='lat' dir='ltr'><strong>dixi,</strong></span> 
     </span>
     <span class='ocr_line' id='line_1_33' title="bbox 104 3498 953 3570; baseline -0.001 -15"><span class='ocrx_word' id='word_1_280' title='bbox 104 3500 305 3567; x_wconf 84' lang='lat' dir='ltr'><strong>Quadrifidum</strong></span> <span class='ocrx_word' id='word_1_281' title='bbox 324 3500 444 3555; x_wconf 84' lang='lat' dir='ltr'><strong>verbum</strong></span> <span class='ocrx_word' id='word_1_282' title='bbox 464 3504 595 3554; x_wconf 89' lang='lat' dir='ltr'><strong>sanctum</strong></span> <span class='ocrx_word' id='word_1_283' title='bbox 615 3500 751 3570; x_wconf 86' lang='lat' dir='ltr'><strong>sparsisse</strong></span> <span class='ocrx_word' id='word_1_284' title='bbox 770 3516 823 3570; x_wconf 92' lang='lat' dir='ltr'><strong>per</strong></span> <span class='ocrx_word' id='word_1_285' title='bbox 842 3498 953 3554; x_wconf 89' lang='lat' dir='ltr'><strong>orbem.</strong></span> 
     </span>
     <span class='ocr_line' id='line_1_34' title="bbox 106 3587 901 3660; baseline -0.005 -14"><span class='ocrx_word' id='word_1_286' title='bbox 106 3592 347 3660; x_wconf 77' lang='lat' dir='ltr'><strong>consurgensque</strong></span> <span class='ocrx_word' id='word_1_287' title='bbox 360 3587 463 3643; x_wconf 90' lang='lat' dir='ltr'><strong>dehinc</strong></span> <span class='ocrx_word' id='word_1_288' title='bbox 478 3588 553 3659; x_wconf 91' lang='lat' dir='ltr'><strong>quod</strong></span> <span class='ocrx_word' id='word_1_289' title='bbox 571 3587 665 3659; x_wconf 92' lang='lat' dir='ltr'><strong>signat</strong></span> <span class='ocrx_word' id='word_1_290' title='bbox 680 3588 798 3645; x_wconf 90' lang='lat' dir='ltr'><strong>nomine</strong></span> <span class='ocrx_word' id='word_1_291' title='bbox 814 3590 901 3644; x_wconf 89' lang='lat' dir='ltr'><strong>Lucas</strong></span> 
     </span>
     <span class='ocr_line' id='line_1_35' title="bbox 105 3672 794 3744; baseline 0 -15"><span class='ocrx_word' id='word_1_292' title='bbox 105 3675 174 3729; x_wconf 88' lang='lat' dir='ltr'><strong>iura</strong></span> <span class='ocrx_word' id='word_1_293' title='bbox 190 3673 341 3728; x_wconf 89' lang='lat' dir='ltr'><strong>sacerdotii</strong></span> <span class='ocrx_word' id='word_1_294' title='bbox 354 3673 456 3728; x_wconf 89' lang='lat' dir='ltr'><strong>veteris</strong></span> <span class='ocrx_word' id='word_1_295' title='bbox 471 3672 655 3728; x_wconf 88' lang='lat' dir='ltr'><strong>sermonibus</strong></span> <span class='ocrx_word' id='word_1_296' title='bbox 668 3687 681 3717; x_wconf 78' lang='lat' dir='ltr'><strong>a</strong></span> <span class='ocrx_word' id='word_1_297' title='bbox 695 3674 794 3744; x_wconf 84' lang='lat' dir='ltr'><strong>infert,</strong></span> 
     </span>
    </p>

    <p class='ocr_par' dir='ltr' id='par_1_18' title="bbox 106 3759 881 4093">
     <span class='ocr_line' id='line_1_36' title="bbox 107 3759 881 3826; baseline 0 -10"><span class='ocrx_word' id='word_1_298' title='bbox 107 3761 169 3826; x_wconf 83' lang='lat' dir='ltr'><strong>Quo</strong></span> <span class='ocrx_word' id='word_1_299' title='bbox 183 3760 284 3826; x_wconf 91' lang='lat' dir='ltr'><strong>crucis,</strong></span> <span class='ocrx_word' id='word_1_300' title='bbox 301 3764 333 3815; x_wconf 89' lang='lat' dir='ltr'><strong>ut</strong></span> <span class='ocrx_word' id='word_1_301' title='bbox 347 3759 461 3826; x_wconf 90' lang='lat' dir='ltr'><strong>vitulus,</strong></span> <span class='ocrx_word' id='word_1_302' title='bbox 478 3760 607 3815; x_wconf 84' lang='lat' dir='ltr'><strong>Christus</strong></span> <span class='ocrx_word' id='word_1_303' title='bbox 622 3766 763 3816; x_wconf 89' lang='lat' dir='ltr'><strong>mactatur</strong></span> <span class='ocrx_word' id='word_1_304' title='bbox 776 3762 808 3815; x_wconf 90' lang='lat' dir='ltr'><strong>in</strong></span> <span class='ocrx_word' id='word_1_305' title='bbox 823 3776 881 3816; x_wconf 87' lang='lat' dir='ltr'><strong>ara.</strong></span> 
     </span>
     <span class='ocr_line' id='line_1_37' title="bbox 106 3845 771 3918; baseline -0.002 -16"><span class='ocrx_word' id='word_1_306' title='bbox 106 3848 168 3913; x_wconf 84' lang='lat' dir='ltr'><strong>Quo</strong></span> <span class='ocrx_word' id='word_1_307' title='bbox 184 3847 268 3916; x_wconf 88' lang='lat' dir='ltr'><strong>lecto,</strong></span> <span class='ocrx_word' id='word_1_308' title='bbox 283 3845 380 3901; x_wconf 91' lang='lat' dir='ltr'><strong>sedem</strong></span> <span class='ocrx_word' id='word_1_309' title='bbox 394 3846 551 3901; x_wconf 88' lang='lat' dir='ltr'><strong>monstravi</strong></span> <span class='ocrx_word' id='word_1_310' title='bbox 565 3846 771 3918; x_wconf 86' lang='lat' dir='ltr'><strong>pontificalem,</strong></span> 
     </span>
     <span class='ocr_line' id='line_1_38' title="bbox 107 3932 820 4005; baseline -0.001 -14"><span class='ocrx_word' id='word_1_311' title='bbox 107 3934 314 3992; x_wconf 89' lang='lat' dir='ltr'><strong>Conscendisse</strong></span> <span class='ocrx_word' id='word_1_312' title='bbox 327 3933 431 4001; x_wconf 88' lang='lat' dir='ltr'><strong>virum,</strong></span> <span class='ocrx_word' id='word_1_313' title='bbox 445 3932 539 3988; x_wconf 90' lang='lat' dir='ltr'><strong>fuerat</strong></span> <span class='ocrx_word' id='word_1_314' title='bbox 554 3933 605 4005; x_wconf 93' lang='lat' dir='ltr'><strong>qui</strong></span> <span class='ocrx_word' id='word_1_315' title='bbox 620 3934 734 3989; x_wconf 88' lang='lat' dir='ltr'><strong>victima</strong></span> <span class='ocrx_word' id='word_1_316' title='bbox 748 3934 820 3991; x_wconf 89' lang='lat' dir='ltr'><strong>viva.</strong></span> 
     </span>
     <span class='ocr_line' id='line_1_39' title="bbox 108 4021 824 4093; baseline -0.001 -15"><span class='ocrx_word' id='word_1_317' title='bbox 108 4023 245 4078; x_wconf 89' lang='lat' dir='ltr'><strong>Flaminis</strong></span> <span class='ocrx_word' id='word_1_318' title='bbox 260 4027 289 4076; x_wconf 86' lang='lat' dir='ltr'><strong>et</strong></span> <span class='ocrx_word' id='word_1_319' title='bbox 301 4022 373 4076; x_wconf 90' lang='lat' dir='ltr'><strong>sacri</strong></span> <span class='ocrx_word' id='word_1_320' title='bbox 386 4021 454 4093; x_wconf 88' lang='lat' dir='ltr'><strong>quia</strong></span> <span class='ocrx_word' id='word_1_321' title='bbox 467 4022 560 4092; x_wconf 90' lang='lat' dir='ltr'><strong>gratia</strong></span> <span class='ocrx_word' id='word_1_322' title='bbox 574 4022 638 4076; x_wconf 89' lang='lat' dir='ltr'><strong>fusa</strong></span> <span class='ocrx_word' id='word_1_323' title='bbox 651 4025 664 4079; x_wconf 89' lang='lat' dir='ltr'>J</span> <span class='ocrx_word' id='word_1_324' title='bbox 668 4022 757 4078; x_wconf 89' lang='lat' dir='ltr'><strong>oanni</strong></span> <span class='ocrx_word' id='word_1_325' title='bbox 772 4029 824 4092; x_wconf 89' lang='lat' dir='ltr'><strong>est,</strong></span> 
     </span>
    </p>

    <p class='ocr_par' dir='ltr' id='par_1_19' title="bbox 109 4109 833 4181">
     <span class='ocr_line' id='line_1_40' title="bbox 109 4109 833 4181; baseline 0.001 -15"><span class='ocrx_word' id='word_1_326' title='bbox 109 4111 206 4166; x_wconf 82' lang='lat' dir='ltr'><strong>Evolat</strong></span> <span class='ocrx_word' id='word_1_327' title='bbox 217 4114 251 4166; x_wconf 89' lang='lat' dir='ltr'><strong>ut</strong></span> <span class='ocrx_word' id='word_1_328' title='bbox 265 4110 368 4181; x_wconf 87' lang='lat' dir='ltr'><strong>pennis</strong></span> <span class='ocrx_word' id='word_1_329' title='bbox 383 4109 487 4181; x_wconf 86' lang='lat' dir='ltr'><strong>aquilae</strong></span> <span class='ocrx_word' id='word_1_330' title='bbox 501 4127 588 4181; x_wconf 89' lang='lat' dir='ltr'><strong>super</strong></span> <span class='ocrx_word' id='word_1_331' title='bbox 602 4112 711 4166; x_wconf 82' lang='lat' dir='ltr'><strong>aethera</strong></span> <span class='ocrx_word' id='word_1_332' title='bbox 726 4117 833 4181; x_wconf 88' lang='lat' dir='ltr'><strong>vectus,</strong></span> 
     </span>
    </p>
   </div>
   <div class='ocr_carea' id='block_1_11' title="bbox 968 1644 1854 1716">
    <p class='ocr_par' dir='ltr' id='par_1_20' title="bbox 968 1644 1854 1716">
     <span class='ocr_line' id='line_1_41' title="bbox 968 1644 1854 1716; baseline -0.005 -15"><span class='ocrx_word' id='word_1_333' title='bbox 968 1645 992 1701; x_wconf 75' lang='grc' dir='ltr'><strong>Δ</strong></span> <span class='ocrx_word' id='word_1_334' title='bbox 1039 1647 1065 1699; x_wconf 82' lang='grc'><strong>2.</strong></span> <span class='ocrx_word' id='word_1_335' title='bbox 1082 1645 1142 1712; x_wconf 89' lang='lat' dir='ltr'><strong>Eia,</strong></span> <span class='ocrx_word' id='word_1_336' title='bbox 1164 1660 1227 1716; x_wconf 89' lang='lat' dir='ltr'><strong>age,</strong></span> <span class='ocrx_word' id='word_1_337' title='bbox 1246 1644 1406 1714; x_wconf 84' lang='lat' dir='ltr'><strong>vaccejam</strong></span> <span class='ocrx_word' id='word_1_338' title='bbox 1420 1646 1486 1713; x_wconf 90' lang='lat' dir='ltr'><strong>late,</strong></span> <span class='ocrx_word' id='word_1_339' title='bbox 1503 1660 1568 1699; x_wconf 89' lang='lat' dir='ltr'><strong>mea</strong></span> <span class='ocrx_word' id='word_1_340' title='bbox 1583 1645 1671 1708; x_wconf 76' lang='lat' dir='ltr'><strong>Musa,</strong></span> <span class='ocrx_word' id='word_1_341' title='bbox 1687 1646 1854 1714; x_wconf 87' lang='lat' dir='ltr'><strong>vagantem,</strong></span> 
     </span>
    </p>
   </div>
   <div class='ocr_carea' id='block_1_12' title="bbox 1006 1731 1857 4186">
    <p class='ocr_par' dir='ltr' id='par_1_21' title="bbox 1007 1731 1677 1804">
     <span class='ocr_line' id='line_1_42' title="bbox 1007 1731 1677 1804; baseline -0.004 -16"><span class='ocrx_word' id='word_1_342' title='bbox 1007 1733 1154 1789; x_wconf 88' lang='lat' dir='ltr'><strong>Fidentem</strong></span> <span class='ocrx_word' id='word_1_343' title='bbox 1169 1733 1267 1799; x_wconf 86' lang='lat' dir='ltr'><strong>frenis,</strong></span> <span class='ocrx_word' id='word_1_344' title='bbox 1284 1738 1467 1804; x_wconf 86' lang='lat' dir='ltr'><strong>torquentem</strong></span> <span class='ocrx_word' id='word_1_345' title='bbox 1483 1734 1542 1787; x_wconf 85' lang='lat' dir='ltr'><strong>tela</strong></span> <span class='ocrx_word' id='word_1_346' title='bbox 1554 1731 1677 1798; x_wconf 89' lang='lat' dir='ltr'><strong>lacertis,</strong></span> 
     </span>
    </p>

    <p class='ocr_par' dir='ltr' id='par_1_22' title="bbox 1008 1822 1676 1893">
     <span class='ocr_line' id='line_1_43' title="bbox 1008 1822 1676 1893; baseline -0.003 -17"><span class='ocrx_word' id='word_1_347' title='bbox 1008 1823 1104 1876; x_wconf 89' lang='lat' dir='ltr'><strong>Pande</strong></span> <span class='ocrx_word' id='word_1_348' title='bbox 1118 1838 1189 1893; x_wconf 90' lang='lat' dir='ltr'><strong>roge</strong></span> <span class='ocrx_word' id='word_1_349' title='bbox 1205 1827 1232 1876; x_wconf 90' lang='lat' dir='ltr'><strong>et</strong></span> <span class='ocrx_word' id='word_1_350' title='bbox 1247 1823 1332 1893; x_wconf 90' lang='lat' dir='ltr'><strong>vulgo</strong></span> <span class='ocrx_word' id='word_1_351' title='bbox 1347 1822 1463 1892; x_wconf 87' lang='lat' dir='ltr'><strong>vulgare</strong></span> <span class='ocrx_word' id='word_1_352' title='bbox 1477 1836 1544 1876; x_wconf 88' lang='lat' dir='ltr'><strong>voce</strong></span> <span class='ocrx_word' id='word_1_353' title='bbox 1560 1824 1676 1875; x_wconf 90' lang='lat' dir='ltr'><strong>notato:</strong></span> 
     </span>
    </p>

    <p class='ocr_par' dir='ltr' id='par_1_23' title="bbox 1007 1908 1713 1980">
     <span class='ocr_line' id='line_1_44' title="bbox 1007 1908 1713 1980; baseline -0.003 -16"><span class='ocrx_word' id='word_1_354' title='bbox 1007 1910 1036 1964; x_wconf 92' lang='lat' dir='ltr'><strong>Si</strong></span> <span class='ocrx_word' id='word_1_355' title='bbox 1052 1910 1150 1964; x_wconf 88' lang='lat' dir='ltr'><strong>demas</strong></span> <span class='ocrx_word' id='word_1_356' title='bbox 1164 1915 1315 1980; x_wconf 88' lang='lat' dir='ltr'><strong>mutesque</strong></span> <span class='ocrx_word' id='word_1_357' title='bbox 1329 1909 1434 1980; x_wconf 88' lang='lat' dir='ltr'><strong>apices,</strong></span> <span class='ocrx_word' id='word_1_358' title='bbox 1448 1908 1597 1963; x_wconf 89' lang='lat' dir='ltr'><strong>Wasconia</strong></span> <span class='ocrx_word' id='word_1_359' title='bbox 1612 1908 1713 1962; x_wconf 89' lang='lat' dir='ltr'><strong>fertur.</strong></span> 
     </span>
    </p>

    <p class='ocr_par' dir='ltr' id='par_1_24' title="bbox 1007 1996 1748 2156">
     <span class='ocr_line' id='line_1_45' title="bbox 1007 1996 1748 2068; baseline -0.004 -17"><span class='ocrx_word' id='word_1_360' title='bbox 1007 1999 1076 2063; x_wconf 83' lang='lat' dir='ltr'><strong>Quae</strong></span> <span class='ocrx_word' id='word_1_361' title='bbox 1093 2014 1163 2068; x_wconf 86' lang='lat' dir='ltr'><strong>gens</strong></span> <span class='ocrx_word' id='word_1_362' title='bbox 1179 1999 1251 2052; x_wconf 90' lang='lat' dir='ltr'><strong>dura</strong></span> <span class='ocrx_word' id='word_1_363' title='bbox 1265 1998 1343 2065; x_wconf 90' lang='lat' dir='ltr'><strong>satis,</strong></span> <span class='ocrx_word' id='word_1_364' title='bbox 1359 1997 1443 2052; x_wconf 91' lang='lat' dir='ltr'><strong>variis</strong></span> <span class='ocrx_word' id='word_1_365' title='bbox 1457 1996 1617 2052; x_wconf 89' lang='lat' dir='ltr'><strong>incursibus</strong></span> <span class='ocrx_word' id='word_1_366' title='bbox 1630 1997 1748 2065; x_wconf 90' lang='lat' dir='ltr'><strong>instans,</strong></span> 
     </span>
     <span class='ocr_line' id='line_1_46' title="bbox 1007 2086 1672 2156; baseline -0.006 -14"><span class='ocrx_word' id='word_1_367' title='bbox 1007 2087 1113 2142; x_wconf 89' lang='lat' dir='ltr'><strong>Ictibus</strong></span> <span class='ocrx_word' id='word_1_368' title='bbox 1130 2104 1162 2141; x_wconf 90' lang='lat' dir='ltr'><strong>ac</strong></span> <span class='ocrx_word' id='word_1_369' title='bbox 1177 2087 1283 2142; x_wconf 92' lang='lat' dir='ltr'><strong>crebris</strong></span> <span class='ocrx_word' id='word_1_370' title='bbox 1298 2086 1415 2141; x_wconf 89' lang='lat' dir='ltr'><strong>hostilia</strong></span> <span class='ocrx_word' id='word_1_371' title='bbox 1429 2088 1487 2141; x_wconf 89' lang='lat' dir='ltr'><strong>tela</strong></span> <span class='ocrx_word' id='word_1_372' title='bbox 1501 2086 1672 2156; x_wconf 88' lang='lat' dir='ltr'><strong>rependens,</strong></span> 
     </span>
    </p>

    <p class='ocr_par' dir='ltr' id='par_1_25' title="bbox 1006 2174 1681 2230">
     <span class='ocr_line' id='line_1_47' title="bbox 1006 2174 1681 2230; baseline -0.006 0"><span class='ocrx_word' id='word_1_373' title='bbox 1006 2175 1146 2230; x_wconf 88' lang='lat' dir='ltr'><strong>Extremis</strong></span> <span class='ocrx_word' id='word_1_374' title='bbox 1158 2176 1250 2230; x_wconf 91' lang='lat' dir='ltr'><strong>fuerat</strong></span> <span class='ocrx_word' id='word_1_375' title='bbox 1266 2177 1441 2230; x_wconf 84' lang='lat' dir='ltr'><strong>Francorum</strong></span> <span class='ocrx_word' id='word_1_376' title='bbox 1458 2174 1565 2230; x_wconf 86' lang='lat' dir='ltr'><strong>tinibus</strong></span> <span class='ocrx_word' id='word_1_377' title='bbox 1581 2174 1681 2228; x_wconf 87' lang='lat' dir='ltr'><strong>hostis.</strong></span> 
     </span>
    </p>

    <p class='ocr_par' dir='ltr' id='par_1_26' title="bbox 1006 2259 1778 2424">
     <span class='ocr_line' id='line_1_48' title="bbox 1006 2259 1778 2332; baseline -0.009 -12"><span class='ocrx_word' id='word_1_378' title='bbox 1006 2263 1061 2320; x_wconf 91' lang='lat' dir='ltr'><strong>Sed</strong></span> <span class='ocrx_word' id='word_1_379' title='bbox 1075 2267 1144 2318; x_wconf 88' lang='lat' dir='ltr'><strong>tune</strong></span> <span class='ocrx_word' id='word_1_380' title='bbox 1157 2262 1301 2318; x_wconf 86' lang='lat' dir='ltr'><strong>vulnificis</strong></span> <span class='ocrx_word' id='word_1_381' title='bbox 1317 2263 1476 2318; x_wconf 86' lang='lat' dir='ltr'><strong>substracta</strong></span> <span class='ocrx_word' id='word_1_382' title='bbox 1490 2266 1532 2316; x_wconf 91' lang='lat' dir='ltr'><strong>est</strong></span> <span class='ocrx_word' id='word_1_383' title='bbox 1544 2261 1664 2332; x_wconf 82' lang='lat' dir='ltr'><strong>pacifica</strong></span> <span class='ocrx_word' id='word_1_384' title='bbox 1680 2259 1778 2329; x_wconf 87' lang='lat' dir='ltr'><strong>armis,</strong></span> 
     </span>
     <span class='ocr_line' id='line_1_49' title="bbox 1007 2349 1695 2424; baseline -0.007 -17"><span class='ocrx_word' id='word_1_385' title='bbox 1007 2353 1156 2424; x_wconf 84' lang='lat' dir='ltr'><strong>Frenaque</strong></span> <span class='ocrx_word' id='word_1_386' title='bbox 1168 2352 1287 2406; x_wconf 89' lang='lat' dir='ltr'><strong>consilio</strong></span> <span class='ocrx_word' id='word_1_387' title='bbox 1302 2351 1418 2406; x_wconf 91' lang='lat' dir='ltr'><strong>tandem</strong></span> <span class='ocrx_word' id='word_1_388' title='bbox 1433 2351 1575 2406; x_wconf 89' lang='lat' dir='ltr'><strong>conducta</strong></span> <span class='ocrx_word' id='word_1_389' title='bbox 1588 2349 1695 2405; x_wconf 88' lang='lat' dir='ltr'><strong>salubri</strong></span> 
     </span>
    </p>

    <p class='ocr_par' dir='ltr' id='par_1_27' title="bbox 1006 2439 1828 2601">
     <span class='ocr_line' id='line_1_50' title="bbox 1007 2439 1828 2509; baseline -0.006 -14"><span class='ocrx_word' id='word_1_390' title='bbox 1007 2441 1069 2496; x_wconf 89' lang='lat' dir='ltr'><strong>Non</strong></span> <span class='ocrx_word' id='word_1_391' title='bbox 1084 2440 1172 2495; x_wconf 90' lang='lat' dir='ltr'><strong>laniat</strong></span> <span class='ocrx_word' id='word_1_392' title='bbox 1182 2456 1289 2502; x_wconf 86' lang='lat' dir='ltr'><strong>morsu,</strong></span> <span class='ocrx_word' id='word_1_393' title='bbox 1302 2440 1377 2495; x_wconf 74' lang='lat' dir='ltr'><strong>sedi&gt;</strong></span> <span class='ocrx_word' id='word_1_394' title='bbox 1394 2440 1471 2509; x_wconf 85' lang='lat' dir='ltr'><strong>pacis</strong></span> <span class='ocrx_word' id='word_1_395' title='bbox 1486 2439 1516 2494; x_wconf 89' lang='lat' dir='ltr'><strong>iu</strong></span> <span class='ocrx_word' id='word_1_396' title='bbox 1531 2439 1627 2494; x_wconf 89' lang='lat' dir='ltr'><strong>escula</strong></span> <span class='ocrx_word' id='word_1_397' title='bbox 1643 2440 1756 2492; x_wconf 88' lang='lat' dir='ltr'><strong>tractat.</strong></span> <span class='ocrx_word' id='word_1_398' title='bbox 1823 2501 1828 2504; x_wconf 36' lang='grc'>,</span> 
     </span>
     <span class='ocr_line' id='line_1_51' title="bbox 1006 2525 1768 2601; baseline -0.008 -17"><span class='ocrx_word' id='word_1_399' title='bbox 1006 2529 1065 2584; x_wconf 93' lang='lat' dir='ltr'><strong>lllis</strong></span> <span class='ocrx_word' id='word_1_400' title='bbox 1079 2529 1268 2601; x_wconf 85' lang='lat' dir='ltr'><strong>temporibus,</strong></span> <span class='ocrx_word' id='word_1_401' title='bbox 1284 2528 1349 2600; x_wconf 92' lang='lat' dir='ltr'><strong>quis</strong></span> <span class='ocrx_word' id='word_1_402' title='bbox 1360 2528 1480 2582; x_wconf 85' lang='lat' dir='ltr'><strong>Sanctus</strong></span> <span class='ocrx_word' id='word_1_403' title='bbox 1494 2528 1524 2582; x_wconf 92' lang='lat' dir='ltr'><strong>in</strong></span> <span class='ocrx_word' id='word_1_404' title='bbox 1539 2527 1608 2582; x_wconf 91' lang='lat' dir='ltr'><strong>orbe</strong></span> <span class='ocrx_word' id='word_1_405' title='bbox 1621 2525 1768 2595; x_wconf 88' lang='lat' dir='ltr'><strong>manebat,</strong></span> 
     </span>
    </p>

    <p class='ocr_par' dir='ltr' id='par_1_28' title="bbox 1007 2615 1608 2683">
     <span class='ocr_line' id='line_1_52' title="bbox 1007 2615 1608 2683; baseline -0.007 -11"><span class='ocrx_word' id='word_1_406' title='bbox 1007 2618 1042 2673; x_wconf 91' lang='lat' dir='ltr'><strong>Ut</strong></span> <span class='ocrx_word' id='word_1_407' title='bbox 1057 2617 1143 2672; x_wconf 89' lang='lat' dir='ltr'><strong>Gallis</strong></span> <span class='ocrx_word' id='word_1_408' title='bbox 1160 2617 1253 2671; x_wconf 90' lang='lat' dir='ltr'><strong>fuerat</strong></span> <span class='ocrx_word' id='word_1_409' title='bbox 1268 2632 1341 2671; x_wconf 82' lang='lat' dir='ltr'><strong>saeva</strong></span> <span class='ocrx_word' id='word_1_410' title='bbox 1357 2616 1469 2672; x_wconf 89' lang='lat' dir='ltr'><strong>feritate</strong></span> <span class='ocrx_word' id='word_1_411' title='bbox 1483 2615 1608 2683; x_wconf 88' lang='lat' dir='ltr'><strong>rebellis,</strong></span> 
     </span>
    </p>

    <p class='ocr_par' dir='ltr' id='par_1_29' title="bbox 1007 2701 1815 2862">
     <span class='ocr_line' id='line_1_53' title="bbox 1007 2701 1815 2776; baseline -0.004 -16"><span class='ocrx_word' id='word_1_412' title='bbox 1007 2705 1052 2760; x_wconf 84' lang='lat' dir='ltr'><strong>Sic</strong></span> <span class='ocrx_word' id='word_1_413' title='bbox 1067 2708 1126 2760; x_wconf 89' lang='lat' dir='ltr'><strong>arat</strong></span> <span class='ocrx_word' id='word_1_414' title='bbox 1142 2710 1171 2759; x_wconf 90' lang='lat' dir='ltr'><strong>et</strong></span> <span class='ocrx_word' id='word_1_415' title='bbox 1189 2704 1312 2772; x_wconf 88' lang='lat' dir='ltr'><strong>Christo,</strong></span> <span class='ocrx_word' id='word_1_416' title='bbox 1328 2704 1476 2776; x_wconf 89' lang='lat' dir='ltr'><strong>reliquum</strong></span> <span class='ocrx_word' id='word_1_417' title='bbox 1490 2704 1540 2775; x_wconf 84' lang='lat' dir='ltr'><strong>qui</strong></span> <span class='ocrx_word' id='word_1_418' title='bbox 1555 2707 1693 2758; x_wconf 88' lang='lat' dir='ltr'><strong>straverat</strong></span> <span class='ocrx_word' id='word_1_419' title='bbox 1706 2701 1815 2757; x_wconf 88' lang='lat' dir='ltr'><strong>orbem.</strong></span> 
     </span>
     <span class='ocr_line' id='line_1_54' title="bbox 1009 2789 1631 2862; baseline -0.006 -15"><span class='ocrx_word' id='word_1_420' title='bbox 1009 2791 1176 2862; x_wconf 85' lang='lat' dir='ltr'><strong>Rolligionis</strong></span> <span class='ocrx_word' id='word_1_421' title='bbox 1191 2791 1268 2846; x_wconf 92' lang='lat' dir='ltr'><strong>enim</strong></span> <span class='ocrx_word' id='word_1_422' title='bbox 1281 2791 1389 2846; x_wconf 90' lang='lat' dir='ltr'><strong>nudata</strong></span> <span class='ocrx_word' id='word_1_423' title='bbox 1403 2791 1506 2845; x_wconf 89' lang='lat' dir='ltr'><strong>decore</strong></span> <span class='ocrx_word' id='word_1_424' title='bbox 1517 2789 1631 2860; x_wconf 87' lang='lat' dir='ltr'><strong>jacebat</strong></span> 
     </span>
    </p>

    <p class='ocr_par' dir='ltr' id='par_1_30' title="bbox 1007 2878 1856 3287">
     <span class='ocr_line' id='line_1_55' title="bbox 1009 2878 1692 2946; baseline -0.001 -13"><span class='ocrx_word' id='word_1_425' title='bbox 1009 2881 1041 2933; x_wconf 90' lang='lat' dir='ltr'><strong>ln</strong></span> <span class='ocrx_word' id='word_1_426' title='bbox 1054 2879 1146 2934; x_wconf 89' lang='lat' dir='ltr'><strong>noctis</strong></span> <span class='ocrx_word' id='word_1_427' title='bbox 1160 2879 1296 2944; x_wconf 89' lang='lat' dir='ltr'><strong>tenebris,</strong></span> <span class='ocrx_word' id='word_1_428' title='bbox 1314 2880 1394 2933; x_wconf 88' lang='lat' dir='ltr'><strong>uuila</strong></span> <span class='ocrx_word' id='word_1_429' title='bbox 1408 2878 1551 2933; x_wconf 89' lang='lat' dir='ltr'><strong>illustrata</strong></span> <span class='ocrx_word' id='word_1_430' title='bbox 1563 2879 1692 2946; x_wconf 87' lang='lat' dir='ltr'><strong>lucerna,</strong></span> 
     </span>
     <span class='ocr_line' id='line_1_56' title="bbox 1009 2963 1821 3038; baseline -0.005 -16"><span class='ocrx_word' id='word_1_431' title='bbox 1009 2967 1248 3038; x_wconf 88' lang='lat' dir='ltr'><strong>llurrendumque</strong></span> <span class='ocrx_word' id='word_1_432' title='bbox 1262 2967 1364 3032; x_wconf 91' lang='lat' dir='ltr'><strong>scelus,</strong></span> <span class='ocrx_word' id='word_1_433' title='bbox 1382 2966 1427 3021; x_wconf 92' lang='lat' dir='ltr'><strong>cui</strong></span> <span class='ocrx_word' id='word_1_434' title='bbox 1442 2970 1544 3021; x_wconf 90' lang='lat' dir='ltr'><strong>cuncta</strong></span> <span class='ocrx_word' id='word_1_435' title='bbox 1559 2965 1692 3020; x_wconf 87' lang='lat' dir='ltr'><strong>nocentia</strong></span> <span class='ocrx_word' id='word_1_436' title='bbox 1703 2963 1821 3033; x_wconf 89' lang='lat' dir='ltr'><strong>cedunt,</strong></span> 
     </span>
     <span class='ocr_line' id='line_1_57' title="bbox 1007 3054 1797 3127; baseline -0.003 -18"><span class='ocrx_word' id='word_1_437' title='bbox 1007 3055 1069 3121; x_wconf 87' lang='lat' dir='ltr'><strong>Quo</strong></span> <span class='ocrx_word' id='word_1_438' title='bbox 1084 3054 1221 3127; x_wconf 77' lang='lat' dir='ltr'><strong>gignente</strong></span> <span class='ocrx_word' id='word_1_439' title='bbox 1237 3056 1331 3109; x_wconf 87' lang='lat' dir='ltr'><strong>solent</strong></span> <span class='ocrx_word' id='word_1_440' title='bbox 1345 3054 1475 3126; x_wconf 77' lang='lat' dir='ltr'><strong>reliquiae</strong></span> <span class='ocrx_word' id='word_1_441' title='bbox 1491 3069 1676 3109; x_wconf 89' lang='lat' dir='ltr'><strong>concrescere</strong></span> <span class='ocrx_word' id='word_1_442' title='bbox 1692 3057 1797 3125; x_wconf 91' lang='lat' dir='ltr'><strong>pestes,</strong></span> 
     </span>
     <span class='ocr_line' id='line_1_58' title="bbox 1007 3140 1856 3200; baseline -0.006 -1"><span class='ocrx_word' id='word_1_443' title='bbox 1007 3144 1123 3200; x_wconf 88' lang='lat' dir='ltr'><strong>Cultum</strong></span> <span class='ocrx_word' id='word_1_444' title='bbox 1138 3143 1250 3199; x_wconf 89' lang='lat' dir='ltr'><strong>Christo</strong></span> <span class='ocrx_word' id='word_1_445' title='bbox 1263 3143 1389 3198; x_wconf 88' lang='lat' dir='ltr'><strong>habilem</strong></span> <span class='ocrx_word' id='word_1_446' title='bbox 1401 3147 1482 3197; x_wconf 90' lang='lat' dir='ltr'><strong>muta</strong></span> <span class='ocrx_word' id='word_1_447' title='bbox 1492 3143 1525 3197; x_wconf 86' lang='lat' dir='ltr'><strong>ad</strong></span> <span class='ocrx_word' id='word_1_448' title='bbox 1540 3141 1693 3196; x_wconf 90' lang='lat' dir='ltr'><strong>simulacra</strong></span> <span class='ocrx_word' id='word_1_449' title='bbox 1707 3140 1856 3197; x_wconf 86' lang='lat' dir='ltr'><strong>reflectens</strong></span> 
     </span>
     <span class='ocr_line' id='line_1_59' title="bbox 1008 3230 1621 3287; baseline -0.003 -1"><span class='ocrx_word' id='word_1_450' title='bbox 1008 3233 1086 3287; x_wconf 87' lang='lat' dir='ltr'><strong>ldoia</strong></span> <span class='ocrx_word' id='word_1_451' title='bbox 1104 3232 1238 3287; x_wconf 88' lang='lat' dir='ltr'><strong>credebat</strong></span> <span class='ocrx_word' id='word_1_452' title='bbox 1251 3247 1359 3285; x_wconf 92' lang='lat' dir='ltr'><strong>numen</strong></span> <span class='ocrx_word' id='word_1_453' title='bbox 1374 3230 1491 3284; x_wconf 83' lang='lat' dir='ltr'><strong>Deitatis</strong></span> <span class='ocrx_word' id='word_1_454' title='bbox 1506 3230 1621 3285; x_wconf 85' lang='lat' dir='ltr'><strong>habere.</strong></span> 
     </span>
    </p>

    <p class='ocr_par' dir='ltr' id='par_1_31' title="bbox 1008 3318 1653 3390">
     <span class='ocr_line' id='line_1_60' title="bbox 1008 3318 1653 3390; baseline -0.006 -14"><span class='ocrx_word' id='word_1_455' title='bbox 1008 3323 1064 3376; x_wconf 87' lang='lat' dir='ltr'><strong>llus</strong></span> <span class='ocrx_word' id='word_1_456' title='bbox 1080 3321 1129 3376; x_wconf 91' lang='lat' dir='ltr'><strong>ubi</strong></span> <span class='ocrx_word' id='word_1_457' title='bbox 1145 3336 1264 3375; x_wconf 88' lang='lat' dir='ltr'><strong>vesanos</strong></span> <span class='ocrx_word' id='word_1_458' title='bbox 1279 3335 1406 3375; x_wconf 90' lang='lat' dir='ltr'><strong>errorem</strong></span> <span class='ocrx_word' id='word_1_459' title='bbox 1419 3318 1560 3390; x_wconf 90' lang='lat' dir='ltr'><strong>comperit</strong></span> <span class='ocrx_word' id='word_1_460' title='bbox 1573 3323 1653 3374; x_wconf 90' lang='lat' dir='ltr'><strong>actus</strong></span> 
     </span>
    </p>

    <p class='ocr_par' dir='ltr' id='par_1_32' title="bbox 1008 3404 1857 3566">
     <span class='ocr_line' id='line_1_61' title="bbox 1008 3404 1857 3479; baseline -0.009 -14"><span class='ocrx_word' id='word_1_461' title='bbox 1008 3411 1116 3466; x_wconf 84' lang='lat' dir='ltr'><strong>Praesul</strong></span> <span class='ocrx_word' id='word_1_462' title='bbox 1126 3411 1281 3476; x_wconf 81' lang='lat' dir='ltr'><strong>Amandus,</strong></span> <span class='ocrx_word' id='word_1_463' title='bbox 1295 3409 1331 3464; x_wconf 93' lang='lat' dir='ltr'><strong>ab</strong></span> <span class='ocrx_word' id='word_1_464' title='bbox 1342 3409 1397 3479; x_wconf 88' lang='lat' dir='ltr'><strong>his,</strong></span> <span class='ocrx_word' id='word_1_465' title='bbox 1410 3424 1483 3479; x_wconf 90' lang='lat' dir='ltr'><strong>quos</strong></span> <span class='ocrx_word' id='word_1_466' title='bbox 1493 3408 1615 3462; x_wconf 81' lang='lat' dir='ltr'><strong>fratrum</strong></span> <span class='ocrx_word' id='word_1_467' title='bbox 1627 3405 1742 3461; x_wconf 88' lang='lat' dir='ltr'><strong>nomina</strong></span> <span class='ocrx_word' id='word_1_468' title='bbox 1755 3404 1857 3476; x_wconf 91' lang='lat' dir='ltr'><strong>dignos</strong></span> 
     </span>
     <span class='ocr_line' id='line_1_62' title="bbox 1010 3495 1695 3566; baseline -0.004 -12"><span class='ocrx_word' id='word_1_469' title='bbox 1010 3501 1135 3566; x_wconf 83' lang='lat' dir='ltr'><strong>Fecerat,</strong></span> <span class='ocrx_word' id='word_1_470' title='bbox 1153 3513 1297 3566; x_wconf 84' lang='lat' dir='ltr'><strong>accensus,</strong></span> <span class='ocrx_word' id='word_1_471' title='bbox 1313 3498 1418 3552; x_wconf 89' lang='lat' dir='ltr'><strong>horum</strong></span> <span class='ocrx_word' id='word_1_472' title='bbox 1434 3498 1591 3552; x_wconf 85' lang='lat' dir='ltr'><strong>celeranter</strong></span> <span class='ocrx_word' id='word_1_473' title='bbox 1607 3495 1695 3551; x_wconf 85' lang='lat' dir='ltr'><strong>adivit</strong></span> 
     </span>
    </p>

    <p class='ocr_par' dir='ltr' id='par_1_33' title="bbox 1008 3583 1671 3658">
     <span class='ocr_line' id='line_1_63' title="bbox 1008 3583 1671 3658; baseline -0.008 -15"><span class='ocrx_word' id='word_1_474' title='bbox 1008 3587 1133 3658; x_wconf 87' lang='lat' dir='ltr'><strong>Belliger</strong></span> <span class='ocrx_word' id='word_1_475' title='bbox 1146 3587 1267 3657; x_wconf 89' lang='lat' dir='ltr'><strong>insignis</strong></span> <span class='ocrx_word' id='word_1_476' title='bbox 1281 3591 1389 3642; x_wconf 80' lang='lat' dir='ltr'><strong>terras:</strong></span> <span class='ocrx_word' id='word_1_477' title='bbox 1408 3590 1439 3639; x_wconf 88' lang='lat' dir='ltr'><strong>ut</strong></span> <span class='ocrx_word' id='word_1_478' title='bbox 1452 3586 1553 3656; x_wconf 84' lang='lat' dir='ltr'><strong>praelia</strong></span> <span class='ocrx_word' id='word_1_479' title='bbox 1567 3583 1671 3640; x_wconf 88' lang='lat' dir='ltr'><strong>Christi</strong></span> 
     </span>
    </p>

    <p class='ocr_par' dir='ltr' id='par_1_34' title="bbox 1009 3672 1645 3746">
     <span class='ocr_line' id='line_1_64' title="bbox 1009 3672 1645 3746; baseline -0.005 -16"><span class='ocrx_word' id='word_1_480' title='bbox 1009 3676 1143 3744; x_wconf 87' lang='lat' dir='ltr'><strong>Baliaret,</strong></span> <span class='ocrx_word' id='word_1_481' title='bbox 1158 3676 1323 3746; x_wconf 88' lang='lat' dir='ltr'><strong>pariterque</strong></span> <span class='ocrx_word' id='word_1_482' title='bbox 1340 3675 1385 3729; x_wconf 91' lang='lat' dir='ltr'><strong>sui</strong></span> <span class='ocrx_word' id='word_1_483' title='bbox 1399 3675 1546 3744; x_wconf 87' lang='lat' dir='ltr'><strong>signacula</strong></span> <span class='ocrx_word' id='word_1_484' title='bbox 1560 3672 1645 3744; x_wconf 87' lang='lat' dir='ltr'><strong>Regis</strong></span> 
     </span>
    </p>

    <p class='ocr_par' dir='ltr' id='par_1_35' title="bbox 1009 3762 1596 3834">
     <span class='ocr_line' id='line_1_65' title="bbox 1009 3762 1596 3834; baseline -0.003 -17"><span class='ocrx_word' id='word_1_485' title='bbox 1009 3763 1132 3818; x_wconf 88' lang='lat' dir='ltr'><strong>invictus</strong></span> <span class='ocrx_word' id='word_1_486' title='bbox 1146 3763 1230 3817; x_wconf 87' lang='lat' dir='ltr'><strong>miles</strong></span> <span class='ocrx_word' id='word_1_487' title='bbox 1245 3762 1371 3834; x_wconf 79' lang='lat' dir='ltr'><strong>praefatis</strong></span> <span class='ocrx_word' id='word_1_488' title='bbox 1385 3763 1497 3817; x_wconf 88' lang='lat' dir='ltr'><strong>inderet</strong></span> <span class='ocrx_word' id='word_1_489' title='bbox 1512 3762 1596 3817; x_wconf 89' lang='lat' dir='ltr'><strong>arvis.</strong></span> 
     </span>
    </p>

    <p class='ocr_par' dir='ltr' id='par_1_36' title="bbox 1010 3850 1662 3923">
     <span class='ocr_line' id='line_1_66' title="bbox 1010 3850 1662 3923; baseline -0.008 -16"><span class='ocrx_word' id='word_1_490' title='bbox 1010 3853 1044 3907; x_wconf 93' lang='lat' dir='ltr'><strong>Ut</strong></span> <span class='ocrx_word' id='word_1_491' title='bbox 1059 3852 1083 3905; x_wconf 89' lang='lat' dir='ltr'><strong>si</strong></span> <span class='ocrx_word' id='word_1_492' title='bbox 1098 3851 1269 3923; x_wconf 87' lang='lat' dir='ltr'><strong>multiplices</strong></span> <span class='ocrx_word' id='word_1_493' title='bbox 1283 3867 1340 3906; x_wconf 92' lang='lat' dir='ltr'><strong>non</strong></span> <span class='ocrx_word' id='word_1_494' title='bbox 1352 3854 1449 3922; x_wconf 88' lang='lat' dir='ltr'><strong>posset</strong></span> <span class='ocrx_word' id='word_1_495' title='bbox 1459 3850 1526 3921; x_wconf 86' lang='lat' dir='ltr'><strong>jure</strong></span> <span class='ocrx_word' id='word_1_496' title='bbox 1536 3853 1662 3904; x_wconf 89' lang='lat' dir='ltr'><strong>catervas</strong></span> 
     </span>
    </p>

    <p class='ocr_par' dir='ltr' id='par_1_37' title="bbox 1010 3937 1855 4099">
     <span class='ocr_line' id='line_1_67' title="bbox 1010 3937 1855 4011; baseline -0.005 -18"><span class='ocrx_word' id='word_1_497' title='bbox 1010 3940 1139 4006; x_wconf 88' lang='lat' dir='ltr'><strong>Vincere,</strong></span> <span class='ocrx_word' id='word_1_498' title='bbox 1155 3941 1198 3994; x_wconf 88' lang='lat' dir='ltr'><strong>vei</strong></span> <span class='ocrx_word' id='word_1_499' title='bbox 1214 3941 1365 4011; x_wconf 90' lang='lat' dir='ltr'><strong>pulchram</strong></span> <span class='ocrx_word' id='word_1_500' title='bbox 1380 3940 1496 4010; x_wconf 89' lang='lat' dir='ltr'><strong>caperet</strong></span> <span class='ocrx_word' id='word_1_501' title='bbox 1514 3954 1567 4009; x_wconf 87' lang='lat' dir='ltr'><strong>per</strong></span> <span class='ocrx_word' id='word_1_502' title='bbox 1580 3937 1701 3992; x_wconf 87' lang='lat' dir='ltr'><strong>vulnera</strong></span> <span class='ocrx_word' id='word_1_503' title='bbox 1715 3938 1855 3991; x_wconf 86' lang='lat' dir='ltr'><strong>mortem:</strong></span> 
     </span>
     <span class='ocr_line' id='line_1_68' title="bbox 1011 4025 1701 4099; baseline -0.009 -15"><span class='ocrx_word' id='word_1_504' title='bbox 1011 4030 1142 4099; x_wconf 83' lang='lat' dir='ltr'><strong>Dumque</strong></span> <span class='ocrx_word' id='word_1_505' title='bbox 1156 4027 1197 4082; x_wconf 92' lang='lat' dir='ltr'><strong>ibi</strong></span> <span class='ocrx_word' id='word_1_506' title='bbox 1208 4027 1327 4081; x_wconf 85' lang='lat' dir='ltr'><strong>vivificis</strong></span> <span class='ocrx_word' id='word_1_507' title='bbox 1341 4027 1461 4081; x_wconf 90' lang='lat' dir='ltr'><strong>inferret</strong></span> <span class='ocrx_word' id='word_1_508' title='bbox 1475 4026 1584 4097; x_wconf 87' lang='lat' dir='ltr'><strong>spicula</strong></span> <span class='ocrx_word' id='word_1_509' title='bbox 1598 4025 1701 4094; x_wconf 89' lang='lat' dir='ltr'><strong>contis,</strong></span> 
     </span>
    </p>

    <p class='ocr_par' dir='ltr' id='par_1_38' title="bbox 1009 4113 1729 4186">
     <span class='ocr_line' id='line_1_69' title="bbox 1009 4113 1729 4186; baseline -0.008 -15"><span class='ocrx_word' id='word_1_510' title='bbox 1009 4119 1043 4171; x_wconf 87' lang='lat' dir='ltr'><strong>Et</strong></span> <span class='ocrx_word' id='word_1_511' title='bbox 1056 4117 1162 4172; x_wconf 91' lang='lat' dir='ltr'><strong>multos</strong></span> <span class='ocrx_word' id='word_1_512' title='bbox 1177 4121 1306 4186; x_wconf 84' lang='lat' dir='ltr'><strong>aequaret</strong></span> <span class='ocrx_word' id='word_1_513' title='bbox 1319 4116 1420 4180; x_wconf 90' lang='lat' dir='ltr'><strong>humo,</strong></span> <span class='ocrx_word' id='word_1_514' title='bbox 1436 4115 1594 4184; x_wconf 89' lang='lat' dir='ltr'><strong>falsamque</strong></span> <span class='ocrx_word' id='word_1_515' title='bbox 1607 4113 1729 4167; x_wconf 90' lang='lat' dir='ltr'><strong>deorum</strong></span> 
     </span>
    </p>
   </div>
   <div class='ocr_carea' id='block_1_13' title="bbox 107 4198 1715 4272">
    <p class='ocr_par' dir='ltr' id='par_1_39' title="bbox 107 4198 1715 4272">
     <span class='ocr_line' id='line_1_70' title="bbox 107 4198 1715 4272; baseline -0.001 -17"><span class='ocrx_word' id='word_1_516' title='bbox 107 4199 284 4270; x_wconf 90' lang='lat' dir='ltr'><strong>Principium</strong></span> <span class='ocrx_word' id='word_1_517' title='bbox 298 4198 385 4268; x_wconf 87' lang='lat' dir='ltr'><strong>canit,</strong></span> <span class='ocrx_word' id='word_1_518' title='bbox 397 4203 482 4270; x_wconf 89' lang='lat' dir='ltr'><strong>atque</strong></span> <span class='ocrx_word' id='word_1_519' title='bbox 492 4203 557 4254; x_wconf 89' lang='lat' dir='ltr'><strong>ante</strong></span> <span class='ocrx_word' id='word_1_520' title='bbox 570 4200 669 4254; x_wconf 89' lang='lat' dir='ltr'><strong>omnia</strong></span> <span class='ocrx_word' id='word_1_521' title='bbox 678 4205 810 4271; x_wconf 84' lang='lat' dir='ltr'><strong>tempora</strong></span> <span class='ocrx_word' id='word_1_522' title='bbox 820 4201 955 4257; x_wconf 89' lang='lat' dir='ltr'><strong>Verbum.</strong></span> <span class='ocrx_word' id='word_1_523' title='bbox 976 4218 996 4272; x_wconf 78' lang='lat' dir='ltr'><strong>c</strong></span> <span class='ocrx_word' id='word_1_524' title='bbox 1010 4207 1156 4261; x_wconf 90' lang='lat' dir='ltr'><strong>Sterneret</strong></span> <span class='ocrx_word' id='word_1_525' title='bbox 1169 4206 1202 4260; x_wconf 90' lang='lat' dir='ltr'><strong>ad</strong></span> <span class='ocrx_word' id='word_1_526' title='bbox 1218 4210 1324 4259; x_wconf 90' lang='lat' dir='ltr'><strong>terram</strong></span> <span class='ocrx_word' id='word_1_527' title='bbox 1339 4209 1503 4259; x_wconf 87' lang='lat' dir='ltr'><strong>constanter</strong></span> <span class='ocrx_word' id='word_1_528' title='bbox 1518 4202 1715 4272; x_wconf 65' lang='lat' dir='ltr'><strong>relligionem</strong></span> 
     </span>
    </p>
   </div>
   <div class='ocr_carea' id='block_1_14' title="bbox 89 4285 957 5333">
    <p class='ocr_par' dir='ltr' id='par_1_40' title="bbox 89 4285 957 5333">
     <span class='ocr_line' id='line_1_71' title="bbox 108 4285 849 4359; baseline 0 -17"><span class='ocrx_word' id='word_1_529' title='bbox 108 4289 213 4359; x_wconf 82' lang='lat' dir='ltr'><strong>Estque</strong></span> <span class='ocrx_word' id='word_1_530' title='bbox 228 4286 273 4340; x_wconf 91' lang='lat' dir='ltr'><strong>via</strong></span> <span class='ocrx_word' id='word_1_531' title='bbox 287 4285 374 4340; x_wconf 90' lang='lat' dir='ltr'><strong>simili</strong></span> <span class='ocrx_word' id='word_1_532' title='bbox 389 4301 435 4341; x_wconf 91' lang='lat' dir='ltr'><strong>me</strong></span> <span class='ocrx_word' id='word_1_533' title='bbox 451 4302 527 4341; x_wconf 89' lang='lat' dir='ltr'><strong>nunc</strong></span> <span class='ocrx_word' id='word_1_534' title='bbox 545 4302 700 4358; x_wconf 87' lang='lat' dir='ltr'><strong>properare</strong></span> <span class='ocrx_word' id='word_1_535' title='bbox 716 4303 849 4343; x_wconf 88' lang='lat' dir='ltr'><strong>neeesse:</strong></span> 
     </span>
     <span class='ocr_line' id='line_1_72' title="bbox 89 4375 957 4447; baseline -0.001 -15"><span class='ocrx_word' id='word_1_536' title='bbox 89 4379 198 4445; x_wconf 77' lang='lat' dir='ltr'><strong>·1ustat</strong></span> <span class='ocrx_word' id='word_1_537' title='bbox 218 4375 296 4429; x_wconf 84' lang='lat' dir='ltr'><strong>enim</strong></span> <span class='ocrx_word' id='word_1_538' title='bbox 315 4390 477 4430; x_wconf 89' lang='lat' dir='ltr'><strong>memorare</strong></span> <span class='ocrx_word' id='word_1_539' title='bbox 495 4375 584 4431; x_wconf 88' lang='lat' dir='ltr'><strong>itiner</strong></span> <span class='ocrx_word' id='word_1_540' title='bbox 603 4392 661 4447; x_wconf 91' lang='lat' dir='ltr'><strong>quo</strong></span> <span class='ocrx_word' id='word_1_541' title='bbox 676 4381 790 4431; x_wconf 89' lang='lat' dir='ltr'><strong>sanctus</strong></span> <span class='ocrx_word' id='word_1_542' title='bbox 808 4377 957 4432; x_wconf 85' lang='lat' dir='ltr'><strong>Amandus</strong></span> 
     </span>
     <span class='ocr_line' id='line_1_73' title="bbox 108 4463 893 4536; baseline 0.001 -17"><span class='ocrx_word' id='word_1_543' title='bbox 108 4464 195 4519; x_wconf 89' lang='lat' dir='ltr'><strong>Iverit</strong></span> <span class='ocrx_word' id='word_1_544' title='bbox 209 4463 246 4518; x_wconf 90' lang='lat' dir='ltr'><strong>ad</strong></span> <span class='ocrx_word' id='word_1_545' title='bbox 261 4464 424 4526; x_wconf 83' lang='lat' dir='ltr'><strong>Dominum,</strong></span> <span class='ocrx_word' id='word_1_546' title='bbox 441 4464 556 4519; x_wconf 87' lang='lat' dir='ltr'><strong>meritos</strong></span> <span class='ocrx_word' id='word_1_547' title='bbox 572 4470 740 4536; x_wconf 86' lang='lat' dir='ltr'><strong>sumpturus</strong></span> <span class='ocrx_word' id='word_1_548' title='bbox 752 4464 893 4520; x_wconf 89' lang='lat' dir='ltr'><strong>honores:</strong></span> 
     </span>
     <span class='ocr_line' id='line_1_74' title="bbox 109 4552 843 4625; baseline 0.001 -18"><span class='ocrx_word' id='word_1_549' title='bbox 109 4552 213 4608; x_wconf 79' lang='lat' dir='ltr'><strong>viserit</strong></span> <span class='ocrx_word' id='word_1_550' title='bbox 226 4556 255 4608; x_wconf 90' lang='lat' dir='ltr'><strong>et</strong></span> <span class='ocrx_word' id='word_1_551' title='bbox 269 4553 399 4624; x_wconf 90' lang='lat' dir='ltr'><strong>requiem</strong></span> <span class='ocrx_word' id='word_1_552' title='bbox 412 4553 519 4608; x_wconf 79' lang='lat' dir='ltr'><strong>coelesti</strong></span> <span class='ocrx_word' id='word_1_553' title='bbox 533 4553 564 4608; x_wconf 92' lang='lat' dir='ltr'><strong>in</strong></span> <span class='ocrx_word' id='word_1_554' title='bbox 579 4553 705 4608; x_wconf 90' lang='lat' dir='ltr'><strong>culmine</strong></span> <span class='ocrx_word' id='word_1_555' title='bbox 721 4559 843 4625; x_wconf 89' lang='lat' dir='ltr'><strong>partam,</strong></span> 
     </span>
     <span class='ocr_line' id='line_1_75' title="bbox 108 4640 848 4712; baseline -0.001 -16"><span class='ocrx_word' id='word_1_556' title='bbox 108 4642 170 4707; x_wconf 80' lang='lat' dir='ltr'><strong>Quo</strong></span> <span class='ocrx_word' id='word_1_557' title='bbox 186 4657 232 4695; x_wconf 91' lang='lat' dir='ltr'><strong>me</strong></span> <span class='ocrx_word' id='word_1_558' title='bbox 247 4641 326 4695; x_wconf 88' lang='lat' dir='ltr'><strong>uuila</strong></span> <span class='ocrx_word' id='word_1_559' title='bbox 341 4640 416 4694; x_wconf 89' lang='lat' dir='ltr'><strong>levat</strong></span> <span class='ocrx_word' id='word_1_560' title='bbox 427 4640 567 4695; x_wconf 88' lang='lat' dir='ltr'><strong>facierum</strong></span> <span class='ocrx_word' id='word_1_561' title='bbox 583 4657 679 4712; x_wconf 90' lang='lat' dir='ltr'><strong>penna</strong></span> <span class='ocrx_word' id='word_1_562' title='bbox 694 4643 848 4696; x_wconf 90' lang='lat' dir='ltr'><strong>bonorum.</strong></span> 
     </span>
     <span class='ocr_line' id='line_1_76' title="bbox 109 4730 803 4800; baseline 0.001 -15"><span class='ocrx_word' id='word_1_563' title='bbox 109 4731 187 4785; x_wconf 86' lang='lat' dir='ltr'><strong>Velle</strong></span> <span class='ocrx_word' id='word_1_564' title='bbox 202 4746 281 4785; x_wconf 91' lang='lat' dir='ltr'><strong>meos</strong></span> <span class='ocrx_word' id='word_1_565' title='bbox 295 4730 407 4784; x_wconf 91' lang='lat' dir='ltr'><strong>animos</strong></span> <span class='ocrx_word' id='word_1_566' title='bbox 420 4731 493 4796; x_wconf 89' lang='lat' dir='ltr'><strong>urit;</strong></span> <span class='ocrx_word' id='word_1_567' title='bbox 508 4730 557 4785; x_wconf 87' lang='lat' dir='ltr'><strong>sed</strong></span> <span class='ocrx_word' id='word_1_568' title='bbox 571 4744 656 4800; x_wconf 88' lang='lat' dir='ltr'><strong>posse</strong></span> <span class='ocrx_word' id='word_1_569' title='bbox 669 4734 803 4786; x_wconf 87' lang='lat' dir='ltr'><strong>retentat.</strong></span> 
     </span>
     <span class='ocr_line' id='line_1_77' title="bbox 109 4818 823 4891; baseline -0.001 -16"><span class='ocrx_word' id='word_1_570' title='bbox 109 4820 231 4875; x_wconf 83' lang='lat' dir='ltr'><strong>Currere</strong></span> <span class='ocrx_word' id='word_1_571' title='bbox 243 4818 344 4890; x_wconf 89' lang='lat' dir='ltr'><strong>lingua</strong></span> <span class='ocrx_word' id='word_1_572' title='bbox 359 4819 451 4891; x_wconf 84' lang='lat' dir='ltr'><strong>cupit3</strong></span> <span class='ocrx_word' id='word_1_573' title='bbox 468 4819 570 4875; x_wconf 90' lang='lat' dir='ltr'><strong>stridet</strong></span> <span class='ocrx_word' id='word_1_574' title='bbox 586 4819 635 4874; x_wconf 86' lang='lat' dir='ltr'><strong>sed</strong></span> <span class='ocrx_word' id='word_1_575' title='bbox 647 4819 744 4874; x_wconf 88' lang='lat' dir='ltr'><strong>nescia</strong></span> <span class='ocrx_word' id='word_1_576' title='bbox 758 4820 823 4874; x_wconf 89' lang='lat' dir='ltr'><strong>fari.</strong></span> 
     </span>
     <span class='ocr_line' id='line_1_78' title="bbox 109 4906 805 4976; baseline -0.001 -12"><span class='ocrx_word' id='word_1_577' title='bbox 109 4906 208 4964; x_wconf 90' lang='lat' dir='ltr'><strong>Cordis</strong></span> <span class='ocrx_word' id='word_1_578' title='bbox 221 4907 251 4961; x_wconf 91' lang='lat' dir='ltr'><strong>in</strong></span> <span class='ocrx_word' id='word_1_579' title='bbox 267 4923 336 4961; x_wconf 88' lang='lat' dir='ltr'><strong>aure</strong></span> <span class='ocrx_word' id='word_1_580' title='bbox 352 4911 447 4962; x_wconf 88' lang='lat' dir='ltr'><strong>tamen</strong></span> <span class='ocrx_word' id='word_1_581' title='bbox 463 4907 486 4961; x_wconf 93' lang='lat' dir='ltr'><strong>si</strong></span> <span class='ocrx_word' id='word_1_582' title='bbox 495 4907 598 4962; x_wconf 86' lang='lat' dir='ltr'><strong>sibilus</strong></span> <span class='ocrx_word' id='word_1_583' title='bbox 612 4909 661 4962; x_wconf 85' lang='lat' dir='ltr'><strong>ilie</strong></span> <span class='ocrx_word' id='word_1_584' title='bbox 675 4906 805 4976; x_wconf 85' lang='lat' dir='ltr'><strong>resultet,</strong></span> 
     </span>
     <span class='ocr_line' id='line_1_79' title="bbox 108 4996 885 5068; baseline 0.003 -18"><span class='ocrx_word' id='word_1_585' title='bbox 108 4996 231 5068; x_wconf 88' lang='lat' dir='ltr'><strong>Impleat</strong></span> <span class='ocrx_word' id='word_1_586' title='bbox 245 5000 275 5051; x_wconf 86' lang='lat' dir='ltr'><strong>at</strong></span> <span class='ocrx_word' id='word_1_587' title='bbox 288 5001 427 5064; x_wconf 90' lang='lat' dir='ltr'><strong>muntem,</strong></span> <span class='ocrx_word' id='word_1_588' title='bbox 441 4998 584 5052; x_wconf 89' lang='lat' dir='ltr'><strong>calarnum</strong></span> <span class='ocrx_word' id='word_1_589' title='bbox 596 5013 654 5068; x_wconf 90' lang='lat' dir='ltr'><strong>quo</strong></span> <span class='ocrx_word' id='word_1_590' title='bbox 669 4996 748 5068; x_wconf 90' lang='lat' dir='ltr'><strong>tingo</strong></span> <span class='ocrx_word' id='word_1_591' title='bbox 763 4998 885 5068; x_wconf 92' lang='lat' dir='ltr'><strong>liquore,</strong></span> 
     </span>
     <span class='ocr_line' id='line_1_80' title="bbox 108 5083 822 5157; baseline 0.001 -18"><span class='ocrx_word' id='word_1_592' title='bbox 108 5085 162 5151; x_wconf 86' lang='lat' dir='ltr'><strong>Qui</strong></span> <span class='ocrx_word' id='word_1_593' title='bbox 178 5083 246 5140; x_wconf 90' lang='lat' dir='ltr'><strong>facit</strong></span> <span class='ocrx_word' id='word_1_594' title='bbox 259 5085 401 5140; x_wconf 88' lang='lat' dir='ltr'><strong>humanas</strong></span> <span class='ocrx_word' id='word_1_595' title='bbox 417 5084 526 5140; x_wconf 88' lang='lat' dir='ltr'><strong>asinam</strong></span> <span class='ocrx_word' id='word_1_596' title='bbox 541 5084 666 5140; x_wconf 86' lang='lat' dir='ltr'><strong>formare</strong></span> <span class='ocrx_word' id='word_1_597' title='bbox 682 5085 822 5157; x_wconf 88' lang='lat' dir='ltr'><strong>loquelas,</strong></span> 
     </span>
     <span class='ocr_line' id='line_1_81' title="bbox 109 5172 920 5244; baseline -0.001 -14"><span class='ocrx_word' id='word_1_598' title='bbox 109 5172 324 5244; x_wconf 90' lang='lat' dir='ltr'><strong>ludocilemqus</strong></span> <span class='ocrx_word' id='word_1_599' title='bbox 338 5172 431 5226; x_wconf 91' lang='lat' dir='ltr'><strong>virum</strong></span> <span class='ocrx_word' id='word_1_600' title='bbox 445 5173 565 5244; x_wconf 91' lang='lat' dir='ltr'><strong>querulo</strong></span> <span class='ocrx_word' id='word_1_601' title='bbox 579 5173 754 5228; x_wconf 86' lang='lat' dir='ltr'><strong>confundere</strong></span> <span class='ocrx_word' id='word_1_602' title='bbox 769 5174 920 5244; x_wconf 86' lang='lat' dir='ltr'><strong>rhythmu;</strong></span> 
     </span>
     <span class='ocr_line' id='line_1_82' title="bbox 110 5260 830 5333; baseline -0.001 -15"><span class='ocrx_word' id='word_1_603' title='bbox 110 5263 243 5318; x_wconf 88' lang='lat' dir='ltr'><strong>Carmine</strong></span> <span class='ocrx_word' id='word_1_604' title='bbox 257 5260 401 5317; x_wconf 90' lang='lat' dir='ltr'><strong>succincto</strong></span> <span class='ocrx_word' id='word_1_605' title='bbox 416 5277 481 5333; x_wconf 82' lang='lat' dir='ltr'><strong>quaa</strong></span> <span class='ocrx_word' id='word_1_606' title='bbox 495 5266 605 5316; x_wconf 86' lang='lat' dir='ltr'><strong>restant</strong></span> <span class='ocrx_word' id='word_1_607' title='bbox 618 5267 699 5332; x_wconf 88' lang='lat' dir='ltr'><strong>gesta</strong></span> <span class='ocrx_word' id='word_1_608' title='bbox 714 5263 830 5330; x_wconf 85' lang='lat' dir='ltr'><strong>notabo,</strong></span> 
     </span>
    </p>
   </div>
   <div class='ocr_carea' id='block_1_15' title="bbox 144 5439 486 5508">
    <p class='ocr_par' dir='ltr' id='par_1_41' title="bbox 144 5439 486 5508">
     <span class='ocr_line' id='line_1_83' title="bbox 144 5439 486 5508; baseline 0.003 -15"><span class='ocrx_word' id='word_1_609' title='bbox 144 5453 156 5481; x_wconf 75' lang='lat'>¹</span> <span class='ocrx_word' id='word_1_610' title='bbox 172 5439 267 5494; x_wconf 86' lang='lat' dir='ltr'><strong>Codex</strong></span> <span class='ocrx_word' id='word_1_611' title='bbox 281 5439 385 5505; x_wconf 85' lang='lat' dir='ltr'><strong>Eluon,</strong></span> <span class='ocrx_word' id='word_1_612' title='bbox 399 5439 486 5508; x_wconf 81' lang='lat' dir='ltr'><strong>effert.</strong></span> 
     </span>
    </p>
   </div>
   <div class='ocr_carea' id='block_1_16' title="bbox 1011 4287 1829 5333">
    <p class='ocr_par' dir='ltr' id='par_1_42' title="bbox 1011 4287 1815 4614">
     <span class='ocr_line' id='line_1_84' title="bbox 1012 4287 1815 4361; baseline -0.01 -12"><span class='ocrx_word' id='word_1_613' title='bbox 1012 4296 1090 4350; x_wconf 90' lang='lat' dir='ltr'><strong>Unus</strong></span> <span class='ocrx_word' id='word_1_614' title='bbox 1103 4295 1190 4361; x_wconf 89' lang='lat' dir='ltr'><strong>iners,</strong></span> <span class='ocrx_word' id='word_1_615' title='bbox 1206 4293 1305 4361; x_wconf 87' lang='lat' dir='ltr'><strong>facilis,</strong></span> <span class='ocrx_word' id='word_1_616' title='bbox 1322 4293 1396 4347; x_wconf 88' lang='lat' dir='ltr'><strong>male</strong></span> <span class='ocrx_word' id='word_1_617' title='bbox 1409 4293 1548 4358; x_wconf 88' lang='lat' dir='ltr'><strong>lubricus,</strong></span> <span class='ocrx_word' id='word_1_618' title='bbox 1562 4295 1649 4361; x_wconf 90' lang='lat' dir='ltr'><strong>atque</strong></span> <span class='ocrx_word' id='word_1_619' title='bbox 1664 4287 1815 4360; x_wconf 90' lang='lat' dir='ltr'><strong>superbus,</strong></span> 
     </span>
     <span class='ocr_line' id='line_1_85' title="bbox 1011 4380 1739 4453; baseline -0.008 -16"><span class='ocrx_word' id='word_1_620' title='bbox 1011 4383 1114 4453; x_wconf 84' lang='lat' dir='ltr'><strong>Turpis</strong></span> <span class='ocrx_word' id='word_1_621' title='bbox 1128 4389 1157 4437; x_wconf 90' lang='lat' dir='ltr'><strong>et</strong></span> <span class='ocrx_word' id='word_1_622' title='bbox 1173 4382 1304 4452; x_wconf 90' lang='lat' dir='ltr'><strong>impurus</strong></span> <span class='ocrx_word' id='word_1_623' title='bbox 1318 4381 1449 4435; x_wconf 87' lang='lat' dir='ltr'><strong>scurrilia</strong></span> <span class='ocrx_word' id='word_1_624' title='bbox 1462 4380 1567 4449; x_wconf 88' lang='lat' dir='ltr'><strong>probra</strong></span> <span class='ocrx_word' id='word_1_625' title='bbox 1577 4394 1739 4446; x_wconf 82' lang='lat' dir='ltr'><strong>susurrans,</strong></span> 
     </span>
     <span class='ocr_line' id='line_1_86' title="bbox 1011 4465 1786 4539; baseline -0.009 -14"><span class='ocrx_word' id='word_1_626' title='bbox 1011 4471 1102 4535; x_wconf 85' lang='lat' dir='ltr'><strong>Quam</strong></span> <span class='ocrx_word' id='word_1_627' title='bbox 1119 4470 1220 4524; x_wconf 90' lang='lat' dir='ltr'><strong>merito</strong></span> <span class='ocrx_word' id='word_1_628' title='bbox 1232 4470 1335 4539; x_wconf 90' lang='lat' dir='ltr'><strong>vulgus</strong></span> <span class='ocrx_word' id='word_1_629' title='bbox 1347 4468 1453 4523; x_wconf 90' lang='lat' dir='ltr'><strong>vocitat</strong></span> <span class='ocrx_word' id='word_1_630' title='bbox 1466 4467 1637 4539; x_wconf 89' lang='lat' dir='ltr'><strong>cognomine</strong></span> <span class='ocrx_word' id='word_1_631' title='bbox 1654 4465 1786 4533; x_wconf 87' lang='lat' dir='ltr'><strong>mimum,</strong></span> 
     </span>
     <span class='ocr_line' id='line_1_87' title="bbox 1011 4554 1692 4614; baseline -0.009 0"><span class='ocrx_word' id='word_1_632' title='bbox 1011 4558 1126 4614; x_wconf 88' lang='lat' dir='ltr'><strong>Obstitit</strong></span> <span class='ocrx_word' id='word_1_633' title='bbox 1139 4557 1239 4613; x_wconf 77' lang='lat' dir='ltr'><strong>infelix</strong></span> <span class='ocrx_word' id='word_1_634' title='bbox 1256 4556 1359 4611; x_wconf 89' lang='lat' dir='ltr'><strong>stolido</strong></span> <span class='ocrx_word' id='word_1_635' title='bbox 1374 4556 1531 4612; x_wconf 90' lang='lat' dir='ltr'><strong>bacchante</strong></span> <span class='ocrx_word' id='word_1_636' title='bbox 1541 4554 1692 4610; x_wconf 91' lang='lat' dir='ltr'><strong>cachinno.</strong></span> 
     </span>
    </p>

    <p class='ocr_par' dir='ltr' id='par_1_43' title="bbox 1011 4644 1829 5333">
     <span class='ocr_line' id='line_1_88' title="bbox 1011 4644 1754 4716; baseline -0.008 -13"><span class='ocrx_word' id='word_1_637' title='bbox 1011 4648 1068 4703; x_wconf 89' lang='lat' dir='ltr'><strong>Sed</strong></span> <span class='ocrx_word' id='word_1_638' title='bbox 1083 4663 1148 4702; x_wconf 86' lang='lat' dir='ltr'><strong>mor</strong></span> <span class='ocrx_word' id='word_1_639' title='bbox 1166 4651 1297 4716; x_wconf 89' lang='lat' dir='ltr'><strong>arreptus</strong></span> <span class='ocrx_word' id='word_1_640' title='bbox 1312 4645 1400 4700; x_wconf 89' lang='lat' dir='ltr'><strong>miser</strong></span> <span class='ocrx_word' id='word_1_641' title='bbox 1414 4651 1476 4700; x_wconf 89' lang='lat' dir='ltr'><strong>atro</strong></span> <span class='ocrx_word' id='word_1_642' title='bbox 1491 4646 1634 4709; x_wconf 84' lang='lat' dir='ltr'><strong>daemone,</strong></span> <span class='ocrx_word' id='word_1_643' title='bbox 1650 4644 1754 4715; x_wconf 89' lang='lat' dir='ltr'><strong>plenus</strong></span> 
     </span>
     <span class='ocr_line' id='line_1_89' title="bbox 1011 4733 1738 4807; baseline -0.008 -16"><span class='ocrx_word' id='word_1_644' title='bbox 1011 4737 1074 4801; x_wconf 84' lang='lat' dir='ltr'><strong>Quo</strong></span> <span class='ocrx_word' id='word_1_645' title='bbox 1088 4735 1182 4790; x_wconf 89' lang='lat' dir='ltr'><strong>fuerat</strong></span> <span class='ocrx_word' id='word_1_646' title='bbox 1198 4734 1321 4807; x_wconf 89' lang='lat' dir='ltr'><strong>pridem,</strong></span> <span class='ocrx_word' id='word_1_647' title='bbox 1338 4749 1404 4789; x_wconf 90' lang='lat' dir='ltr'><strong>cum</strong></span> <span class='ocrx_word' id='word_1_648' title='bbox 1420 4733 1485 4787; x_wconf 86' lang='lat' dir='ltr'><strong>vitae</strong></span> <span class='ocrx_word' id='word_1_649' title='bbox 1500 4733 1564 4788; x_wconf 87' lang='lat' dir='ltr'><strong>risit</strong></span> <span class='ocrx_word' id='word_1_650' title='bbox 1576 4733 1738 4798; x_wconf 89' lang='lat' dir='ltr'><strong>alumnum,</strong></span> 
     </span>
     <span class='ocr_line' id='line_1_90' title="bbox 1012 4820 1728 4895; baseline -0.008 -16"><span class='ocrx_word' id='word_1_651' title='bbox 1012 4826 1074 4895; x_wconf 91' lang='lat' dir='ltr'><strong>lpse</strong></span> <span class='ocrx_word' id='word_1_652' title='bbox 1091 4824 1149 4879; x_wconf 90' lang='lat' dir='ltr'><strong>suis</strong></span> <span class='ocrx_word' id='word_1_653' title='bbox 1164 4823 1297 4879; x_wconf 90' lang='lat' dir='ltr'><strong>manibus</strong></span> <span class='ocrx_word' id='word_1_654' title='bbox 1311 4823 1387 4877; x_wconf 88' lang='lat' dir='ltr'><strong>male</strong></span> <span class='ocrx_word' id='word_1_655' title='bbox 1402 4839 1471 4877; x_wconf 88' lang='lat' dir='ltr'><strong>sane</strong></span> <span class='ocrx_word' id='word_1_656' title='bbox 1487 4822 1617 4876; x_wconf 91' lang='lat' dir='ltr'><strong>membra</strong></span> <span class='ocrx_word' id='word_1_657' title='bbox 1631 4820 1728 4875; x_wconf 89' lang='lat' dir='ltr'><strong>furore</strong></span> 
     </span>
     <span class='ocr_line' id='line_1_91' title="bbox 1013 4909 1678 4984; baseline -0.009 -16"><span class='ocrx_word' id='word_1_658' title='bbox 1013 4913 1160 4984; x_wconf 85' lang='lat' dir='ltr'><strong>lliscerpit,</strong></span> <span class='ocrx_word' id='word_1_659' title='bbox 1175 4911 1288 4979; x_wconf 90' lang='lat' dir='ltr'><strong>scindit,</strong></span> <span class='ocrx_word' id='word_1_660' title='bbox 1305 4910 1468 4981; x_wconf 87' lang='lat' dir='ltr'><strong>disrumpit,</strong></span> <span class='ocrx_word' id='word_1_661' title='bbox 1485 4910 1596 4980; x_wconf 88' lang='lat' dir='ltr'><strong>diripit,</strong></span> <span class='ocrx_word' id='word_1_662' title='bbox 1610 4909 1678 4972; x_wconf 83' lang='lat' dir='ltr'><strong>urit,</strong></span> 
     </span>
     <span class='ocr_line' id='line_1_92' title="bbox 1011 4995 1778 5073; baseline -0.012 -16"><span class='ocrx_word' id='word_1_663' title='bbox 1011 5004 1143 5073; x_wconf 74' lang='lat' dir='ltr'><strong>anteque</strong></span> <span class='ocrx_word' id='word_1_664' title='bbox 1158 5016 1244 5072; x_wconf 89' lang='lat' dir='ltr'><strong>quam</strong></span> <span class='ocrx_word' id='word_1_665' title='bbox 1261 4999 1375 5070; x_wconf 88' lang='lat' dir='ltr'><strong>patulos</strong></span> <span class='ocrx_word' id='word_1_666' title='bbox 1386 4998 1469 5055; x_wconf 86' lang='lat' dir='ltr'><strong>Erebi</strong></span> <span class='ocrx_word' id='word_1_667' title='bbox 1486 5002 1660 5053; x_wconf 90' lang='lat' dir='ltr'><strong>transcurrat</strong></span> <span class='ocrx_word' id='word_1_668' title='bbox 1673 4995 1778 5063; x_wconf 88' lang='lat' dir='ltr'><strong>hiatus,</strong></span> 
     </span>
     <span class='ocr_line' id='line_1_93' title="bbox 1013 5083 1786 5158; baseline -0.012 -12"><span class='ocrx_word' id='word_1_669' title='bbox 1013 5093 1065 5146; x_wconf 77' lang='lat' dir='ltr'><strong>liat</strong></span> <span class='ocrx_word' id='word_1_670' title='bbox 1079 5093 1189 5145; x_wconf 90' lang='lat' dir='ltr'><strong>eertum</strong></span> <span class='ocrx_word' id='word_1_671' title='bbox 1204 5087 1356 5156; x_wconf 92' lang='lat' dir='ltr'><strong>indicium,</strong></span> <span class='ocrx_word' id='word_1_672' title='bbox 1373 5088 1444 5143; x_wconf 89' lang='lat' dir='ltr'><strong>duce</strong></span> <span class='ocrx_word' id='word_1_673' title='bbox 1460 5103 1516 5158; x_wconf 93' lang='lat' dir='ltr'><strong>quo</strong></span> <span class='ocrx_word' id='word_1_674' title='bbox 1532 5085 1670 5141; x_wconf 89' lang='lat' dir='ltr'><strong>deductus</strong></span> <span class='ocrx_word' id='word_1_675' title='bbox 1685 5083 1786 5138; x_wconf 84' lang='lat' dir='ltr'><strong>abiret.</strong></span> 
     </span>
     <span class='ocr_line' id='line_1_94' title="bbox 1012 5172 1829 5249; baseline -0.01 -15"><span class='ocrx_word' id='word_1_676' title='bbox 1012 5180 1067 5235; x_wconf 86' lang='lat' dir='ltr'><strong>Ore</strong></span> <span class='ocrx_word' id='word_1_677' title='bbox 1079 5194 1137 5234; x_wconf 91' lang='lat' dir='ltr'><strong>uno</strong></span> <span class='ocrx_word' id='word_1_678' title='bbox 1152 5184 1267 5249; x_wconf 90' lang='lat' dir='ltr'><strong>stupeas</strong></span> <span class='ocrx_word' id='word_1_679' title='bbox 1282 5176 1414 5232; x_wconf 88' lang='lat' dir='ltr'><strong>millenas</strong></span> <span class='ocrx_word' id='word_1_680' title='bbox 1428 5191 1542 5231; x_wconf 89' lang='lat' dir='ltr'><strong>currere</strong></span> <span class='ocrx_word' id='word_1_681' title='bbox 1556 5175 1679 5245; x_wconf 89' lang='lat' dir='ltr'><strong>linguas.</strong></span> <span class='ocrx_word' id='word_1_682' title='bbox 1825 5172 1829 5176; x_wconf 75' lang='grc'>’</span> 
     </span>
     <span class='ocr_line' id='line_1_95' title="bbox 1011 5262 1750 5333; baseline -0.008 -11"><span class='ocrx_word' id='word_1_683' title='bbox 1011 5268 1137 5323; x_wconf 89' lang='lat' dir='ltr'><strong>Tandem</strong></span> <span class='ocrx_word' id='word_1_684' title='bbox 1153 5267 1290 5322; x_wconf 87' lang='lat' dir='ltr'><strong>distortus</strong></span> <span class='ocrx_word' id='word_1_685' title='bbox 1301 5271 1436 5321; x_wconf 89' lang='lat' dir='ltr'><strong>vacuatus</strong></span> <span class='ocrx_word' id='word_1_686' title='bbox 1450 5269 1478 5318; x_wconf 90' lang='lat' dir='ltr'><strong>et</strong></span> <span class='ocrx_word' id='word_1_687' title='bbox 1490 5263 1603 5333; x_wconf 89' lang='lat' dir='ltr'><strong>hospite</strong></span> <span class='ocrx_word' id='word_1_688' title='bbox 1618 5268 1646 5317; x_wconf 86' lang='lat' dir='ltr'><strong>at</strong></span> <span class='ocrx_word' id='word_1_689' title='bbox 1659 5262 1750 5328; x_wconf 87' lang='lat' dir='ltr'><strong>hoste,</strong></span> 
     </span>
    </p>
   </div>
   <div class='ocr_carea' id='block_1_17' title="bbox 1008 5436 1856 5515">
    <p class='ocr_par' dir='ltr' id='par_1_44' title="bbox 1008 5436 1856 5515">
     <span class='ocr_line' id='line_1_96' title="bbox 1008 5436 1856 5515; baseline -0.006 -17"><span class='ocrx_word' id='word_1_690' title='bbox 1008 5443 1125 5514; x_wconf 88' lang='lat' dir='ltr'><strong>jectam,</strong></span> <span class='ocrx_word' id='word_1_691' title='bbox 1152 5443 1276 5515; x_wconf 88' lang='lat' dir='ltr'><strong>explicat</strong></span> <span class='ocrx_word' id='word_1_692' title='bbox 1297 5444 1397 5498; x_wconf 88' lang='lat' dir='ltr'><strong>Petrus</strong></span> <span class='ocrx_word' id='word_1_693' title='bbox 1417 5440 1452 5495; x_wconf 89' lang='lat' dir='ltr'><strong>de</strong></span> <span class='ocrx_word' id='word_1_694' title='bbox 1469 5440 1555 5495; x_wconf 90' lang='lat' dir='ltr'><strong>llaria</strong></span> <span class='ocrx_word' id='word_1_695' title='bbox 1569 5438 1623 5494; x_wconf 91' lang='lat' dir='ltr'><strong>sub</strong></span> <span class='ocrx_word' id='word_1_696' title='bbox 1644 5438 1732 5493; x_wconf 83' lang='lat' dir='ltr'><strong>finem</strong></span> <span class='ocrx_word' id='word_1_697' title='bbox 1748 5436 1813 5493; x_wconf 88' lang='lat' dir='ltr'><strong>libri</strong></span> <span class='ocrx_word' id='word_1_698' title='bbox 1835 5454 1856 5510; x_wconf 87' lang='lat' dir='ltr'><strong>r,</strong></span> 
     </span>
    </p>
   </div>
   <div class='ocr_carea' id='block_1_18' title="bbox 144 5509 1606 5586">
    <p class='ocr_par' dir='ltr' id='par_1_45' title="bbox 144 5509 1606 5586">
     <span class='ocr_line' id='line_1_97' title="bbox 144 5509 1606 5586; baseline 0.003 -25"><span class='ocrx_word' id='word_1_699' title='bbox 144 5511 157 5552; x_wconf 79' lang='lat' dir='ltr'><strong>b</strong></span> <span class='ocrx_word' id='word_1_700' title='bbox 172 5509 350 5579; x_wconf 82' lang='lat' dir='ltr'><strong>vasconiam,</strong></span> <span class='ocrx_word' id='word_1_701' title='bbox 366 5526 426 5565; x_wconf 79' lang='lat' dir='ltr'><strong>eave</strong></span> <span class='ocrx_word' id='word_1_702' title='bbox 442 5509 557 5567; x_wconf 90' lang='lat' dir='ltr'><strong>ltilonis</strong></span> <span class='ocrx_word' id='word_1_703' title='bbox 571 5509 697 5581; x_wconf 85' lang='lat' dir='ltr'><strong>Regibus</strong></span> <span class='ocrx_word' id='word_1_704' title='bbox 711 5511 874 5581; x_wconf 79' lang='lat' dir='ltr'><strong>Aquitanica</strong></span> <span class='ocrx_word' id='word_1_705' title='bbox 888 5514 955 5569; x_wconf 91' lang='lat' dir='ltr'><strong>sub·</strong></span> <span class='ocrx_word' id='word_1_706' title='bbox 977 5511 998 5566; x_wconf 85' lang='lat' dir='ltr'>D</span> <span class='ocrx_word' id='word_1_707' title='bbox 1011 5520 1040 5570; x_wconf 89' lang='lat' dir='ltr'><strong>et</strong></span> <span class='ocrx_word' id='word_1_708' title='bbox 1053 5514 1168 5570; x_wconf 89' lang='lat' dir='ltr'><strong>initium</strong></span> <span class='ocrx_word' id='word_1_709' title='bbox 1183 5513 1331 5586; x_wconf 87' lang='lat' dir='ltr'><strong>sequentis</strong></span> <span class='ocrx_word' id='word_1_710' title='bbox 1347 5512 1451 5569; x_wconf 85' lang='lat' dir='ltr'><strong>Hister.</strong></span> <span class='ocrx_word' id='word_1_711' title='bbox 1468 5509 1606 5566; x_wconf 81' lang='lat' dir='ltr'><strong>Baarniae.</strong></span> 
     </span>
    </p>
   </div>
   <div class='ocr_carea' id='block_1_19' title="bbox 0 0 1978 6098">
    <p class='ocr_par' dir='ltr' id='par_1_46' title="bbox 0 0 1978 6098">
     <span class='ocr_line' id='line_1_98' title="bbox 0 0 1978 6098; baseline 0 0"><span class='ocrx_word' id='word_1_712' title='bbox 0 0 1978 6098; x_wconf 95' lang='lat' dir='ltr'><strong> </strong></span> 
     </span>
    </p>
   </div>
  </div>
 </body>
</html>
