3930 6098
106 265 158 316 ets·
636 260 754 317 SERth
774 261 817 316 DC
838 259 1105 316 ruauslt‘uollu
1126 259 1154 314 S.
1175 259 1320 314 AllAlllll.
1805 265 1849 318 916

107 394 196 465 ipsios
211 411 270 449 nou
282 394 409 464 ignaros.
425 391 473 445 llic
483 391 580 462 itaque
595 391 630 445 ad
642 391 852 446 dedicationem
870 405 949 446 uovae
968 390 1129 448 humandi
1158 392 1326 459 corpusculo
1361 391 1578 461 incorruptione
1600 391 1800 446 membrorum
1825 399 1848 447 et

107 483 232 537 ecclesiae
255 487 340 552 atque
364 481 398 534 ad
418 479 630 533 transferendas
645 479 674 532 iu
699 479 777 533 illam
793 480 865 533 sacri
889 496 951 535 cor·
1008 480 1187 544 meritorum,
1214 478 1301 548 siqui
1326 478 1483 531 [ntereraut
1505 480 1554 548 qui
1579 496 1614 532 eo
1632 480 1747 533 virente
1770 482 1803 534 dc
1820 483 1848 534 si-

107 570 185 640 poris
209 569 345 639 reliquias
360 568 391 622 iu
407 569 477 622 urbe
494 568 716 638 Noviomugensi
730 574 866 635 reuerat;
887 571 952 638 plu·
1007 583 1130 637 guorum
1152 567 1239 636 ipsius
1257 568 1452 636 magnitudine
1469 567 1683 632 dubitaverant,
1699 570 1731 622 iu
1745 575 1847 623 mortuo

107 659 180 711 rima
195 657 302 728 quippe
317 657 345 710 in
366 673 424 711 soce
441 656 569 710 dioecesis
585 657 776 710 sollicitudine
792 657 954 727 sagacitatis
1007 657 1083 726 qood
1110 655 1262 725 multiplici
1279 656 1390 708 timoris
1414 658 1555 708 anxietate
1570 663 1760 726 pavescerent
1780 659 1848 711 vide-

106 747 246 800 iudustria
269 746 404 815 pollebat.
430 745 482 799 Ubi
499 761 564 798 vcro
588 746 700 798 tumulo
725 762 804 800 sacro
829 747 954 801 rernovit
1007 744 1084 798 baut.
1110 744 1163 809 Qui
1197 752 1291 798 autern
1313 760 1345 797 eo
1371 746 1468 798 audito
1495 760 1552 798 riou
1584 745 1799 813 obtemperasse
1823 762 1847 798 se

105 836 318 906 cooperculum,
350 834 456 904 reperit
487 833 666 902 insperatum
704 833 808 887 divium
839 834 954 889 virtutis
1008 834 1069 903 ejus
1094 832 1255 887 salubribus
1280 833 1395 886 monitis
1418 834 1621 901 meminerant,
1639 850 1669 886 se
1684 833 1747 887 haec
1768 835 1847 904 parti·

107 922 286 985 miraculum,
309 922 508 991 corpusculum
524 921 630 975 scilicet
645 922 733 975 saucti
751 923 853 986 Patris,
868 930 897 976 ut
913 923 953 978 ibi
1007 920 1140 991 pendisse
1163 936 1276 975 summo
1301 921 1432 975 moeroris
1455 922 1580 975 lamento
1605 922 1794 992 plangebant.
1818 927 1846 976 tl

105 1017 170 1063 aute
191 1011 332 1065 sexdecim
357 1026 447 1063 anuos
473 1010 596 1080 positum
625 1009 717 1063 luerat
741 1010 951 1082 incorruptum.
1007 1010 1056 1080 qui
1073 1010 1134 1080 ejus
1150 1009 1314 1080 magisterio
1329 1016 1472 1080 praecepta
1487 1009 1583 1063 vitalia
1598 1009 1747 1063 nuntianti
1766 1010 1844 1064 iuhe-

104 1099 175 1152 Tum
189 1100 377 1153 demumtam
394 1097 534 1167 inopinati
557 1098 732 1167 stupefactus
756 1099 881 1153 novitate
898 1099 951 1153 rni-
1007 1104 1112 1165 serant,
1136 1115 1165 1152 se
1182 1098 1242 1152 haec
1257 1103 1285 1152 et
1309 1099 1425 1153 auribus
1450 1098 1572 1151 audiisse
1589 1105 1618 1151 ct
1643 1098 1755 1151 aclibus
1780 1115 1845 1152 exer·

105 1188 205 1251 raculi,
223 1187 329 1257 gratias
342 1187 401 1256 egit
420 1202 538 1240 summae
555 1187 710 1252 Divinitati,
734 1188 801 1258 quia
817 1189 953 1243 sauctitas
1006 1188 1098 1242 coisse
1114 1188 1287 1258 gaudebant.
1312 1188 1346 1241 Ut
1362 1203 1430 1240 vero
1444 1186 1534 1240 turbis
1551 1187 1685 1256 quamvis
1699 1188 1794 1241 adhuc
1807 1189 1845 1241 de·

106 1274 155 1346 qni
177 1276 206 1328 iu
221 1275 347 1329 claritate
361 1274 513 1338 claruerat,
527 1274 557 1326 iu
575 1280 689 1327 mortuo
705 1290 762 1328 nou
778 1276 894 1330 latebat.
913 1279 953 1332 Ne
1006 1277 1200 1331 sideraulibus
1224 1277 1379 1346 praedictus
1399 1276 1517 1329 antistes
1534 1276 1641 1345 Eligrus
1657 1277 1739 1330 duxit
1758 1275 1846 1330 satisla

105 1364 151 1437 cpi
173 1364 245 1418 lorte
271 1363 324 1418 hoc
346 1362 510 1433 prodigium
535 1362 667 1415 videatur
690 1362 867 1432 incredibile,
895 1381 953 1419 nou
1005 1371 1095 1433 ctum,
1114 1364 1354 1435 pretiosissimum
1370 1364 1493 1433 depositi
1507 1364 1672 1434 corpusculi
1689 1364 1843 1418 thesaurum

105 1451 193 1506 deluit
215 1452 307 1505 adhue
322 1451 372 1521 qui
393 1450 552 1504 mirabilius
568 1449 678 1521 aliquid
697 1449 728 1503 iu
752 1451 843 1521 ipsius
864 1452 953 1507 sancti
1008 1455 1091 1506 altius
1115 1452 1212 1507 telluri
1230 1452 1272 1522 (ut
1297 1458 1365 1506 tnnc
1386 1453 1475 1526 moris
1496 1460 1568 1524 erat)
1592 1454 1719 1508 credidit
1742 1454 1842 1509 abscou-

105 1541 157 1594 viri
173 1540 364 1593 sacratissimo
378 1555 497 1609 corpore
513 1543 612 1592 nostra
627 1537 656 1590 in
673 1543 755 1592 aetate
778 1539 953 1594 miraculum
1007 1540 1144 1606 deudum,
1169 1541 1297 1595 videlieet
1313 1545 1344 1594 ut
1366 1541 1501 1595 omnibus
1515 1558 1573 1596 uon
1597 1543 1646 1613 pie
1664 1544 1842 1614 quaerentibus

106 1644 135 1682 se
151 1626 530 1697 conllruiats'idisse2quod
547 1626 634 1679 etiam
653 1625 682 1679 iu
702 1627 840 1680 alterode
858 1629 953 1683 eleva·
1007 1629 1172 1684 inveniendi
1203 1629 1276 1683 illud
1307 1634 1462 1699 negaretur
1487 1631 1615 1684 laeultes.
1654 1631 1735 1686 lllius
1761 1632 1841 1703 itaque

104 1717 184 1772 tione
200 1716 363 1786 incorrupti
380 1715 526 1768 cadaveris
542 1716 604 1786 ejus
626 1730 758 1769 sermone
778 1716 886 1780 habito,
902 1716 951 1787 qni
973 1690 992 1743 B
1007 1718 1204 1772 translationis
1219 1734 1251 1772 ac
1273 1719 1427 1788 sepulture
1443 1719 1528 1773 decus
1551 1725 1580 1774 et
1596 1719 1648 1790 qui
1669 1720 1787 1774 ederant
1802 1736 1839 1773 ro·

104 1805 228 1858 voluerit
256 1809 351 1857 uestra
379 1802 590 1873 qualiacunque
624 1803 681 1856 siut
713 1803 820 1874 legere,
848 1805 954 1874 polerit
1006 1805 1043 1858 tis
1062 1804 1241 1858 celebravere
1263 1804 1441 1859 solemnibus
1455 1811 1540 1876 atque
1560 1807 1619 1860 suis
1635 1808 1760 1876 posteris
1781 1809 1837 1860 cele·

104 1908 284 1963 cognoscere.
307 1890 335 1944 Si
360 1892 436 1944 cuim
461 1895 590 1944 aromata
611 1890 869 1960 pigmentariorum
892 1900 953 1948 arte
1007 1894 1147 1948 brandum
1168 1893 1288 1947 decretis
1311 1899 1436 1947 statuere
1452 1894 1624 1960 salubribus,
1641 1911 1729 1950 sacrae
1753 1897 1838 1949 scilieet

106 1982 226 2034 coulicta
249 1981 376 2033 humana
402 1993 585 2049 nequaquam
614 1985 677 2047 post
707 1986 830 2033 mortem
855 1980 954 2035 sinunt
1008 1982 1149 2036 eucaeuias
1170 1982 1306 2050 basilicae,
1324 1987 1408 2053 atquc
1425 1983 1470 2036 die
1492 1984 1590 2037 eodem
1614 1984 1758 2053 deportati
1772 1984 1837 2038 cada·

105 2075 270 2141 putrescere
316 2067 471 2133 cadavera3
506 2067 598 2120 multo
630 2069 722 2137 magis
765 2069 840 2121 credi
873 2070 953 2126 decet
1008 2071 1080 2125 reris
1097 2071 1262 2141 prodigium
1281 2071 1476 2137 memorabile,
1492 2072 1569 2142 quod
1584 2071 1836 2127 hacteuusauobis

106 2158 179 2212 tanti
215 2156 328 2227 patroni
366 2155 468 2222 merita
505 2154 681 2208 mirabilium
717 2171 837 2226 operum
874 2158 953 2212 indi·
1007 2175 1160 2213 numeroso
1193 2160 1367 2229 populorum
1388 2165 1462 2214 coetu
1485 2162 1519 2214 ad
1540 2162 1760 2215 haecsolemnia
1787 2176 1835 2213 cuu-

104 2246 155 2300 ciis
188 2246 329 2300 declarata
362 2258 474 2298 servare
506 2244 633 2313 potuisse
667 2245 805 2310 membra,
840 2248 954 2301 vascula
1007 2249 1125 2315 llueule,
1149 2249 1343 2302 anniversarie
1366 2250 1487 2320 septimo
1512 2249 1707 2304 Kalendarum
1735 2251 1835 2304 lt'oscm·

106 2335 238 2389 videlicet
276 2349 326 2387 sua
363 2332 393 2385 iu
426 2331 531 2402 quibus
573 2331 789 2401 habitaverant,
824 2335 953 2390 inconta-
1007 2336 1103 2391 brium
1124 2336 1468 2402 die,debitocelcbratur
1489 2338 1608 2391 honore.
1634 2337 1835 2406 Ordinatisigi·

107 2424 224 2477 minata.
242 2421 429 2491 Deportatum
450 2420 547 2490 itaque
569 2419 645 2473 beati
666 2421 808 2489 pontilicis
830 2423 954 2477 amandi
1007 2431 1055 2479 tor
1078 2425 1214 2479 omuibus
1233 2432 1317 2495 atque
1340 2424 1481 2478 universis
1502 2441 1566 2495 quas
1586 2426 1623 2479 ad
1644 2432 1775 2480 ornatum
1794 2423 1834 2478 loci

107 2511 306 2582 corpusculum
323 2508 378 2562 sihi
399 2514 565 2579 praeparalae
580 2509 740 2578 eademque
755 2509 801 2562 die
816 2511 953 2565 dedicatae
1008 2513 1065 2567 sire
1082 2513 1224 2584 stipendia
1243 2513 1353 2567 ordinis
1373 2515 1523 2568 monastici
1538 2516 1733 2584 pertinebant,
1750 2513 1835 2585 prola·

106 2598 230 2653 basilicas
245 2595 363 2651 intrarit
386 2595 592 2648 babitaculum.
611 2595 651 2648 lbi
674 2596 810 2664 usquein
829 2613 951 2668 sequeu-
1008 2603 1113 2656 cultate
1135 2618 1185 2656 sua
1210 2602 1283 2656 bene
1304 2608 1554 2672 congruenterque
1577 2604 1732 2673 dispositis,
1749 2601 1833 2672 singoli

106 2692 164 2742 tem
180 2687 257 2742 diem
282 2685 471 2740 famulantum
486 2689 528 2738 est
548 2683 685 2754 obsequio
700 2684 884 2751 aristoditum,
902 2687 952 2740 do·
1009 2689 1116 2759 quique
1140 2688 1270 2743 fidelium
1292 2689 1326 2742 ad
1346 2688 1463 2758 propria
1487 2690 1664 2760 repedarunt
1687 2691 1832 2760 gaudentes,

107 2793 159 2830 uec
185 2775 327 2845 completa
351 2790 367 2827 a
394 2773 511 2842 proelato
531 2772 659 2826 antistite
684 2772 775 2843 Eligio
799 2778 954 2830 missarum
1008 2779 1114 2847 gratias
1126 2784 1231 2831 sanctae
1246 2783 1274 2830 et
1288 2777 1444 2831 indiriduce
1460 2778 1589 2831 Trinitali
1608 2795 1695 2849 super
1708 2781 1833 2833 inenarra-

107 2864 229 2919 solemni
252 2861 453 2924 celebratione,
479 2861 581 2930 ingens
602 2865 797 2930 spectaculum
812 2862 954 2918 universae
1007 2866 1114 2919 bilibus
1130 2865 1190 2934 ejus
1205 2871 1320 2934 agentes
1342 2865 1520 2932 muneribus,
1535 2865 1641 2935 quibus
1657 2867 1692 2920 ab
1705 2867 1783 2920 initio
1794 2880 1832 2918 se·

107 2953 184 3025 plebi
199 2951 324 3023 praebuit
339 2950 373 3004 ad
390 2951 439 3003 has
452 2950 601 3020 exsequias
616 2958 806 3020 congregate.
831 2951 953 3006 Colloca-
973 2987 993 3040 C
1014 2955 1069 3008 culi
1081 2952 1213 3009 omuibus
1229 2970 1258 3006 se
1279 2953 1438 3008 inveritate
1452 2955 1648 3024 querentibus
1669 2965 1712 3008 est
1724 2951 1831 3010 misereri

106 3048 169 3097 tum
184 3041 292 3095 etenim
308 3038 337 3092 iu
354 3038 449 3093 medio
464 3038 565 3109 templi
578 3039 651 3092 atrio
666 3055 759 3092 eoram
777 3040 877 3094 altario
890 3057 953 3095 ror·

107 3146 161 3200 pus
181 3128 375 3184 honorilieum
400 3127 535 3180 omnibus
554 3127 805 3181 circumstantibus
832 3129 955 3199 praebuit

107 3217 375 3287 contemplandum,
399 3216 585 3286 ejusdemque
618 3215 810 3270 venerabilem
844 3219 957 3272 vultum·

107 3307 251 3363 detectum
275 3304 456 3376 cupientibus
471 3304 564 3358 turbis
585 3305 756 3358 monstrarit
771 3306 953 3372 intuendum,

109 3397 248 3467 paciferos
271 3395 388 3462 iusuper
411 3392 501 3463 ipsius
526 3392 617 3446 saneti
640 3393 727 3462 pedes
750 3399 836 3464 atque
853 3411 954 3448 manus

108 3483 250 3538 concessit
292 3481 413 3535 osculari
451 3479 588 3533 virtutum
633 3481 814 3550 operatrices.
858 3482 955 3546 Qrialis

109 3576 291 3641 quantusque
314 3569 355 3623 ibi
379 3574 480 3638 stupor
495 3567 599 3638 gaudio
623 3567 835 3636 mistnsluerit,
860 3573 955 3624 excel-

108 3659 197 3715 lentia
210 3664 269 3713 tam
282 3656 422 3712 mirabilis
435 3656 501 3710 lacti
517 3656 620 3726 prodit.
639 3655 832 3712 lneuarrabilo
848 3658 954 3712 etenim

108 3755 176 3802 tuuc
192 3747 367 3801 Christicolis
381 3746 474 3799 iuerat
487 3745 636 3815 gaudium,
653 3761 717 3799 eum
735 3746 844 3815 gemini
859 3762 955 3800 sacer-

107 3838 188 3891 dotes
212 3834 357 3890 Amaudus
378 3839 462 3904 atque
488 3832 596 3901 Eligius
612 3832 712 3886 ordine
736 3835 882 3888 etmerito
906 3835 955 3888 iu-

108 3925 185 3995 clyti,
203 3924 279 3978 velut
297 3924 354 3976 duo
371 3921 524 3975 luminaria
541 3920 643 3975 muudi
665 3921 790 3975 coelestia
805 3923 914 3976 meritis
927 3927 955 3977 et

107 4020 221 4068 terrena
249 4011 425 4081 complentes
451 4009 589 4062 virtutum
613 4009 712 4074 radiis,
737 4026 833 4062 eoram
857 4010 953 4064 divino

107 4102 207 4156 altario
223 4098 308 4169 positi
323 4097 456 4167 sutfragia
469 4097 631 4150 orationum
647 4113 762 4150 suarum
781 4098 954 4168 largirentur

108 4189 200 4242 turbae
225 4186 440 4250 circumstanti,
466 4200 539 4237 uuus
561 4184 664 4237 horum
686 4190 820 4253 superata
841 4187 953 4256 antiqui

1010 3041 1152 3110 diguatus.
1178 3041 1327 3095 Rationem
1352 3046 1384 3094 ut
1399 3042 1541 3095 credimus
1556 3042 1703 3096 hodiernae
1727 3041 1832 3095 festivita·

1010 3130 1045 3184 tis
1060 3130 1249 3194 reddidimus,
1271 3147 1303 3182 ac
1319 3130 1388 3201 quid
1402 3130 1430 3182 iu
1448 3145 1481 3183 ea
1496 3129 1629 3195 colimus,
1650 3136 1789 3201 utcunque
1800 3128 1831 3180 his

1009 3219 1188 3290 paucissimis
1212 3220 1393 3273 sermonibus
1417 3219 1632 3289 explicavimus,
1650 3234 1736 3272 sacrae
1754 3216 1830 3271 rideli-

1008 3313 1053 3361 cet
1078 3307 1202 3361 basilicae
1232 3307 1440 3362 dedicationem
1467 3316 1553 3378 atque
1578 3308 1788 3361 translationem
1810 3304 1830 3356 iu

1008 3396 1099 3465 ipsam
1117 3396 1260 3466 pontilicis
1274 3396 1377 3450 Christi
1392 3397 1515 3450 amandi
1530 3397 1759 3450 memorabilem.

1044 3485 1186 3538 Praeterca
1201 3489 1231 3537 ut
1248 3484 1333 3537 etiarn
1350 3486 1513 3537 veneranda
1526 3484 1588 3552 ejus
1611 3485 1775 3537 solemnitas
1788 3476 1829 3533 diti

1008 3572 1084 3625 triuo
1099 3588 1157 3625 nou
1183 3571 1316 3626 indecora
1330 3572 1367 3625 sit
1386 3573 1503 3637 calculo,
1520 3573 1605 3624 tertia
1621 3573 1786 3641 supradicte
1797 3581 1829 3620 ce·

1010 3661 1133 3714 lebritati
1155 3676 1238 3714 causa
1254 3660 1406 3724 concurrit,
1432 3659 1600 3731 episcopalis
1616 3660 1725 3713 scilicet
1739 3654 1829 3712 honoris

1010 3748 1175 3818 assumptio,
1197 3747 1264 3818 quia
1275 3747 1464 3800 reverendum
1486 3752 1641 3816 patronum
1657 3751 1780 3799 nostrum
1793 3745 1828 3796 lie·

1010 3833 1108 3888 dierna
1122 3835 1167 3889 die
1187 3834 1387 3888 venerabiliter
1402 3834 1555 3887 recolimus
1578 3834 1752 3899 ordinatum,
1765 3837 1829 3900 atque
1873 3836 1875 3899 j

1009 3922 1093 3973 saluti
1108 3920 1297 3990 plurimorum
1312 3936 1435 3990 superna
1450 3920 1592 3991 dirigente
1609 3921 1763 3975 clementia
1773 3934 1827 3990 pou-

1009 4007 1114 4061 tilicem
1130 4009 1240 4063 coelitus
1264 4009 1371 4063 datum.
1390 4009 1457 4064 llaec
1471 4025 1539 4079 ergo
1563 4026 1677 4064 summo
1694 4004 1827 4064 devotionis

1008 4096 1101 4150 olllcio
1117 4096 1317 4150 honestissime
1333 4097 1520 4161 celebremus,
1538 4099 1732 4170 eumdemque
1746 4093 1825 4151 oratio-

1009 4200 1078 4237 uum
1095 4189 1257 4238 nostrarum
1279 4186 1439 4256 adjutorem
1455 4201 1487 4239 ae
1502 4186 1722 4255 suffragatorem
1736 4197 1824 4257 quart·

109 4276 199 4330 liostis
213 4273 365 4344 tyrannide
387 4272 531 4342 jamdum
556 4272 666 4326 Christo
688 4273 796 4326 scilicet
819 4289 885 4344 rege
902 4292 952 4328 suo
974 4277 1080 4329 limus.
1098 4273 1255 4326 Plurimum
1281 4274 1387 4344 quippe
1410 4274 1440 4328 iu
1456 4275 1617 4329 coelestibus
1638 4275 1750 4330 sedibus
1770 4268 1824 4324 obli·

108 4367 137 4419 iu
155 4363 261 4419 eoelesti
277 4361 370 4432 gloria
384 4361 576 4432 triumphans,
598 4360 669 4415 alter
687 4363 761 4416 inter
776 4364 854 4417 varia
870 4364 954 4434 hujus

108 4452 209 4508 muudi
231 4450 388 4505 certamina
409 4466 461 4520 pro
477 4450 578 4504 eodem
603 4456 635 4503 ut
654 4450 827 4505 invincibilis
852 4453 953 4522 agoni·

110 4544 189 4597 theta
205 4541 346 4595 desudans
362 4557 367 4594 :
386 4556 459 4593 unus
481 4555 512 4592 er
529 4539 573 4593 his
588 4545 621 4593 ut
642 4542 777 4593 emeritus
798 4541 879 4594 miles
891 4542 952 4610 jam

109 4631 169 4684 siue
186 4630 282 4684 labore
295 4627 416 4698 praemia
431 4626 601 4680 indefectiva
622 4643 778 4692 recensens,
795 4628 867 4681 alter
885 4644 951 4682 cou-

106 4724 151 4773 tra
165 4734 334 4772 numerosos
350 4718 436 4786 liujus
447 4717 510 4770 ritae
526 4715 680 4770 laboresac
696 4717 864 4786 riiulliplieia
880 4718 953 4788 peri-

106 4808 169 4862 cula
204 4806 315 4861 sudoris
345 4810 478 4876 gravatus
504 4804 647 4857 anxietate
672 4805 827 4874 persistens
849 4822 854 4858 :
877 4822 951 4860 uuus

107 4897 209 4949 borum
232 4897 296 4964 jure
311 4892 480 4963 pontificali,
506 4883 584 4945 more
600 4892 732 4946 videlicet
756 4909 817 4959 suo,
836 4899 952 4963 peracto

106 4980 200 5037 olficio
222 4998 369 5052 reposans,
396 4983 468 5034 alter
485 4981 604 5034 necdum
627 4981 787 5035 terminatis
804 4982 951 5036 solemniis

105 5075 137 5125 ul
160 5071 287 5142 pontifex
308 5069 451 5123 Christum
476 5069 646 5139 pontificum
670 5069 836 5138 pontificem
861 5070 950 5123 iuter·

105 5161 225 5231 pellens.
247 5159 402 5227 Fragraute
424 5157 513 5225 igitur
528 5157 557 5210 iu
578 5159 769 5212 sacratissimo
784 5157 886 5212 famuli
901 5156 950 5211 Dei

106 5299 315 5354 lllummoleuus
343 5300 494 5367 episcopus,
531 5296 613 5367 eligii
639 5314 791 5365 successor,
826 5299 949 5354 subscri·

105 5371 192 5434 psisso
208 5371 322 5439 legitur.
342 5369 402 5423 Nou
418 5385 486 5439 ergo
511 5367 631 5422 nmoorn
646 5368 764 5422 elevatio
788 5370 876 5424 tribui
899 5387 949 5440 po·

105 5442 159 5513 test
172 5440 271 5506 litigio,
287 5440 341 5494 Sed
356 5455 408 5492 uec
423 5439 477 5509 ipsi
490 5440 576 5493 etiam
591 5439 792 5507 lluuimoleuo,
806 5442 855 5510 qui
870 5456 947 5495 anuo

104 5518 178 5559 circa
209 5510 262 5562 tut
293 5509 421 5576 decessit,
449 5514 514 5563 autc
548 5525 639 5564 anuos
669 5510 782 5564 circiter
813 5511 948 5565 undecim

1008 4377 1076 4415 uere
1098 4377 1179 4431 posse
1199 4361 1325 4415 creditur
1336 4365 1397 4432 jam
1411 4379 1477 4417 cum
1499 4363 1612 4418 Christo
1629 4365 1744 4435 positus,
1758 4357 1823 4415 cluit

1009 4449 1092 4502 terris
1112 4455 1294 4502 conversatus
1310 4449 1340 4502 iu
1364 4450 1499 4504 omuibus
1519 4451 1604 4505 bonis
1619 4452 1728 4506 actibus
1745 4446 1823 4502 seulrt

1008 4538 1115 4592 studuit
1136 4538 1305 4592 indefessus.
1322 4538 1363 4592 Ab
1387 4539 1459 4608 ipsis
1479 4539 1625 4609 siquidem
1642 4539 1765 4611 pueritie
1782 4543 1821 4587 ⁵¹¹2

1007 4625 1170 4694 crepundiis
1191 4625 1300 4678 divinis·
1315 4626 1445 4679 famulari
1462 4626 1550 4696 elegit
1565 4627 1720 4698 obsequiis,
1744 4625 1821 4679 acltll

1007 4713 1091 4766 corde
1104 4713 1221 4766 vivificis
1236 4713 1350 4767 Domini
1366 4715 1407 4767 sui
1423 4716 1539 4769 obedire
1557 4717 1709 4770 mandatis.
1727 4715 1773 4770 llec
1784 4711 1820 4762 iu·

1007 4804 1107 4858 merito
1133 4805 1290 4874 apostolico
1312 4805 1447 4860 vocabolo
1467 4807 1563 4862 virens
1579 4811 1687 4862 meruit
1707 4796 1819 4874 insigniri,

1005 4908 1129 4961 quorum
1154 4893 1285 4963 exempla
1299 4896 1462 4965 concupivit
1487 4896 1619 4950 imitari:
1638 4898 1772 4968 siquidem
1789 4901 1820 4940 tt·

1005 4983 1084 5036 celsis
1114 4999 1212 5037 eorum
1238 4982 1346 5036 meritis
1376 4983 1479 5055 diguus
1502 4984 1618 5039 habitus
1644 4993 1687 5039 est
1711 4982 1820 5055 particeps

1005 5068 1077 5134 lieri,
1101 5070 1150 5140 qui
1165 5071 1267 5141 patria,
1284 5071 1450 5141 parentibus
1472 5086 1505 5124 ac
1519 5072 1657 5126 omnibus
1671 5071 1765 5127 mundi
1776 5077 1819 5136 pos·

1004 5157 1177 5212 sessionibus
1192 5158 1304 5228 spretis,
1325 5158 1427 5212 Christi
1443 5159 1531 5229 elegit
1546 5158 1706 5231 discipulus
1719 5156 1789 5213 citici.
1800 5153 1820 5202 ll

1004 5314 1089 5368 qnam
1112 5299 1138 5354 S.
1163 5298 1285 5354 ltmaudi
1310 5317 1414 5371 corpus
1436 5318 1451 5355 e
1474 5302 1536 5356 loco
1562 5310 1727 5360 moreretur
1744 5318 1751 5354 ε
1767 5289 1818 5370 quel

1002 5386 1078 5493 pono
1092 5375 1158 5494 post
1172 5372 1282 5425 obitum
1297 5379 1375 5426 sesto
1394 5373 1505 5428 decimo
1528 5373 1635 5430 factum
1652 5380 1703 5443 est,
1718 5373 1756 5428 uti
1769 5371 1818 5436 lep·

1016 5457 1050 5493 ur
1065 5457 1093 5494 ru
1109 5457 1149 5495 ra.
