3930 6098
106 293 153 349 183

463 286 685 343 ulsssurlrto
704 287 739 341 ΙΝ
760 286 824 343 LlB.
845 287 890 341 DE
910 282 1079 349 CORPORE
1093 282 1137 337 Er
1156 280 1329 337 sanentur
1349 278 1480 337 bostut.

1801 283 1849 336 tel

103 429 175 495 tare,
196 442 255 482 non
282 426 432 495 sequentes
458 419 657 476 estimationis
680 424 786 475 nostras
808 433 945 490 praesum·
962 420 986 471 a
1001 413 1174 469 incurreret.
1211 413 1312 468 Eccam
1341 413 1532 486 questionem
1567 412 1700 469 Carolum
1728 413 1846 468 Calvum

104 497 244 568 plisnam,
257 495 304 550 sed
320 493 463 617 map'orum
477 492 622 545 intuentes
637 491 847 545 auctoritatem.
864 509 878 540 u

141 571 174 624 ll.
192 570 229 622 Ex
251 582 285 619 eo
302 580 359 635 quo
404 579 485 617 ηοω.
510 565 544 617 ab
568 563 666 617 multis
689 562 832 617 adversari
855 578 885 615 sc
909 560 949 614 fa·

105 644 200 694 tratur
214 637 396 701 flatrumnus,
421 633 566 688 contendit
585 633 751 687 dissertator
773 638 873 687 eontra
898 631 949 686 do·

105 709 225 763 ctrinam
237 706 368 761 Ecclesiae
389 705 561 776 disputasse.

450 808 606 847 uusaousto.

141 884 216 950 Esto,
229 882 258 937 id
269 883 392 937 fateatur
408 881 591 946 llatramnus,
612 881 661 934 sed
676 880 830 934 multitudo
847 880 951 934 adrer-

105 954 247 1009 sariorum
272 953 447 1008 coalescebat
465 967 499 1007 ex
526 951 560 1003 iis
584 951 633 1022 qui
659 950 767 1005 nullam
794 967 855 1005 esse
874 950 951 1020 figu-

105 1041 179 1089 ram,
199 1025 249 1080 sed
271 1025 369 1078 omnia
385 1025 416 1077 iu
440 1026 539 1093 aperto
563 1023 691 1091 patelieri
715 1023 745 1076 in
774 1021 953 1076 Eucliaristia

105 1095 311 1151 defendebant:
336 1112 401 1165 quus
429 1091 572 1148 sententia
601 1108 718 1161 prorsus
748 1108 867 1146 erroneo
900 1094 950 1156 est,

6 1181 8 1186 ’
107 1167 258 1223 Paschasiu
286 1171 313 1220 et
330 1166 485 1220 ltatramno
512 1163 694 1232 aequabiliter
721 1179 896 1234 repugnans,
924 1167 953 1216 et

106 1238 241 1292 omuibus
268 1236 394 1307 antiquis
422 1233 550 1289 Ecclesiae
575 1233 739 1288 doctoribus
766 1234 893 1288 adversa.
922 1233 952 1287 ld

108 1308 289 1363 abundanter
302 1312 381 1376 patet
400 1322 434 1360 ex
457 1305 501 1359 his
518 1318 598 1356 num.
623 1307 657 1361 32
672 1304 781 1358 serbis:
802 1326 812 1352 ι
832 1304 881 1358 llic
892 1303 952 1373 jam

107 1379 158 1434 illa
180 1378 326 1432 suboritur
352 1376 483 1448 quoestio,
506 1389 593 1443 quam
617 1376 736 1446 plurimi
760 1380 954 1446 proponentes

107 1450 266 1520 loquuntur
280 1464 339 1502 non
354 1449 384 1501 in
402 1449 504 1516 ligura,
519 1444 613 1499 sedin
629 1447 754 1508 veritate,
769 1446 849 1499 idest
867 1444 954 1499 mani·

106 1521 177 1575 feste
193 1519 255 1574 lieri
270 1535 275 1572 :
293 1519 347 1572 ista
361 1519 488 1574 dicentes
514 1523 678 1571 sanctorum
702 1516 812 1587 scriptis
838 1518 953 1570 Patrum

108 1591 249 1646 contraire
268 1589 498 1660 comprobantur.
521 1607 534 1635 ο
559 1586 612 1641 Sed
659 1587 707 1641 uid
723 1587 802 1641 tum?
819 1586 953 1657 Nunquid

108 1677 169 1716 non
183 1660 348 1716 Paschasius
363 1661 468 1714 mullos
483 1677 512 1713 se
528 1604 753 1713 habereiatetur
766 1658 951 1722 adversarios,

109 1730 516 1786 nonseeusaeltatramnus?
555 1729 611 1783 uod
637 1728 824 1793 intelligimus
850 1745 883 1782 er
910 1728 955 1781 his

108 1803 202 1856 verbis
217 1800 345 1871 epistolae
360 1802 394 1856 ad
411 1746 604 1873 aruspicium
623 1816 688 1879 pag.
717 1802 801 1854 1625:
820 1820 831 1848 ι
849 1799 957 1854 Τοωεη

109 1875 146 1928 ad
164 1872 386 1943 intelligentiam
402 1872 488 1941 hujus
503 1871 631 1944 mysterii
652 1871 748 1938 plures
763 1869 925 1934 eommovi;
943 1889 955 1916 a

111 1949 139 1998 et
150 1944 234 1998 initio
258 1943 344 2012 hujus
363 1943 500 2012 epistota,
521 1958 584 2014 pag.
604 1944 687 1996 tota:
710 1941 813 2008 Quaeris
839 1943 909 1994 euim
925 1940 958 1994 cle

111 2030 183 2069 recu
197 2029 253 2083 quc
271 2014 351 2067 multi
361 2013 498 2068 dubitant.
514 2015 546 2069 ln
559 2013 660 2066 eadem
675 2013 796 2081 epistola
814 2010 958 2080 conceptis

111 2084 205 2137 verbis
220 2085 375 2139 Retramno
389 2084 543 2139 assentitur
562 2082 740 2149 Paschasius,
759 2082 863 2152 pagina
880 2081 958 2135 seili-

113 2160 158 2209 cet
173 2157 251 2220 ibit),
275 2155 330 2208 litt.
357 2155 386 2221 E,
412 2155 442 2208 in
468 2171 524 2225 qua
546 2159 655 2209 textum
680 2153 829 2208 llatramni
854 2168 889 2206 ex
905 2152 959 2206 huc

113 2240 235 2279 numero
258 2227 292 2280 32
320 2223 498 2295 exscripsisse
520 2226 683 2280 videtum«
713 2224 747 2277 Et
765 2224 829 2277 ideo
847 2224 870 2276 si
895 2222 959 2294 quis

114 2295 183 2350 dicit
201 2295 275 2349 hanc
296 2311 411 2349 carnem
430 2300 458 2350 et
477 2296 553 2350 hunc
575 2295 744 2366 sanguinem
766 2294 804 2347 sie
824 2295 885 2365 ipsa
898 2309 959 2347 esse

114 2365 222 2437 absque
249 2365 384 2436 mysterio
407 2371 435 2419 st
460 2372 647 2430 sacramento,
677 2381 730 2419 nec
756 2366 785 2418 in
809 2366 902 2435 ligura
925 2380 959 2417 er

114 2442 195 2507 parte
216 2437 400 2501 sumendum,
417 2441 448 2490 ut
466 2437 509 2491 illi
525 2444 593 2491 tune
609 2437 736 2491 carnales
754 2435 906 2489 carnaliter
919 2451 961 2487 sn·

115 2508 238 2578 pientes,
250 2513 340 2561 totum
350 2506 475 2577 dissipat.
494 2529 504 2555 s
518 2509 654 2579 Adeoque
664 2507 779 2560 difficile
790 2505 962 2571 intelligitur

116 2578 185 2646 quid
201 2576 379 2633 conducibile
392 2578 614 2632 sitdisserlatori
625 2593 658 2631 ex
673 2578 727 2631 hoc
738 2592 859 2630 numero
873 2580 916 2642 52,
931 2581 962 2630 ut

117 2649 304 2704 llatramuum
314 2649 457 2703 adversari
468 2649 598 2703 Ecclesiae
609 2647 760 2704 Catholicae
771 2649 959 2702 demonstret.

152 2719 199 2773 lll.
227 2720 293 2773 Eam
319 2720 356 2773 ob
379 2734 439 2772 rem
468 2720 507 2772 sic
529 2719 684 2773 continenti
713 2734 845 2772 sermone
868 2718 962 2788 pergit

117 2789 293 2856 dissertator,
310 2806 377 2860 pag.
401 2792 468 2844 175:
487 2792 609 2845 Primum
628 2791 725 2857 igitur,
744 2789 840 2858 inquit
852 2789 886 2843 de
908 2789 960 2842 Ra-

117 2865 242 2924 tramno,
257 2876 338 2914 ηοω.
354 2862 381 2924 8,
401 2864 518 2928 liparam
536 2877 552 2914 o
568 2861 679 2914 ueritate
693 2860 839 2926 distinguit
854 2863 962 2914 eotenus

119 2931 191 2999 quod
204 2935 234 2984 in
250 2933 340 2999 figura
363 2931 441 2984 alind
462 2930 628 2998 intelligitur
651 2946 733 2999 quom
756 2930 867 2985 dicitur.
894 2931 964 2994 Quo·

118 3003 191 3055 circu
205 3016 252 3056 nec
277 3004 342 3056 vitis
366 2999 473 3055 Christi
496 3017 544 3056 nec
565 3002 691 3070 patibiles
713 3003 838 3069 apostoli,
857 3002 908 3055 etsi
934 3002 964 3053 in

117 3074 205 3126 sacris
228 3073 339 3139 popinis
354 3072 384 3125 id
407 3087 501 3126 nomen
520 3073 635 3126 hubent:
659 3076 684 3124 et
711 3072 819 3141 quondo
841 3071 965 3128 Christus

119 3141 222 3196 dicitnr
235 3147 316 3196 nctus
330 3157 469 3211 passusne,
491 3158 553 3197 uere
572 3157 713 3212 passusne
736 3158 797 3197 nere
822 3146 903 3196 nutus
918 3145 964 3195 tn·

120 3213 261 3278 telligitur,
278 3214 337 3272 hoc.
353 3216 454 3282 inquit,
474 3217 575 3268 neritus
593 3220 633 3267 est
646 3216 675 3267 iu
699 3216 865 3279 humatione,
877 3212 907 3266 id
926 3216 966 3267 est

119 3282 196 3336 nudo
211 3287 236 3336 et
254 3289 350 3351 aperto
373 3299 466 3338 uocrrm
491 3283 696 3351 significatione.
725 3285 788 3340 Cum
810 3290 892 3351 nepot
913 3282 965 3336 ibi·

121 3353 181 3407 dem
196 3358 222 3408 et
235 3356 339 3422 possim
353 3356 382 3407 in
405 3359 458 3408 toto
483 3369 569 3422 opere,
595 3355 744 3420 presertim
760 3369 833 3407 num.
862 3355 906 3416 32,
922 3352 967 3406 id-

122 3422 195 3493 quod
207 3428 247 3478 est
266 3427 295 3478 in
316 3425 402 3479 ultori
419 3439 474 3478 esse
490 3438 586 3492 corpus
611 3425 721 3477 Christi
743 3425 911 3490 inveritate,
936 3438 967 3476 uc

122 3495 208 3548 solnm
222 3496 263 3550 nit
273 3509 328 3549 esse
344 3497 372 3548 in
384 3496 508 3560 mysterii
519 3496 619 3562 ppnro,
635 3498 717 3561 nepot
729 3507 784 3547 esse
798 3493 880 3561 hujus
895 3495 968 3547 uocis

122 3579 219 3633 corpus
238 3565 345 3626 Christi
359 3565 460 3618 riudam
480 3568 506 3619 et
527 3569 650 3632 apertam
672 3565 912 3631 significationem:
925 3578 967 3616 ne·

122 3640 170 3704 pot
182 3636 301 3701 intelligi
314 3634 408 3689 dehere
422 3635 494 3703 quod
508 3634 610 3689 dieitur
623 3635 683 3691 'cult
695 3650 724 3688 eo
740 3634 878 3689 duntoact
896 3632 969 3704 quod

122 3705 220 3761 uidetis
232 3719 329 3775 corpau
344 3707 506 3773 significari.

467 3808 623 3849 RESPONSlO.

160 3882 221 3935 Nou
237 3884 316 3935 tanto
340 3881 494 3936 verborum
509 3881 628 3936 circuitu
653 3897 724 3951 opos
750 3885 792 3935 est
810 3897 860 3935 nee
875 3896 907 3934 er
922 3896 968 3935 ca·

123 3952 179 4007 libe
201 3953 297 4007 oleum
326 3953 485 4020 exprimere
509 3951 546 4005 ad
572 3951 803 4021 perspiciendum
829 3950 898 4021 quid
917 3966 970 4021 per

124 4027 240 4089 figuram
264 4026 452 4076 alacritatem
475 4022 617 4091 intelligat
644 4023 826 4076 Retramnus.
848 4022 969 4076 lleutem

125 4092 200 4146 euim
227 4091 318 4162 aperit
338 4092 495 4144 clarissime
519 4106 599 4145 num.
621 4096 680 4145 let
696 4094 733 4146 8:
753 4113 763 4140 ι
789 4091 898 4160 Figura,
925 4093 970 4146 in·

125 4162 198 4231 quit,
214 4167 256 4213 est
270 4160 450 4214 obumbratio
474 4160 605 4232 quadam
630 4161 802 4233 quibusdam
817 4162 968 4217 velamini-

124 4230 177 4285 bus
193 4229 365 4297 osleudsns;
390 4230 469 4285 verbi
493 4233 606 4300 gratia;
631 4234 750 4286 verbum
778 4234 905 4287 volentes
927 4232 969 4287 di·

125 4317 199 4365 cere,
221 4316 325 4371 panem
349 4305 541 4371 nuncupatus,
568 4302 641 4356 sicut
666 4303 695 4357 iu
722 4303 856 4359 Oratione
876 4303 970 4358 Domi-

125 4371 187 4426 nica
206 4387 309 4442 panem
334 4372 534 4442 quotidianum
561 4373 646 4427 nohis
667 4374 889 4445 expostulamus.
917 4376 969 4429 lle·

125 4443 193 4496 ritas
208 4457 275 4495 vero
292 4443 384 4512 (ηοω.
400 4443 427 4513 8)
452 4449 495 4497 est
514 4443 556 4498 rei
580 4443 732 4499 manifesta
753 4446 967 4511 demonstratio,
990 4466 1012 4520 p

124 4512 211 4569 nullis
226 4514 408 4568 tenebrarum
424 4513 599 4584 imaginibus
616 4515 756 4585 obvelata,
777 4516 826 4570 sed
847 4515 927 4587 puris
942 4520 972 4571 et

125 4583 475 4710 lilllbllt'ltlllt
490 4585 967 4712 ‘llqihmi'iefflilliii'iiiiii

124 4730 209 4780 natus
231 4725 267 4780 de
281 4726 408 4795 Virgine,
425 4672 714 4795 pas'suspcrncitixus,
734 4732 865 4782 mortuus
880 4734 907 4781 et
922 4743 967 4782 se·

124 4798 231 4867 pultus.
251 4798 414 4867 »Adeoque
439 4812 554 4852 necesse
577 4803 620 4852 est
634 4814 699 4853 cum
720 4799 761 4851 ait
784 4814 864 4852 num.
891 4800 924 4852 32
939 4803 969 4852 et

125 4867 187 4921 aliis
204 4867 345 4938 quosdam
368 4866 422 4922 sibi
441 4868 614 4938 persuadere
634 4885 735 4939 corpus
751 4869 854 4923 Christi
871 4867 900 4922 in
917 4869 968 4923 Eu-

124 4937 260 4991 charistia
275 4953 348 5005 esse,
365 4953 418 4992 nou
438 4939 467 4991 iu
480 4937 582 5008 figura,
597 4939 645 4993 sed
658 4941 688 4993 ire
701 4941 825 5004 vultule,
846 4955 894 4993 eos
910 4955 969 5011 spe·

124 5015 200 5062 ctare
215 5008 346 5062 homines
369 5008 420 5079 qni
439 5008 468 5062 in
491 5009 668 5064 Eucharistia
686 5008 796 5063 nullam
815 5009 967 5064 obumbra·

124 5079 242 5146 bouem,
260 5079 371 5133 nultum
391 5080 496 5146 velum,
517 5080 625 5134 nullam
648 5079 770 5150 liguram
790 5095 851 5134 esse
871 5080 968 5135 crede·

123 5146 201 5215 hant,
218 5148 266 5203 aed
281 5151 378 5204 omnia
393 5150 543 5204 manifesta
559 5155 588 5203 et
600 5150 676 5203 clara
691 5154 797 5220 patere.
816 5151 879 5205 Non
890 5151 967 5204 euim

124 5233 158 5273 eo
172 5218 378 5275 devolvebatur
399 5220 521 5291 quaestio
540 5235 627 5291 quam
647 5220 815 5276 discutiebat
834 5223 968 5277 listram·

124 5303 189 5353 nus,
213 5293 309 5344 utrum
334 5306 438 5361 corpus
466 5289 569 5345 Christi
596 5305 694 5345 revera
721 5307 768 5345 εεο
793 5293 913 5360 realiter,
938 5297 970 5347 nt

124 5356 283 5428 lequuntur
303 5360 442 5430 theologi,
465 5359 496 5414 in
510 5360 685 5415 Eucharistia
698 5361 842 5427 existeret,
866 5363 910 5416 vel
924 5379 968 5416 so·

124 5428 272 5485 lummodo
291 5431 322 5487 in
336 5432 430 5504 figura
450 5446 499 5487 εεο
524 5431 646 5502 figurate
665 5439 754 5500 esset;
773 5432 808 5487 de
830 5432 885 5487 hoe
897 5433 967 5504 dog·

123 5505 201 5556 mate
237 5501 324 5573 uippe
340 5501 449 5557 nemini
468 5501 578 5558 homini
596 5501 718 5559 dubium
735 5502 902 5558 anhelebat:
919 5503 968 5558 sed

122 5517 307 5699 qpprezutur
321 5587 359 5628 au
368 5572 526 5655 'manifeste
542 5577 571 5655 et
588 5573 663 5630 clare
677 5573 766 5656 oculis
781 5572 969 5656 subjiceretur

121 5643 890 5795 tilltzntltftl'sl‘aesitaberitis?
906 5659 968 5769 ’tle

121 5783 232 5838 umbris
248 5797 298 5839 seu
321 5783 422 5857 liguris
440 5800 539 5840 rerum
556 5801 659 5858 corpus
679 5784 804 5841 existens
825 5784 855 5840 in
871 5786 969 5842 oculos

1003 484 1185 556 proposuisse
1201 486 1357 540 llatramno
1374 484 1595 539 examinandam
1610 484 1800 553 intelligimus
1813 501 1845 538 er

1004 572 1083 611 ηοω.
1105 559 1178 609 51«
1207 554 1287 620 Quod
1302 556 1332 610 in
1350 557 1472 610 Ecclesia
1498 572 1547 609 ore
1574 556 1702 610 fidelium
1726 555 1850 610 sumitur

1004 642 1106 697 corpus
1136 632 1164 681 et
1193 628 1311 697 sanguis
1326 627 1441 693 Christi,
1462 626 1566 698 quaerit
1585 635 1684 680 vestrae
1705 627 1848 696 magnitu-

1004 699 1079 754 dinis
1094 697 1262 752 excellentia
1296 699 1326 752 in
1342 699 1478 764 mysterio
1495 698 1545 751 liat
1567 713 1603 750 an
1619 698 1647 751 iu
1679 698 1808 764 veritate,
1823 697 1851 752 id

1004 775 1046 825 est
1076 775 1171 823 utrum
1193 768 1292 822 secreti
1316 772 1392 839 aliqu
1407 770 1422 821 ..l
1445 769 1589 822 contineat
1603 769 1679 839 quod
1696 768 1786 822 oeulis
1801 784 1850 820 so-

1005 840 1153 894 lummodo
1173 839 1238 893 fidei
1253 844 1390 910 pateatac
1413 842 1473 893 sinc
1489 855 1683 909 cupiscuuque
1709 839 1851 892 velatione

1005 910 1135 981 mysterii
1155 911 1209 964 hoc
1237 916 1368 980 aspectus
1396 911 1542 965 intueatur
1567 910 1695 980 corporis
1723 910 1851 963 exterius

1004 983 1082 1053 quod
1104 980 1210 1035 mentis
1225 981 1301 1034 visus
1327 981 1446 1051 aspiciat
1460 981 1590 1048 interius,
1608 985 1639 1033 ut
1656 986 1750 1034 totum
1773 980 1849 1050 quud

1006 1052 1101 1122 agitur
1128 1052 1158 1105 in
1187 1052 1426 1106 manifestationis
1454 1051 1516 1106 luce
1543 1053 1688 1105 clarescat.
1723 1072 1737 1098 n
1755 1052 1852 1121 ltaque

1005 1139 1070 1178 crim
1111 1123 1283 1177 llatramuns
1311 1123 1418 1193 passim
1455 1126 1540 1192 negat
1559 1138 1663 1193 corpus
1690 1122 1794 1175 Cluisti
1821 1122 1852 1175 in

1007 1193 1182 1248 Eucharistta
1206 1209 1266 1248 esse
1293 1193 1323 1247 iu
1350 1196 1473 1260 scritate,
1499 1209 1558 1247 non
1588 1199 1741 1263 propterea
1778 1207 1852 1262 prae·

1006 1267 1120 1319 sentium
1138 1264 1237 1318 realem
1266 1270 1413 1335 pernegat,
1440 1264 1487 1319 sed
1519 1264 1698 1317 solummodo
1727 1279 1851 1334 praesen·

1007 1335 1075 1391 tiam
1097 1335 1238 1389 visibilem
1253 1341 1283 1389 et
1307 1335 1336 1389 iu
1363 1351 1463 1388 seusus
1491 1335 1632 1389 humanos
1645 1336 1852 1397 incurrentem,

1007 1407 1115 1461 scilicet
1145 1407 1261 1473 claram,
1303 1406 1495 1476 perspicuam,
1520 1405 1606 1458 nullis
1632 1405 1773 1475 tegetibus
1802 1420 1854 1458 seu

1007 1477 1156 1542 lodicibus,
1178 1478 1247 1531 velis
1264 1482 1312 1530 unt
1336 1477 1436 1546 liguris
1460 1476 1628 1529 involutam.
1643 1476 1673 1529 ln
1690 1492 1724 1529 eu
1739 1492 1795 1528 uon
1812 1479 1854 1529 est

1007 1552 1133 1602 amente
1149 1552 1177 1601 et
1195 1547 1378 1602 sententias.
1396 1547 1538 1600 Paschasii
1555 1548 1675 1600 alicnus.
1702 1547 1854 1600 liuimraro

1007 1620 1249 1690 quemadmodum
1275 1618 1370 1688 inquit
1394 1618 1566 1672 listramuus
1600 1634 1678 1670 nuru.
1696 1619 1729 1671 te
1747 1634 1754 1670 ε
1773 1636 1787 1667 c
1804 1617 1854 1671 Se-

1008 1690 1133 1744 cundum
1159 1688 1333 1744 invisibilem
1361 1688 1557 1750 substantiam,
1580 1688 1606 1741 id
1628 1693 1671 1741 est
1686 1687 1774 1741 divini
1804 1702 1854 1757 po·

975 1762 1129 1823 [ttentiam
1155 1759 1247 1827 Verbi,
1273 1775 1339 1813 vere
1362 1775 1466 1829 corpus
1493 1765 1521 1812 et
1549 1758 1856 1829 sanguisCluistieri·

1010 1837 1097 1886 stunt.
1116 1852 1129 1882 a
1147 1831 1230 1886 Num.
1252 1835 1285 1885 Π
1307 1829 1488 1884 :cExterius
1512 1829 1601 1898 igitur
1627 1830 1704 1899 quod
1722 1833 1855 1898 apparet,

1010 1907 1118 1958 nonest
1135 1902 1197 1971 ipsa
1222 1917 1277 1969 res,
1298 1901 1347 1956 sed
1371 1902 1467 1970 imago
1492 1902 1548 1965 rei;
1577 1907 1672 1954 mente
1688 1915 1757 1953 sero
1777 1899 1855 1969 quod

1010 1975 1133 2029 sentitur
1162 1979 1191 2027 et
1218 1973 1397 2042 intelligitur,
1427 1970 1529 2025 veritas
1558 1971 1610 2024 rei.
1639 1990 1653 2022 a
1679 1971 1763 2025 Num.
1794 1974 1825 2024 ts
1849 1985 1856 2022 ε

1013 2067 1024 2094 ι
1043 2047 1152 2114 Negare
1165 2059 1268 2114 corpus
1291 2059 1352 2097 esse
1367 2043 1471 2098 Christi
1488 2041 1590 2095 necfas
1605 2047 1656 2103 est,
1682 2057 1740 2095 ηοη
1764 2040 1857 2094 εοΙοω

1012 2116 1106 2170 dicere
1119 2130 1229 2178 verum,
1247 2115 1332 2169 etiam
1349 2114 1510 2184 cogitare.»
1530 2113 1561 2164 Et
1577 2127 1657 2165 num.
1675 2113 1708 2166 30
1728 2128 1734 2165 :
1751 2131 1765 2160 u
1779 2111 1859 2165 Tunc

1011 2186 1179 2257 intelligetis
1204 2186 1281 2255 qnod
1324 2201 1393 2250 non,
1417 2183 1489 2237 sicut
1512 2183 1643 2236 infideles
1669 2183 1856 2247 arbitrentur,

1012 2272 1127 2312 carnem
1148 2271 1242 2309 meam
1256 2273 1271 2310 a
1284 2254 1466 2309 credentibus
1486 2253 1702 2317 comedendam,
1717 2253 1766 2306 sed
1791 2268 1858 2307 vere

1013 2345 1065 2398 per
1084 2327 1250 2399 mysterium
1263 2341 1366 2397 penem
1383 2328 1411 2378 et
1426 2325 1522 2377 virium
1540 2325 1570 2377 in
1586 2325 1716 2392 corporis
1740 2330 1769 2376 et
1796 2339 1860 2377 san-

1013 2399 1109 2470 guinis
1122 2398 1179 2450 mei
1191 2413 1329 2450 eorrrersa
1349 2395 1554 2460 substantiam,
1579 2412 1593 2448 η
1609 2394 1791 2449 credentibus
1812 2409 1858 2447 su·

1013 2469 1128 2525 menda.
1159 2470 1199 2522 lta
1226 2466 1394 2521 Paschasius
1416 2460 1500 2519 docet
1532 2467 1560 2519 iu
1594 2466 1648 2519 hoc
1676 2470 1857 2518 sacramento

1012 2545 1129 2611 figuram
1155 2545 1181 2594 et
1210 2541 1350 2592 ueritatem
1377 2552 1534 2606 permonere
1555 2535 1656 2590 iisdem
1687 2535 1746 2589 fere
1766 2535 1861 2589 verbis

1014 2614 1063 2667 lib.
1091 2610 1126 2664 de
1147 2611 1271 2680 Corpore
1296 2615 1324 2662 et
1351 2608 1495 2675 Sarrguine
1527 2607 1638 2661 Domini
1661 2623 1723 2676 cap.
1748 2608 1775 2664 4.
1791 2621 1859 2676 pag.

1016 2683 1084 2737 laet
1100 2697 1135 2734 :e
1161 2681 1269 2734 Veritas
1293 2694 1361 2742 ergo
1390 2683 1433 2732 est
1456 2678 1524 2732 daim
1549 2694 1653 2749 corpus
1673 2676 1778 2733 Christi
1804 2679 1859 2730 vir·

1015 2759 1075 2808 tute
1090 2751 1212 2823 Spiritus
1238 2751 1267 2804 iu
1283 2750 1368 2803 verbo
1388 2749 1477 2820 ipsius
1494 2765 1527 2802 ex
1550 2751 1633 2818 panis
1652 2739 1771 2817 ‘vinique
1792 2747 1860 2800 sub·

1015 2823 1119 2877 stantia
1148 2822 1283 2886 eflicitur,
1314 2821 1405 2889 ligura
1431 2835 1498 2872 vero
1529 2820 1598 2873 dum
1620 2819 1750 2873 sacerdos
1779 2817 1862 2888 quasi

1015 2894 1092 2948 aliud
1115 2893 1241 2947 exterius
1267 2906 1369 2961 geraus
1384 2891 1422 2944 ob
1436 2891 1662 2945 recordationem
1681 2904 1767 2942 sacrae
1801 2905 1863 2958 pas·

1017 2965 1105 3019 sionis
1117 2963 1150 3018 ad
1168 2978 1257 3030 aram,
1293 2962 1347 3015 uod
1363 2964 1449 3015 semel
1462 2966 1574 3030 gestum
1590 2966 1641 3027 est,
1673 2959 1801 3030 quotidie
1817 2975 1863 3012 rn-

1019 3037 1107 3090 molat
1135 3037 1256 3105 iignum.
1302 3031 1337 3085 ed
1370 3033 1394 3086 si
1422 3032 1560 3086 veraciter
1591 3031 1769 3100 inspicimus,
1797 3031 1864 3098 jure

984 3107 1104 3173 csimul
1120 3109 1224 3160 ueritas
1237 3110 1265 3158 et
1277 3104 1369 3173 ligura
1390 3101 1494 3155 dicitur
1510 3107 1558 3168 3ut
1572 3102 1609 3157 sit
1624 3102 1717 3174 ligura
1733 3102 1774 3155 vel
1798 3100 1862 3154 cha·

1020 3183 1111 3232 racter
1125 3176 1253 3230 veritatis
1268 3174 1344 3245 quod
1361 3172 1484 3227 exterius
1499 3173 1643 3226 sentitur:
1661 3173 1766 3226 veritas
1780 3186 1859 3234 vero,

1019 3247 1160 3318 quidquid
1178 3248 1213 3301 de
1228 3247 1281 3299 boc
1296 3244 1431 3313 mysterio
1447 3243 1569 3297 interius
1584 3249 1659 3297 recte
1688 3242 1864 3312 intelligitur

1019 3323 1069 3371 aut
1079 3318 1226 3371 credituri
1240 3338 1254 3366 ο
1267 3317 1358 3384 Igitur
1372 3314 1513 3368 Paschasii
1528 3320 1556 3368 et
1572 3314 1719 3368 Retramui
1734 3329 1791 3366 non
1809 3311 1867 3365 fue-

1020 3394 1089 3442 ruut
1108 3388 1226 3440 diversae
1255 3390 1506 3456 repugnantesque
1534 3385 1694 3449 sententie,
1724 3384 1867 3436 necinter

1020 3474 1049 3512 se
1064 3458 1222 3528 depraeliati
1236 3462 1311 3511 sunt.
1343 3455 1400 3509 Etsi
1427 3456 1502 3523 euim
1528 3455 1694 3509 Paschasius
1713 3454 1868 3508 crediderit

1021 3528 1146 3598 aliquam
1159 3544 1219 3582 esse
1235 3527 1264 3582 in
1277 3526 1450 3582 Eucharistiae
1466 3527 1599 3596 liguram,
1622 3525 1811 3579 nihilominus
1824 3540 1867 3577 ca-

1020 3599 1142 3654 tholicus
1168 3604 1228 3653 est:
1261 3598 1332 3669 quin
1348 3596 1434 3651 fuerit
1447 3599 1534 3651 etiam
1554 3598 1727 3651 ltatramnus
1743 3595 1865 3649 dubium

1021 3687 1078 3724 non
1094 3674 1151 3738 est;
1169 3668 1406 3739 nunquameuim
1431 3667 1501 3721 dixit
1527 3683 1624 3738 corpus
1651 3668 1759 3719 Christi
1782 3666 1868 3721 solum

1021 3739 1154 3809 infigura
1168 3742 1265 3795 esseio
1288 3740 1479 3805 Eucharistio,
1507 3739 1548 3792 uti
1577 3738 1604 3793 ei
1630 3736 1742 3791 affinxit
1761 3736 1867 3790 disser-

1021 3815 1096 3866 tator
1106 3828 1171 3882 pag.
1187 3813 1250 3876 l75;
1267 3826 1333 3864 uam
1354 3810 1426 3863 hanc
1459 3824 1557 3862 vocem
1586 3823 1671 3863 sonuu
1696 3806 1868 3877 excogitavit

1023 3882 1199 3948 dissertator,
1228 3886 1257 3936 et
1272 3880 1302 3935 in
1332 3880 1450 3949 integrae
1470 3879 1632 3933 eteruditae
1660 3877 1867 3932 lucubrationis

1022 3951 1107 4006 sulcis
1122 3953 1302 4007 allatramuo
1314 3950 1435 4021 diductis
1453 3950 1555 4003 nullibi
1571 3951 1703 4004 occurrit.

1058 4024 1101 4077 lv.
1126 4025 1215 4090 Nepet
1241 4024 1327 4090 igitur
1347 4037 1407 4076 nere
1438 4021 1495 4075 dici
1507 4036 1594 4091 posse,
1622 4019 1754 4089 hocquod
1769 4019 1869 4073 videtis

1022 4095 1052 4148 iu
1085 4095 1171 4148 altori
1189 4095 1246 4160 Dei,
1266 4107 1327 4147 uere
1350 4096 1389 4146 cst
1410 4107 1506 4161 corpus
1536 4093 1638 4149 Christi
1665 4090 1737 4160 qnod
1773 4094 1869 4143 uotum

1022 4169 1111 4219 ester
1132 4165 1261 4231 Virginem
1287 4163 1366 4233 quod
1390 4178 1523 4233 expresse
1551 4167 1639 4233 negat
1668 4177 1745 4215 num.
1774 4161 1817 4225 50,
1835 4162 1868 4214 59

1024 4236 1128 4289 etltll.

1373 4336 1525 4376 unerottsto.

1061 4443 1177 4499 Etiamsi
1192 4443 1277 4499 unica
1298 4443 1334 4498 sit
1359 4444 1529 4499 substiantia
1555 4444 1586 4498 in
1602 4443 1778 4498 Eucharistia
1792 4443 1868 4498 scili·

1024 4521 1078 4581 cet,
1094 4522 1126 4571 ut
1140 4516 1235 4587 inquit
1251 4518 1424 4571 Retramuus
1440 4531 1520 4569 ηοω.
1540 4517 1582 4581 lb,
1600 4531 1653 4568 nou
1675 4517 1731 4569 siut
1749 4515 1870 4569 ducrum

1021 4589 1171 4642 existentiae
1182 4602 1273 4641 rernm
1289 4589 1359 4640 iuter
1373 4586 1587 4653 aedicersornm,
1603 4590 1801 4639 verumtamen
1810 4601 1870 4640 uon

1021 4663 1115 4728 potest
1127 4657 1183 4712 dici
1195 4657 1288 4728 ipsum
1304 4672 1408 4726 corpus
1422 4655 1526 4712 Christi
1541 4657 1572 4710 in
1588 4656 1763 4710 Eucharistia
1778 4655 1870 4709 videri

1021 4727 1177 4782 sensensui
1191 4728 1340 4782 oculorum
1353 4726 1464 4796 subjici.
1485 4727 1544 4781 lloc
1558 4742 1625 4779 vero
1643 4726 1809 4781 Paschasius
1831 4732 1870 4781 at-

1022 4815 1077 4870 que
1092 4814 1191 4853 omnes
1205 4797 1338 4851 catholici
1356 4797 1492 4851 fatentur.
1512 4796 1627 4851 Etiamsi
1642 4797 1730 4866 igitur
1744 4797 1870 4852 rotunde

1021 4874 1140 4939 negarat
1154 4869 1326 4924 Hatramnus
1352 4866 1443 4920 videri
1470 4882 1573 4937 corpus
1588 4866 1691 4921 Christi
1706 4867 1736 4922 in
1763 4868 1871 4922 Eucha-

1021 4940 1111 5007 ristia,
1141 4939 1213 4993 nnlli
1233 4936 1449 5010 reprehensioni
1473 4937 1610 4992 obnoxius
1637 4938 1755 4992 allieret.
1772 4939 1869 4992 Enim-

1021 5025 1088 5066 vero
1102 5010 1158 5065 hoe
1176 5009 1254 5081 quod
1279 5008 1391 5090 videtur
1413 5007 1444 5062 in
1463 5008 1642 5063 Eucharistia
1658 5014 1701 5062 est
1737 5008 1869 5089 visibile,

1021 5079 1687 5221 albstltiblzh:tttbllli„llil
1700 5080 1870 5204 iiiiii}

1022 5220 1202 5292 subjectum:
1224 5236 1292 5292 ergo
1313 5220 1367 5274 hoc
1386 5220 1464 5290 quod
1491 5220 1604 5275 videtur
1628 5220 1660 5274 in
1693 5219 1871 5276 Eucharistia

1021 5308 1079 5348 uon
1095 5297 1139 5345 est
1152 5306 1257 5362 corpus
1272 5290 1394 5357 Christi,
1422 5291 1530 5362 quippe
1562 5306 1627 5345 cum
1654 5291 1709 5345 hoc
1731 5290 1810 5360 quod
1827 5297 1872 5347 est

1021 5361 1144 5429 visibile,
1164 5377 1217 5417 nee
1231 5360 1263 5416 in
1275 5376 1375 5416 sensus
1388 5367 1482 5432 potest
1503 5363 1658 5423 incurrere,
1679 5376 1738 5415 non
1754 5361 1792 5415 sit
1805 5377 1870 5417 eor·

1023 5448 1075 5503 pus
1087 5431 1203 5498 Christi,
1227 5431 1276 5486 sed
1290 5431 1398 5498 velum,
1415 5434 1528 5493 umbra,
1547 5432 1627 5487 lodix
1649 5437 1678 5486 et
1692 5433 1786 5503 ligura
1801 5449 1869 5505 quse

1021 5503 1147 5574 contegit
1171 5502 1329 5584 ⁰¹.⁰l⁶l¹i²
1359 5518 1464 5574 corpus
1492 5502 1608 5559 Christi.
1639 5502 1739 5557 Sciunt
1767 5519 1871 5560 omncs

1022 5573 1812 5726 ltltlhiiltrrrlittslhinlustrati
1826 5580 1872 5701 if

1023 5720 1079 5770 tum
1101 5716 1173 5786 epiri
1258 5719 1308 5781 ert,
1331 5719 1428 5786 iuquit
1449 5714 1632 5781 Paschasius3
1656 5715 1705 5769 sed
1720 5715 1813 5770 solam
1830 5716 1872 5771 di-

1023 5785 1214 5853 mensionem,
1241 5784 1413 5851 albedinem,
1427 5801 1559 5856 saporem
1587 5792 1616 5839 et
1642 5786 1760 5840 odorem
1777 5788 1871 5842 sensi-
