3930 6098
592 323 697 381 tisun
717 324 908 382 uersibus
927 322 1113 380 uptsrouls.
1598 364 1600 368 -
1650 323 1719 378 solt

77 465 120 504 uae
140 450 243 504 domus
257 467 357 506 sumus
372 468 434 516 uos,
455 453 478 506 si
498 455 630 508 iiduciom
648 459 677 509 et
690 456 812 527 gloriam
831 454 998 512 belloloco
1021 454 1056 509 de
1071 453 1257 509 infidelibus:
1276 452 1452 525 [Quomodo.
1475 453 1580 525 inquit,
1596 454 1658 510 istis
1673 455 1719 510 di-

77 553 129 602 uue
140 537 175 592 ad
185 537 273 593 tinem
284 540 398 594 firmam
410 542 584 596 retineamus
595 543 688 611 (Hebe.
701 560 740 611 ιιι,
752 543 815 612 ti.»
868 540 928 596 xit:
946 542 1009 595 Non
1025 539 1093 595 estis
1108 556 1140 594 ex
1166 539 1265 594 oribus
1289 540 1371 607 meis,
1398 540 1466 612 quia
1488 539 1604 595 ridebat
1619 557 1667 595 eos
1682 540 1719 596 ed

77 661 78 673 ι
99 632 195 681 autem
211 627 282 681 ordo
297 644 397 683 eorum
414 631 462 700 qui
482 631 516 684 ad
533 632 607 685 hanc
628 631 751 702 gratiam
766 648 816 686 ac·
869 629 1078 701 sempiternum
1093 627 1240 683 interitum
1259 629 1488 700 predestinatos,
1507 645 1564 683 non
1578 629 1614 684 ad
1628 630 1718 684 vitam

77 715 129 780 ,iu
147 715 202 770 illis
221 716 405 788 accipiendus
424 723 476 784 est,
494 719 543 789 qni
558 720 651 774 adhuc
665 721 695 775 in
714 721 814 776 inlide-
869 722 1007 773 aternam
1029 717 1074 771 sui
1098 716 1246 786 sanguinis
1260 716 1354 786 pretio
1369 714 1576 790 comparatos]
1601 717 1635 770 Et
1648 717 1718 772 alibi

77 803 167 874 positi,
193 805 313 858 vocandi
326 810 422 859 tamen
436 812 503 860 sunt
518 823 570 877 per
591 808 815 864 misericordiam
870 811 962 874 (tract.
986 805 1031 876 55)
1050 805 1231 876 distinguens
1243 806 1320 858 iuter
1332 806 1473 874 apostolos
1488 811 1517 860 et
1530 807 1631 862 iudam
1647 822 1716 877 pro-

77 892 154 947 tboc
168 891 230 946 sine
244 892 332 947 dubio
348 894 378 947 ιιι
394 895 516 950 Ecclesia
539 898 716 951 consecuturi
739 897 816 969 quod
869 894 1003 963 ditorem,
1028 893 1106 965 quod
1130 909 1184 964 pro
1212 892 1269 946 illis
1291 892 1428 948 Dominus
1454 894 1608 949 moriturus
1632 899 1715 961 esset,

77 979 349 1047 itisunt,etilliduo
361 983 476 1038 ordines
487 983 545 1038 sive
556 987 815 1054 perseverantium,
867 998 921 1054 pro
935 982 985 1036 illo
1001 997 1060 1036 ιιοιι
1074 987 1164 1036 emet:
1185 979 1276 1053 [Tota
1292 981 1396 1052 inquit,
1420 981 1482 1051 ejus
1496 982 1589 1052 passio
1619 988 1718 1038 nostra

77 1084 100 1123 ,ῃ
112 1070 358 1140 perseverantium
373 1071 402 1124 in
418 1073 511 1142 gratia
526 1073 642 1139 Christi,
658 1074 692 1129 de
709 1075 814 1145 quihus
868 1068 1003 1141 purgatio
1034 1073 1093 1122 est:
1128 1083 1264 1139 passurus
1288 1067 1386 1134 exitia,
1412 1069 1544 1139 promisit
1569 1069 1716 1142 obsequia,

77 1157 177 1211 rimus.
196 1158 295 1212 Dehis
317 1161 814 1232 namqueDominivocepromitti-
868 1157 1035 1212 nouaclum
1051 1156 1175 1226 illispro
1194 1155 1301 1227 quibus
1325 1161 1386 1208 erat
1411 1156 1557 1211 subiturus
1585 1163 1715 1221 mortem,
1773 1193 1775 1201 ·

102 1242 156 1306 Qui
184 1243 339 1297 crediderit
367 1250 394 1298 el
424 1245 584 1316 baptizatus
614 1247 699 1302 luserit
722 1248 816 1303 salvus
868 1245 916 1300 sed
933 1245 1019 1299 etiam
1036 1245 1078 1298 illi
1093 1243 1143 1314 qui
1157 1243 1251 1297 fuerat
1266 1259 1332 1297 eum
1347 1243 1506 1298 traditurus
1521 1244 1555 1297 ad
1573 1248 1715 1313 mortem]

77 1333 152 1386 llere.
192 1347 248 1399 xvi,
284 1332 335 1402 lu).
371 1354 385 1382 ιι
425 1333 546 1397 Quartus
578 1351 645 1390 vero
678 1336 745 1390 ordo
781 1337 815 1391 de
868 1331 1718 1403 itemdocensproillistautuniDominumpassrrm,quos

77 1419 134 1473 itim
151 1419 351 1490 subjungitur:
369 1440 383 1471 e
405 1421 458 1485 Qui
475 1427 573 1477 autem
590 1423 816 1479 concrediderit
869 1421 930 1493 ipsa
952 1421 1085 1491 passione
1107 1419 1287 1487 redimendo,
1314 1436 1379 1473 oves
1399 1436 1464 1475 suas
1484 1420 1568 1474 iecit:
1590 1420 1717 1493 [Omnes

77 1506 204 1561 mabitur
247 1507 337 1578 (ibid.)
389 1530 402 1558 ιι
449 1511 601 1566 manifeste
642 1516 721 1566 entra
760 1528 814 1566 nu·
868 1509 973 1580 iuquit,
997 1508 1236 1575 feeitsuasores,
1254 1508 1425 1578 proquibns
1446 1509 1637 1563 estomnibus
1658 1523 1719 1578 pas·

77 1641 78 1645 ,
114 1592 242 1649 fidetium
264 1596 348 1665 iacet,
384 1603 413 1652 et
443 1602 559 1653 eterna
581 1600 815 1655 condemnationi
868 1614 930 1664 sus,
947 1597 1015 1669 quia
1031 1597 1133 1667 etipse
1149 1601 1181 1650 ut
1202 1612 1254 1668 pro
1270 1596 1405 1651 omnibus
1422 1602 1578 1668 pateretur,
1600 1596 1661 1650 ovis
1676 1599 1719 1650 est

77 1681 195 1749 huntus,
212 1683 345 1754 qualibus
369 1684 556 1740 dictumest:
584 1707 598 1736 κ
621 1688 675 1743 Sed
691 1705 740 1742 vos
755 1704 815 1743 non
869 1684 979 1759 iactus}
995 1687 1065 1740 item
1085 1700 1150 1739 cum
1176 1691 1334 1756 exponeret
1351 1685 1517 1757 mysterium
1541 1684 1619 1738 illius
1634 1685 1718 1738 vituli

77 1785 91 1838 ι,
115 1770 184 1841 quia
208 1787 264 1825 uon
293 1771 360 1825 estis
389 1788 424 1827 ex
454 1773 553 1830 ovibus
578 1775 650 1830 meis
673 1779 763 1844 (teon.
785 1793 812 1842 x,
836 1751 1002 1846 Bsaginati,
1019 1789 1106 1844 quern
1124 1777 1204 1842 pater
1219 1772 1351 1827 redeunti
1364 1772 1424 1827 tilio
1435 1772 1522 1843 jussit
1535 1772 1636 1840 occidi,
1650 1777 1718 1826 tunc

88 1864 136 1912 et:
155 1881 166 1906 ‹
185 1860 339 1930 Propterea
360 1877 411 1915 vos
425 1877 483 1916 non
505 1863 619 1931 auditis,
636 1865 687 1935 qui
707 1881 740 1919 ex
756 1867 813 1920 Deo
869 1879 934 1917 eum
952 1878 1003 1934 pro
1020 1877 1195 1933 unoquoque
1210 1861 1280 1915 dicit
1295 1861 1394 1926 occidi,
1413 1877 1478 1915 cum
1493 1861 1584 1916 credit
1597 1861 1626 1914 in
1641 1861 1716 1915 occi·

77 1946 106 2002 hs
118 1947 205 2018 (Jocn.
221 1965 278 2016 ιιιι,
294 1950 357 2018 47);
374 1971 388 1999 ιι
405 1954 451 2005 et:
469 1970 483 2003 e
505 1952 630 2017 Quiuou
645 1954 735 2008 credit
752 1954 815 2024 jam
868 1967 933 2006 sum
957 1949 979 2023 z]
1002 1952 1073 2006 Nam
1096 1955 1129 2004 ut
1144 1950 1232 2004 etiam
1251 1949 1391 2018 occidant,
1413 1949 1518 2020 inquil,
1536 1964 1602 2002 eum
1623 1949 1716 2020 jubet,

77 2051 108 2090 us
120 2041 172 2102 est,
190 2036 331 2106 quianon
347 2037 469 2093 credidit
488 2038 518 2092 in
533 2039 649 2093 nomine
672 2038 815 2111 unigeniti
868 2038 923 2092 hoc
939 2043 990 2101 est,
1006 2043 1038 2092 ut
1053 2023 1244 2108 mortemejus
1256 2037 1421 2091 insinuent:
1439 2043 1507 2092 tunc
1520 2037 1599 2092 enim
1611 2036 1716 2108 cuique

77 2123 98 2180 ιι
114 2124 209 2195 (doun.
223 2141 263 2191 ιιι,
281 2128 360 2191 18).»
869 2126 1008 2181 occiditur
1021 2142 1086 2180 cum
1102 2125 1193 2181 credit
1207 2126 1237 2180 in
1252 2123 1403 2197 occisum]

290 2251 403 2306 CAPUT
421 2251 479 2307 XVI
904 2215 1005 2270 Beatus
1046 2215 1099 2269 Leo
1135 2215 1206 2268 nihil
1243 2214 1398 2268 Dominum
1427 2197 1558 2268 nostrum
1590 2212 1716 2267 inaniter

484 2291 489 2306 ¹
868 2303 959 2374 egisse
974 2307 1024 2358 aut
1047 2303 1208 2374 pertulisse,
1224 2303 1271 2356 sed
1288 2307 1381 2356 tolum
1394 2302 1429 2356 ad
1449 2303 1569 2356 salutem
1588 2302 1716 2357 fidelium

77 2377 159 2428 eun
174 2375 367 2443 Christusne
382 2374 509 2459 ‘omlnes
532 2375 701 2431 staminas
718 2382 744 2431 a
867 2391 908 2446 ru
934 2392 1025 2447 aocet.
1052 2391 1139 2462 [urnii
1165 2391 1240 2445 enim
1266 2391 1442 2463 Redemptor·
1469 2394 1567 2444 noster
1594 2405 1653 2444 non
1680 2390 1715 2444 aa

240 2536 244 2541 ,
311 2444 468 2500 mmm
869 2486 995 2535 nostram
1010 2480 1132 2534 salutem
1148 2484 1197 2534 aut
1213 2479 1282 2550 egit,
1298 2484 1348 2533 aut
1361 2479 1489 2550 pertulit,
1506 2482 1538 2533 ut
1551 2479 1641 2532 virtus
1651 2493 1716 2548 quae

77 2565 128 2621 llis
143 2565 240 2638 itaque
257 2567 347 2621 tribus
360 2568 509 2623 ordinibus
520 2569 555 2624 ad
570 2570 675 2625 Christi
691 2571 813 2641 gratiam
868 2567 963 2622 inerat
982 2567 1080 2638 capiti,
1105 2567 1212 2622 inesset
1226 2574 1256 2621 et
1277 2567 1399 2638 corpori.
1417 2568 1487 2621 Nam
1513 2566 1640 2637 prinlum
1654 2565 1717 2636 ipsa

77 2659 179 2709 etatem
202 2655 330 2710 tidelium
354 2657 565 2726 pertinentibus
590 2658 742 2712 [lominum
767 2661 814 2714 Je—
867 2656 917 2711 illa
944 2655 1111 2711 substantiae
1138 2662 1245 2710 nostrae
1276 2655 1306 2710 iu
1336 2655 1441 2710 deitate
1476 2654 1630 2725 susceptio,
1660 2671 1716 2725 qua

77 2742 194 2798 hristum
211 2747 239 2797 et
258 2745 369 2799 venisse
392 2751 424 2801 ut
448 2762 495 2800 eos
510 2747 642 2814 salvaret,
660 2749 688 2802 et
703 2747 814 2802 crucifi·
874 2766 886 2795 ι
914 2744 1036 2799 Verbum
1062 2760 1127 2798 caro
1151 2745 1256 2798 factum
1282 2749 1334 2812 est,
1358 2756 1387 2797 et
1411 2743 1549 2797 habitavit
1572 2743 1602 2796 in
1636 2743 1718 2797 nobis

77 2847 119 2886 sse
147 2836 176 2886 ut
204 2848 252 2886 eos
275 2833 440 2898 redimeret,
463 2850 569 2906 eosque
593 2835 622 2888 in
645 2851 696 2889 sua
721 2841 812 2890 morte
868 2832 965 2904 (Joon.
991 2849 1011 2898 1,
1037 2834 1077 2903 t),
1102 2854 1115 2882 ι
1139 2849 1225 2903 quern
1250 2833 1402 2887 hominum
1425 2831 1715 2898 misericordiaesuae,

77 2924 134 2983 ret,
154 2924 183 2973 et
204 2919 235 2974 ιιι
257 2937 309 2974 suo
336 2921 477 2992 sanguine
498 2923 652 2991 apecentis
673 2923 813 2992 ablueret,
868 2921 923 2975 nisi
938 2920 1093 2988 infidelem,
1120 2921 1235 2992 reliquit
1256 2922 1419 2974 exsortem?
1434 2925 1462 2974 et
1488 2919 1534 2974 cui
1559 2936 1617 2974 ιιοιι
1635 2936 1715 2975 com·

77 3007 131 3062 iter
145 3008 321 3062 credendum
334 3015 474 3075 tenemus,
490 3016 519 3063 et
530 3010 583 3064 boc
597 3025 656 3063 uon
671 3010 763 3064 solum
781 3026 814 3066 ex
833 3009 963 3105 Cmunis
978 3014 1081 3063 natura
1100 3025 1165 3063 cum
1189 3008 1302 3064 Christo
1317 3013 1369 3070 est,
1391 3008 1413 3061 si
1430 3014 1621 3062 assumentem
1644 3008 1715 3063 reci·

82 3093 246 3165 Scriptnris,
261 3096 409 3151 sedetiam
425 3113 457 3152 ex
473 3103 637 3152 sanctorum
651 3099 767 3152 Petrum
784 3098 815 3153 li-
868 3098 920 3169 pit,
936 3103 964 3151 et
978 3115 1012 3151 eo
1027 3097 1135 3168 Spiritu
1151 3102 1194 3151 est
1210 3102 1404 3167 regeneratus,
1421 3113 1477 3168 quo
1492 3102 1536 3151 est
1550 3097 1597 3151 ille
1612 3111 1715 3167 proge-

77 3183 188 3238 octrina
201 3184 349 3239 evidenter
364 3186 554 3256 agnoscimus.
572 3186 674 3240 Rectus
688 3202 814 3260 namque
867 3183 972 3257 nitnstl
997 3185 1099 3239 Beatus
1122 3201 1236 3255 quoque
1263 3184 1415 3254 Gregorius
1440 3185 1516 3256 quod
1534 3185 1569 3239 ad
1588 3200 1637 3238 eos
1652 3189 1714 3238 tan-

77 3287 166 3341 pmns,
191 3288 336 3343 exponens
359 3273 443 3328 illum
475 3274 568 3328 locum
595 3274 741 3346 Evangelii
764 3275 815 3329 ubi
867 3280 929 3328 tum
955 3272 1093 3327 Dominus
1117 3273 1508 3340 nostersalvandosvenerit,
1535 3289 1608 3344 quos
1631 3272 1661 3326 ιιι
1686 3288 1715 3327 se

77 3375 106 3414 us
134 3360 168 3415 de
185 3377 214 3414 se
231 3360 315 3415 ait:«
345 3362 376 3415 Et
392 3362 459 3416 dare
474 3363 602 3417 animam
626 3378 706 3417 suam
724 3364 814 3417 inre·
868 3360 1205 3432 suscipiendoliberavit,
1226 3361 1267 3415 ita
1290 3361 1390 3416 docet:
1415 3359 1594 3433 [Interpellat
1618 3365 1714 3415 autem

78 3464 229 3520 onempro
248 3449 540 3518 multislMotth.xx,
558 3452 619 3520 sei·
637 3472 648 3500 ι
666 3451 814 3506 dehacre
868 3465 920 3519 pro
950 3449 1035 3504 nobis
1067 3450 1215 3517 Dominus,
1243 3466 1300 3504 ιιοιι
1329 3466 1408 3516 voce,
1441 3451 1489 3505 sed
1516 3449 1713 3505 miseratione:

77 3539 131 3592 iet:
156 3536 291 3610 [Quando
314 3537 436 3593 fornram
460 3538 532 3593 servi
558 3539 677 3609 accepit,
702 3546 734 3595 ut
759 3556 813 3611 pro
868 3538 936 3609 quie
951 3537 1027 3608 quod
1042 3536 1071 3590 in
1094 3543 1236 3592 aeternum
1253 3538 1385 3593 damnari
1407 3539 1511 3605 noluit,
1535 3537 1715 3607 suscipiendo

90 3625 262 3695 sanguinem
277 3625 420 3691 tunderet,
437 3629 465 3680 et
478 3641 536 3680 ιιοιι
553 3625 646 3680 dixit:
665 3628 737 3681 Dare
751 3627 815 3682 aui·
867 3623 1024 3697 liberarit]

77 3728 151 3769 tuam
178 3714 406 3786 redemptionem
425 3723 438 3749 ⁸
461 3730 514 3786 pro
535 3714 681 3783 omnibus,
698 3714 746 3768 sed
762 3730 815 3784 pro
904 3715 969 3768 ilaec
990 3729 1024 3767 ex
1049 3719 1215 3768 sauctorum
1241 3716 1357 3769 Petrum
1373 3713 1466 3768 verbis
1488 3713 1612 3768 breviter
1626 3713 1714 3769 adno-

97 3800 127 3856 id
152 3806 204 3868 est,
229 3817 282 3873 pro
307 3802 351 3857 his
378 3803 427 3874 qui
451 3802 565 3856 credere
589 3800 757 3874 volueriut]
783 3804 815 3858 ln
867 3803 1001 3868 terimus,
1015 3806 1047 3857 ut
1071 3818 1157 3873 quam
1180 3819 1245 3856 vere
1272 3817 1371 3857 eorum
1399 3801 1560 3856 veneranda
1587 3801 1717 3857 doctrina

103 3890 197 3944 verbis
217 3890 290 3944 miro
313 3896 341 3945 et
372 3891 528 3960 apostolico
550 3891 638 3945 inodo
661 3890 815 3945 Dominum
868 3891 956 3946 etiam
971 3891 1002 3945 in
1016 3891 1069 3945 hac
1083 3900 1115 3943 re
1130 3892 1165 3946 de
1181 3890 1587 3962 quaquoeritu1·,evangelicae
1603 3893 1631 3943 et
1647 3905 1715 3960 apo-

77 3994 107 4045 n,
123 3983 151 4033 et
167 3995 219 4048 pro
233 3980 341 4034 mundo
356 3979 527 4050 sauguinem
540 3978 659 4046 fudisse,
673 3984 702 4035 et
716 3984 815 4034 tamen
868 3979 974 4035 stolicre
996 3979 1158 4036 auctoritati
1182 3985 1321 4033 consonet
1335 3984 1363 4033 et
1385 3978 1548 4045 concordet,
1568 3977 1716 4032 evidentis

77 4067 216 4122 mundum
227 4084 280 4138 pro
295 4084 351 4139 qno
362 4068 504 4138 pretiosus
519 4069 566 4122 ille
577 4067 693 4138 sanguis
708 4068 815 4124 effusus
869 4068 941 4123 sime
958 4074 1140 4139 agnoscatur.
1167 4068 1199 4121 Et
1216 4067 1281 4121 licet
1304 4066 1457 4137 Apostolus
1473 4067 1508 4120 de
1531 4066 1632 4121 eodem
1656 4068 1714 4121 uo-

77 4171 105 4210 ιιι
134 4155 205 4210 alios
228 4156 283 4210 nisi
312 4155 411 4210 lideles
427 4156 603 4212 monstravit.
628 4157 731 4212 Beatus
753 4159 815 4213 Au·
868 4157 949 4212 mino
973 4162 1001 4211 et
1024 4157 1215 4227 Redemptore
1240 4160 1339 4210 nostro
1365 4154 1462 4209 dicat:
1493 4155 1606 4209 «Unus
1630 4154 1714 4221 Deus,

77 4259 97 4298 is
110 4242 141 4298 ιιι
157 4244 375 4298 tractationibus
393 4244 538 4314 Evangelii
555 4245 713 4299 secuudum
728 4247 813 4300 loau·
869 4261 944 4301 uuus
970 4251 1012 4300 est
1036 4246 1177 4301 mediator
1193 4244 1243 4300 Dei
1268 4249 1298 4299 et
1312 4243 1464 4299 hominum
1484 4243 1572 4298 homo
1587 4242 1715 4299 Christus

77 4335 138 4386 'oct
162 4331 196 4386 66
210 4336 236 4386 et
250 4333 306 4396 tot,
325 4347 384 4385 non
399 4331 493 4386 solum
506 4347 558 4402 pro
573 4331 747 4402 infidelibus,
764 4335 813 4388 sed
834 4335 961 4401 niesus,
978 4335 1028 4406 qui
1044 4335 1123 4390 dedit
1139 4336 1327 4405 semetipsum
1343 4332 1570 4404 redemptionem
1585 4349 1637 4405 pro
1652 4348 1714 4386 om·

77 4434 121 4474 >ro
142 4419 188 4474 bis
208 4420 403 4491 quiexparte
420 4421 542 4475 credunt
562 4419 718 4489 Christum,
736 4427 813 4477 etex
868 4422 963 4490 nibus,
996 4443 1006 4471 ι
1033 4428 1129 4477 lernen
1149 4423 1231 4494 juxta
1254 4423 1388 4493 superius
1404 4422 1629 4477 demonstratam
1648 4420 1715 4476 fidei

77 4524 120 4563 ιοιι
143 4509 273 4571 credunt,
296 4510 380 4564 docet
403 4525 460 4564 ιιοιι
484 4525 544 4563 esse
559 4514 706 4564 mortuum
732 4511 811 4565 Chri·
868 4511 1010 4581 regulam,
1026 4515 1102 4564 recte
1123 4510 1297 4582 intelligitur
1320 4526 1373 4581 pro
1395 4510 1453 4565 illis
1470 4511 1604 4566 omnibns
1621 4527 1651 4565 se
1673 4525 1716 4564 re-

77 4599 109 4649 ta
124 4594 240 4650 dicens:
256 4594 323 4670 [Qui
337 4596 378 4651 ita
392 4596 545 4652 confitetur
561 4597 706 4652 Christum
722 4600 813 4654 Deum
870 4598 1068 4669 demptionem
1090 4598 1200 4653 dedisse
1220 4613 1272 4668 pro
1289 4598 1395 4670 quibus
1419 4599 1505 4654 etiam
1521 4599 1656 4671 dignatus
1673 4604 1716 4653 est

77 4682 160 4737 linem
172 4690 336 4756 ueget‚non
347 4701 400 4756 pro
415 4685 464 4740 illo
475 4690 604 4741 monuus
615 4690 658 4740 est
669 4686 813 4742 Christus:
869 4686 1010 4741 mediator
1025 4685 1075 4740 Dei
1099 4691 1127 4740 et
1142 4685 1291 4741 bominum
1311 4702 1381 4741 esse.
1399 4688 1496 4759 Neque
1520 4689 1598 4742 enirn
1613 4687 1715 4742 infide·

77 4771 208 4827 cundum
234 4773 382 4827 hominem
408 4777 538 4828 mortuus
562 4778 605 4828 est
619 4773 769 4849 Christus]
783 4776 817 4830 Et
869 4774 943 4830 lium
966 4774 1108 4830 mediator
1122 4779 1176 4842 est,
1192 4774 1265 4829 sicut
1279 4790 1332 4830 nec
1350 4775 1513 4844 advocatus,
1529 4777 1574 4831 vel
1589 4775 1716 4831 reconci-

498 4903 598 4960 NOTAE
616 4905 779 4961 ouvatuu
797 4904 971 4963 notionis
989 4905 1183 4963 souuotuci.

77 5027 159 5081 lrmat
186 5027 330 5083 Christum
356 5043 416 5081 nou
445 5026 533 5082 fuisse
556 5044 672 5099 passum
695 5028 816 5098 probis
871 5027 1015 5084 Christum
1039 5045 1098 5083 uon
1123 5033 1253 5100 pereunt,
1274 5029 1323 5084 sed
1350 5029 1436 5083 vitam
1463 5031 1601 5083 eternam
1617 5043 1714 5083 couse-

102 5097 273 5152 infidelitate
305 5099 480 5164 moriuntur,
505 5101 533 5152 et
555 5099 718 5169 passionem
754 5101 816 5170 ejus
891 5105 1018 5154 uuntnr:
1038 5099 1166 5170 loquitur
1179 5099 1256 5154 euim
1271 5100 1342 5154 illud
1357 5098 1521 5165 concilium,
1535 5098 1607 5152 sicut
1620 5103 1648 5152 et
1662 5099 1715 5152 Ec·
1814 5145 1818 5152 .

79 5167 219 5223 duntaxat
242 5185 295 5250 pro
318 5169 425 5232 multis,
449 5174 478 5223 et
506 5185 565 5223 non
596 5185 647 5239 pro
672 5170 813 5224 omnibus.
869 5114 956 5224 <dosia
970 5170 1177 5241 Lugdunensis,
1194 5171 1228 5225 de
1248 5169 1351 5224 merito
1367 5176 1396 5224 et
1411 5168 1603 5223 satisfactione
1620 5168 1715 5240 quoad

79 5242 158 5294 utem
185 5240 311 5310 benigna
337 5240 469 5310 indigent
487 5239 736 5310 interpretatione,
760 5256 815 5294 non
872 5240 1039 5306 efficaciam,
1053 5257 1112 5296 ιιοιι
1127 5240 1310 5312 cutemquod
1326 5239 1542 5308 sufficientiam
1559 5256 1616 5311 quo
1629 5241 1716 5294 modo

80 5325 167 5380 quam
180 5310 332 5364 concilium
346 5310 538 5377 Valentinum,
554 5326 616 5364 can.
631 5310 657 5372 4.
674 5310 723 5365 ubi
739 5310 817 5366 dam·
871 5327 924 5382 pro
939 5313 1075 5367 omnibus
1085 5313 1203 5367 omniuo
1218 5310 1382 5365 hominibus
1396 5327 1498 5381 passus
1513 5317 1570 5379 est;
1585 5327 1641 5382 qua
1657 5310 1718 5382 qui·

77 5384 201 5435 serentes
231 5380 374 5436 Christum
395 5397 446 5436 sua
473 5382 575 5435 merita
619 5397 649 5435 ro
668 5381 765 5452 impiis
789 5386 817 5436 et
871 5382 936 5437 dem
953 5382 1138 5438 distinctione
1154 5382 1236 5438 facile
1252 5387 1294 5436 est
1309 5381 1442 5436 omnibus
1457 5382 1589 5437 Ecclesia
1605 5382 1717 5452 Lugdu·

93 5455 210 5522 peccato
226 5451 390 5505 moriuntur
403 5452 546 5517 statuisse,
563 5452 589 5505 d'
626 5452 725 5523 nitque
747 5468 816 5522 pre·
870 5452 969 5506 nensis
991 5453 1152 5510 rationibus
1167 5468 1326 5515 occurrere,
1346 5458 1377 5508 ut
1397 5452 1519 5523 tegendo
1533 5452 1622 5508 cuivis
1636 5452 1718 5508 facile

77 5521 213 5592 anguinis
233 5521 338 5577 Christi
357 5522 484 5577 oblatum
500 5521 586 5577 luisse
608 5522 642 5576 ad
658 5524 816 5576 multorum
870 5521 1018 5578 constabit.
1611 5532 1615 5553 ⁸

77 5589 165 5646 ienda
179 5596 304 5663 peccata,
324 5608 424 5647 coriam
438 5593 545 5647 scilicet
565 5592 614 5664 qui
630 5592 772 5648 credendo
786 5592 817 5649 ιιι
