3930 6098
95 311 96 314 Ἴ
168 240 218 296 287
740 231 921 289 narlttltrtl
940 230 1169 290 consulensis
1189 232 1343 290 1101110111

168 371 245 429 cedit
258 370 294 426 10
307 371 387 437 Filio,
403 369 439 425 de
458 369 538 423 Patre
554 382 616 422 esse
629 372 658 421 et
681 365 766 421 Filio.
788 387 799 414 ι
823 365 889 420 Vult
913 369 944 419 ut
967 365 1012 418 in·
1031 365 1185 433 Milium,
1215 365 1239 418 si
1268 365 1302 419 ab
1332 371 1453 437 utroque
1477 363 1606 434 procedit
1633 360 1756 433 Spiritus
1782 366 1920 416 sauctus:

167 460 315 532 telligatur
328 475 394 514 cum
409 457 516 529 legitur
531 457 572 510 vel
598 455 703 509 dicitur
716 452 837 524 Spiritus
853 459 967 508 sanctus
981 453 1016 508 de
1073 470 1170 507 verum
1191 454 1271 525 prius
1287 455 1321 510 de
1337 454 1454 508 nomine
1475 457 1587 519 tractat,
1604 451 1691 505 idest
1714 450 1783 522 quid
1809 450 1922 506 dicetur

169 548 432 619 Patreprucedere,
458 543 746 617 pariterquoqnede
764 542 833 598 Filio
859 542 1016 613 significari
1071 542 1192 613 Spiritus
1221 548 1345 610 sanctus,
1380 543 1493 612 genitus
1526 557 1562 593 au
1591 540 1747 609 ingenitus,
1778 543 1806 593 et
1835 545 1922 609 negat

168 635 338 707 pruca‘dere3
357 640 385 688 et
405 632 555 688 ideircoin
579 631 670 686 Patris
684 631 958 684 commemoratione
974 630 1017 684 Fi·
1072 637 1175 685 neutro
1199 632 1336 686 vocabulo
1368 630 1597 701 appellandum:
1626 634 1655 683 ct
1684 645 1799 682 causam
1821 627 1920 694 infert,

168 726 240 780 lium
270 722 505 792 intelligendum
532 720 670 791 quonism
687 719 723 772 sit
748 719 817 773 filio
840 719 1017 773 dePatreut
1071 736 1128 791 qua
1147 720 1556 791 comprobctquodalllrmul,
1574 735 1607 772 ea
1631 718 1784 772 videlicet:
1805 718 1873 788 quia
1895 717 1921 771 si

168 812 352 884 procedutsb
371 826 404 865 eo
427 809 548 880 Spiritus
572 814 695 863 sanctus.
712 808 746 860 Et
761 807 830 878 quia
843 807 967 862 refertur
980 807 1016 861 ud
1071 810 1182 863 dicatur
1208 811 1332 880 genitus,
1357 810 1551 863 critduorum
1583 807 1678 874 Filius,
1706 806 1733 860 id
1762 810 1804 859 est
1827 806 1921 860 Patris

168 907 312 957 auctorem
329 901 544 969 Petrcmaquu
559 896 669 967 aceepit
682 896 771 950 Filius
786 901 818 950 ut
839 892 899 950 ase
915 911 1015 966 proce·
1071 902 1099 952 et
1127 896 1199 964 Filii,
1230 899 1308 970 quud
1333 898 1401 953 dicit
1424 897 1580 951 execrabile
1608 895 1770 949 christianae
1800 894 1918 965 pietati;

168 992 217 1047 dat
231 988 369 1058 Spiritum
391 993 531 1051 sanctum,
547 992 700 1057 propterea
716 1000 782 1039 cum
797 984 901 1040 dicitur
915 985 1015 1040 dePa-
1043 1046 1046 1051 ,
1071 987 1119 1040 001
1135 1003 1187 1040 nec
1201 987 1363 1056 ingenitum
1380 1003 1462 1056 posse
1480 985 1611 1049 vocitari,
1638 984 1693 1037 boc
1708 984 1783 1036 enim
1801 983 1920 1054 proprie

1808 296 1812 303 g
1866 227 1920 282 ess

167 1085 209 1135 tre
226 1077 392 1147 procedere,
420 1075 600 1128 sentiendum
629 1074 737 1145 puriter
753 1074 831 1146 quod
856 1079 920 1128 eta
944 1073 1015 1127 Filio

168 1166 312 1239 precedat.
330 1166 399 1219 iiiuc
415 1165 501 1218 ctiam
515 1165 664 1234 subjungit
681 1179 687 1216 :
707 1183 721 1211 u
733 1162 762 1217 Si
777 1163 855 1216 enim
875 1162 1015 1233 quidquid

167 1256 261 1322 habet,
279 1256 313 1309 dc
330 1256 410 1308 l‘atre
425 1253 511 1307 habet
529 1252 633 1318 Filius3
658 1252 693 1306 de
708 1252 791 1305 Patre
806 1252 892 1305 babet
917 1252 1015 1322 utique

169 1350 202 1399 ut
224 1345 301 1398 etde
321 1343 371 1396 illo
394 1341 531 1412 procedat
545 1340 667 1411 Spiritus
696 1347 819 1394 sanctus.
837 1360 851 1388 »
881 1340 1015 1394 Novimus

1071 1075 1148 1130 Patri
1164 1075 1325 1146 deputatur,
1343 1075 1480 1145 qrronianr
1496 1075 1530 1127 de
1544 1074 1623 1126 nullo
1639 1075 1681 1126 est
1696 1072 1765 1138 alio,
1784 1071 1828 1125 sui
1839 1088 1921 1126 nam·

1071 1181 1126 1234 que
1140 1163 1313 1234 principium
1342 1169 1428 1217 estex
1455 1178 1517 1216 sese
1532 1162 1700 1228 consistens,
1728 1175 1780 1213 nec
1807 1159 1920 1229 aliquid

1070 1252 1157 1306 babet
1184 1252 1365 1323 praeccdcns3
1396 1256 1438 1306 est
1470 1251 1547 1305 enim
1579 1247 1771 1303 universitatis
1806 1247 1921 1318 princi-

1070 1339 1189 1409 cipium,
1206 1340 1269 1393 lons
1285 1347 1314 1392 01
1327 1339 1429 1409 origin.
1445 1339 1515 1394 Cum
1539 1337 1628 1406 igitur
1644 1352 1696 1391 nec
1711 1335 1837 1406 genitus,
1866 1352 1920 1390 nec

168 1436 264 1486 autem
281 1430 393 1484 dicente
413 1430 494 1495 Filio,
516 1429 592 1499 quud
609 1428 707 1482 omniu
732 1444 797 1497 qum
824 1427 914 1480 Patris
938 1434 1013 1494 stant,
1071 1428 1284 1499 ingenitusdici
1300 1429 1422 1483 lideliter
1445 1428 1533 1498 possit
1560 1425 1683 1496 Spiritus
1703 1430 1919 1494 0000100000-

168 1520 225 1574 sint
237 1525 266 1574 01
282 1519 366 1574 Filii:
382 1519 430 1573 sed
446 1519 505 1572 heac
529 1533 593 1571 cum
609 1517 663 1570 sibi
679 1517 815 1570 luerintu
836 1517 918 1570 Patre
938 1517 1014 1583 data,
1070 1519 1173 1571 cedens
1196 1517 1312 1587 proprie
1327 1517 1478 1582 vocitatur,
1495 1517 1544 1570 sed
1562 1532 1618 1569 uun
1632 1532 1649 1569 a
1664 1515 1725 1568 0010
1737 1515 1826 1581 00100,
1838 1515 1919 1568 vide·

169 1609 272 1663 merito
289 1606 449 1660 referentur
463 1605 497 1659 ad
513 1622 579 1660 eum
595 1622 678 1675 equo
689 1609 756 1658 sunt
771 1605 845 1658 data.
864 1605 896 1658 Et
909 1603 1014 1658 idcirco
1071 1605 1135 1659 licet
1149 1623 1166 1659 a
1180 1607 1262 1660 Patre
1277 1606 1339 1659 solu
1363 1606 1441 1660 solus
1458 1605 1580 1675 Spiritus
1607 1609 1721 1657 sanctus
1745 1603 1917 1673 procedens,

168 1712 232 1750 cnm
255 1694 360 1748 dicitur
383 1693 507 1764 Spiritus
529 1698 643 1746 sanctus
658 1710 675 1746 a
692 1692 762 1746 Filio
777 1693 941 1761 precedere,
969 1709 1012 1746 re·
1033 1665 1315 1764 Bquemadmodum
1338 1693 1425 1747 Filius
1438 1694 1515 1747 solus
1532 1712 1547 1745 a
1563 1693 1622 1746 solu
1638 1693 1720 1745 Patre
1736 1691 1841 1744 dicitur
1862 1707 1918 1744 na-

168 1782 437 1839 ferturadPatrem
456 1799 471 1835 a
489 1780 1016 1851 00001111101001001010111110000-
1070 1788 1138 1836 10οι
1165 1783 1293 1853 procedit
1317 1788 1412 1837 autem
1441 1783 1475 1835 ah
1495 1787 1628 1852 utroque,
1659 1780 1687 1835 id
1711 1786 1799 1834 estet
1821 1796 1838 1833 a
1864 1781 1917 1834 ra-

167 1873 288 1928 cederet.
304 1870 384 1926 Unde
400 1886 464 1924 cum
478 1871 547 1924 dicit
564 1871 650 1924 Filius
670 1870 700 1924 in
721 1869 898 1940 Evangelio:
921 1871 1015 1940 8ρίνί-
1069 1875 1112 1925 tre
1131 1880 1160 1925 et
1179 1889 1195 1924 a
1211 1872 1282 1925 Filio
1303 1871 1541 1940 intemporaliter,
1566 1868 1706 1941 quoniam
1725 1868 1915 1934 mternaliter;

168 1966 211 2017 tus
226 1963 274 2031 qut
288 1977 305 2014 u
320 1960 406 2014 Putre
419 1959 541 2029 precedit
564 1958 652 2027 (loun.
673 1975 717 2025 xv,
736 1960 794 2029 66),
811 1959 871 2012 vrrlt
893 1959 1015 2030 intelligi
1070 1978 1121 2016 nce
1136 1966 1233 2017 tamen
1249 1961 1384 2015 dicuntur
1398 1977 1464 2013 eum
1477 1959 1620 2030 genuisse,
1645 1959 1781 2028 queniam
1797 1973 1849 2012 nec
1872 1959 1918 2012 Fi·

169 2048 246 2120 quud
269 2066 286 2100 a
305 2064 335 2101 se
354 2064 469 2118 quoque
492 2047 594 2102 dixerit
611 2063 678 2101 cunr
692 2047 857 2116 procedere,
875 2047 924 2102 sed
954 2048 1014 2101 siue
1069 2049 1126 2103 lius
1154 2050 1245 2103 Patris
1271 2054 1323 2114 est,
1355 2065 1406 2102 nec
1431 2048 1516 2103 Filius
1546 2047 1621 2112 Filii,
1647 2047 1696 2100 sed
1728 2047 1765 2100 ab
1791 2051 1918 2117 utruque

169 2138 228 2191 ulla
241 2137 380 2206 temporis
396 2136 569 2205 admotione,
582 2139 719 2207 quoniam
732 2152 790 2190 non
804 2136 840 2190 011
855 2136 1014 2207 disquiren·
1069 2140 1237 2208 procedens.
1267 2139 1313 2191 Est
1341 2138 1418 2191 enim
1448 2137 1599 2191 amborum
1626 2135 1759 2206 Spiritus.
1786 2135 1831 2188 Sic
1853 2135 1918 2188 eei-

170 2226 237 2279 dum
249 2235 344 2280 utrum
358 2225 438 2297 prius
450 2227 619 2298 processerit
628 2227 749 2296 Spiritus
759 2232 884 2292 sanctus,
896 2232 923 2280 ct
937 2231 1014 2296 post·
1069 2226 1148 2280 deuii
1163 2226 1273 2280 ratione
1288 2231 1463 2280 monstratur
1477 2227 1512 2280 ab
1528 2231 1649 2294 utruque
1676 2224 1829 2295 procedere
1850 2223 1914 2293 Spi-

169 2321 301 2370 eanatus
323 2313 360 2368 sit
379 2313 480 2382 Filius;
505 2314 547 2368 vel
576 2318 643 2368 'nato
668 2315 749 2380 Filio,
778 2319 877 2385 postea
902 2330 1014 2384 proces·
1069 2315 1142 2369 ritus
1154 2320 1279 2379 sanctus,
1295 2316 1363 2369 dum
1380 2315 1803 2369 manilcstedeceturnuneum
1823 2313 1916 2365 sulum

170 2401 240 2455 serit
255 2401 377 2471 Spiritus
393 2407 507 2456 sanctus
521 2403 556 2457 ab
573 2409 695 2473 unoque
711 2418 719 2456 :
741 2419 800 2456 neu
818 2408 859 2456 est
875 2402 953 2456 enim
970 2403 1015 2457 bic
1069 2420 1086 2458 a
1100 2406 1160 2458 0010
1176 2406 1259 2459 Patre
1273 2404 1438 2474 procedere,
1452 2420 1487 2457 ne
1510 2402 1597 2458 Filius
1612 2418 1672 2455 esse
1685 2400 1776 2455 Patris
1786 2400 1916 2455 dicatur:

169 2490 353 2561 cogitandum
364 2491 445 2561 prius
460 2492 503 2545 vel
519 2491 669 2563 posterius,
687 2492 823 2562 quoniam
843 2493 954 2546 nullum
969 2493 1014 2546 bic
1069 2494 1116 2547 sed
1132 2511 1182 2547 nec
1197 2510 1213 2546 a
1228 2493 1288 2547 solo
1304 2493 1385 2555 Filio,
1405 2510 1440 2545 ne
1456 2492 1544 2548 Filius
1558 2493 1641 2545 Pater
1657 2507 1718 2544 esse
1731 2490 1918 2560 blaspheme-

169 2587 282 2649 tempus
298 2579 509 2633 aestimandum.
532 2581 564 2633 bt
582 2579 887 2653 inconsequentibus:
908 2603 919 2630 ι
940 2581 1013 2645 Quo·
1069 2586 1125 2648 tur,
1143 2581 1192 2634 sed
1208 2579 1313 2633 dicitur
1326 2579 1448 2650 Spiritus
1464 2586 1577 2633 sanctus
1596 2584 1626 2632 et
1640 2576 1810 2647 procedens,
1827 2581 1856 2629 et
1882 2575 1918 2630 de

170 2667 253 2722 modu
277 2684 345 2737 ergo
361 2684 418 2721 nun
434 2667 637 2722 absurdissime
654 2669 740 2723 Filius
757 2669 899 2724 diceretur
915 2670 1012 2724 ambo-

169 2771 246 2822 rum,
260 2772 325 2810 cum
355 2755 430 2810 sicut
443 2756 513 2809 Filio
531 2762 649 2826 praestat
678 2758 831 2811 essentiam
847 2759 909 2812 siue
931 2758 1013 2811 initio

168 2845 315 2914 temporis,
342 2845 403 2899 siue
430 2844 489 2897 ulla
518 2844 709 2899 mutabilitate
726 2852 837 2901 uaturae
853 2847 1012 2917 generatio,

168 2932 208 2986 its
217 2931 336 3002 Spiritui
350 2937 447 2986 sancto
462 2938 577 3002 praestet
593 2933 744 2987 essentiam
766 2935 827 2989 siue
843 2935 901 2988 ullu
930 2935 1013 2988 initiu
1034 2966 1054 3025 C

168 3020 319 3089 temporis,
340 3019 401 3074 siue
419 3021 477 3075 nlla
494 3021 684 3075 mutabilitate
709 3029 820 3076 naturae
841 3023 876 3077 de
893 3027 1015 3094 utruque

167 3108 321 3178 processio.
346 3131 359 3159 o
388 3110 525 3164 Monstrat
544 3110 755 3180 processionem
784 3110 901 3180 quidem
925 3110 1015 3182 Spiri-

167 3200 213 3250 tus
230 3196 395 3251 sanctitum
411 3197 445 3251 de
461 3199 543 3251 Patre
561 3198 622 3252 lore
637 3214 723 3268 quam
745 3200 874 3264 1011110,
891 3200 939 3253 sed
957 3216 1015 3254 non

168 3286 357 3355 quaerendum
385 3287 408 3339 01
433 3287 511 3356 prius
537 3287 571 3340 de
588 3288 683 3351 l’ntre;
700 3288 744 3340 rel
769 3295 834 3357 post
860 3288 895 3342 de
925 3288 1012 3352 Filio;

168 3389 268 3428 verum
283 3375 468 3446 cogitandum
484 3374 552 3444 quie
567 3375 642 3428 sicut
656 3376 803 3443 generatio
824 3374 894 3430 Fillu
913 3375 1016 3430 tribuit

168 3462 356 3518 substantiam
375 3463 583 3516 interveniente
600 3462 679 3515 nullu
695 3468 835 3532 tempore,
849 3479 902 3517 nec
917 3463 1015 3532 aliqua

168 3551 363 3606 intercedente
382 3550 583 3618 mutabilitate,
600 3550 640 3604 010
656 3550 775 3620 Spiritui
787 3558 886 3605 sancte
901 3567 1013 3621 proces·

168 3639 210 3693 sio
226 3639 304 3693 dedit
318 3638 505 3693 substantiam
515 3644 620 3710 praeter
629 3639 745 3710 aliquod
760 3645 885 3710 tempus,
899 3646 928 3694 et
937 3656 1012 3710 prae-

169 3733 212 3781 ter
234 3727 360 3797 aliquam
382 3727 626 3782 mutabilitatem:
650 3744 701 3781 nec
725 3728 926 3797 disputandam
943 3728 1013 3800 quid

85 3825 89 3839 ”
168 3822 235 3870 ante
250 3816 291 3869 vel
308 3820 384 3886 pust,
398 3817 446 3870 sed
464 3815 679 3887 intelligendam
691 3816 726 3871 de
741 3819 823 3870 Patre
832 3817 896 3871 Filii
911 3817 1013 3871 nativi-

167 3908 264 3971 tatem,
286 3909 314 3958 et
336 3904 372 3958 ab
389 3915 510 3974 utruque
535 3891 660 3974 Spiritus
686 3905 775 3958 sancti
791 3905 1011 3975 processionem.

202 3993 360 4063 Sequitur:
380 3993 471 4046 uideo
488 3993 645 4046 enimcum
662 3993 800 4062 Spiritum
818 3997 949 4047 sanctum
965 4010 1015 4064 ge·

168 4080 261 4134 nitum
277 4097 335 4133 non
351 4081 489 4147 dieamus,
513 4080 607 4133 dicere
628 4084 724 4134 tamen
739 4096 797 4133 non
812 4081 950 4134 audemus
970 4083 1014 4136 iu-

168 4166 308 4233 genitum.
325 4184 361 4220 ne
376 4167 406 4220 in
421 4169 474 4233 boc
497 4167 633 4221 vocabulo
648 4169 692 4221 vel
709 4168 780 4222 duos
796 4170 892 4223 Patres
907 4170 938 4224 in
966 4171 1014 4227 illa

1069 2683 1194 2740 utruque
1209 2668 1375 2740 procedens.

1402 2757 1516 2811 CAPUT
1536 2756 1580 2810 lV.

1410 2845 1572 2901 1100010111.

1104 2936 1193 2989 110101
1209 2940 1304 2988 autem
1329 2936 1435 2988 multos
1454 2934 1523 3005 quid
1549 2933 1674 2987 sitinter
1699 2931 1917 3002 generationem

1069 3030 1098 3079 et
1110 3023 1330 3095 processionem.
1349 3024 1403 3077 lsta
1421 3039 1486 3074 reru
1497 3021 1614 3091 quaestiu
1630 3020 1767 3090 quonium
1794 3019 1919 3090 inexpli-

1068 3113 1166 3167 cabilis
1187 3128 1248 3167 esse
1270 3112 1381 3165 videtur
1399 3111 1429 3164 iu
1457 3110 1505 3164 illa
1532 3110 1702 3178 incorporea
1721 3112 1749 3162 et
1778 3107 1917 3162 invisibili

1069 3201 1217 3268 Trinitate,
1234 3200 1386 3277 dicendum
1402 3198 1468 3270 quid
1492 3197 1723 3269 preclarissimus
1744 3201 1844 3251 auctor
1858 3200 1915 3251 Au·

1069 3290 1202 3360 guslinus
1220 3289 1348 3344 senserit.
1375 3287 1528 3358 Subiungit
1552 3287 1648 3357 itaque
1672 3287 1733 3356 1111,
1750 3302 1784 3339 xv
1800 3285 1833 3339 10
1851 3287 1916 3339 Tri-

1068 3381 1132 3444 nit,
1149 3393 1171 3432 0.
1193 3380 1238 3446 27)
1267 3377 1307 3430 sic
1322 3378 1463 3447 loquens:
1497 3397 1508 3426 ι
1531 3376 1634 3430 Verum
1651 3374 1717 3445 quia
1736 3375 1767 3428 in
1792 3374 1841 3427 illa
1865 3390 1916 3426 co-

1068 3471 1185 3531 aeterna,
1202 3470 1230 3519 01
1244 3465 1382 3535 coaequali
1407 3470 1434 3517 et
1458 3464 1643 3533 incorporali,
1675 3469 1702 3517 et
1730 3461 1914 3516 ineffabiliter

1067 3544 1252 3620 immutabili,
1283 3560 1369 3624 atque
1403 3552 1587 3624 inseparabili
1614 3551 1751 3606 Trinitate
1774 3548 1915 3605 dillicilli-

1068 3659 1148 3696 mum
1171 3647 1213 3696 cst
1238 3641 1452 3713 generationem
1482 3659 1497 3694 a
1526 3642 1706 3711 processione
1726 3640 1913 3708 distinguere,

1068 3730 1191 3785 sulliciat
1202 3729 1320 3784 interim
1340 3730 1381 3784 eis
1397 3730 1447 3800 qui
1462 3729 1577 3785 extendi
1597 3745 1654 3783 non
1670 3728 1764 3782 valent
1779 3727 1913 3799 amplius,

1068 3820 1096 3874 id
1111 3819 1188 3890 quod
1200 3821 1233 3873 de
1245 3820 1297 3872 bac
1312 3834 1342 3872 re
1357 3819 1387 3871 in
1403 3834 1536 3871 sermone
1552 3817 1676 3888 quodam
1693 3816 1867 3886 proferendo
1880 3815 1914 3869 ad

1068 3924 1152 3962 eures
1179 3908 1279 3978 populi
1314 3906 1468 3962 Christiani
1492 3906 1626 3968 diximus,
1655 3905 1822 3975 dictumque
1847 3920 1913 3958 con·

1069 3996 1245 4066 scripsimus.
1264 3997 1340 4050 luter
1355 4000 1456 4048 caetera
1482 3994 1560 4048 enim
1591 4010 1655 4048 cum
1675 4009 1726 4065 per
1757 3993 1915 4063 Scriptura·

1069 4102 1132 4138 rum
1165 4091 1326 4139 sanctarum
1352 4083 1517 4137 testimonia
1540 4082 1710 4148 docuissem,
1732 4080 1767 4135 de
1792 4088 1913 4152 utroque

1070 4174 1223 4242 precedere
1244 4174 1382 4242 Spiritum
1406 4177 1546 4226 sanctum.
1572 4172 1600 4226 Si
1630 4186 1709 4241 ergo,
1734 4169 1865 4240 inquam,
1888 4174 1914 4222 et

168 4254 317 4321 Trinitate,
339 4255 382 4309 vel
406 4256 476 4309 1000
501 4257 627 4326 quinon
648 4259 767 4312 suntde
791 4260 846 4313 alio
870 4260 1014 4330 quispiam
1034 4263 1101 4316 [lde
1116 4264 1199 4316 Patre
1218 4268 1246 4316 et
1269 4262 1304 4316 de
1324 4263 1395 4317 Filio
1423 4261 1550 4331 precedit
1570 4259 1691 4330 Spiritus
1708 4263 1835 4325 sanctus,
1865 4271 1915 4310 cur

168 4341 336 4411 suspicetur.
360 4345 443 4397 Pater
458 4345 536 4398 enim
562 4346 638 4399 solus
661 4353 777 4401 nonest
798 4349 832 4402 de
860 4349 928 4418 elio,
949 4350 1012 4404 ideo

169 4431 245 4484 solus
260 4433 420 4502 appellatur
435 4433 589 4504 ingenitus,
609 4451 665 4488 non
679 4436 797 4506 quidem
809 4436 839 4490 iu
849 4437 1012 4508 Scripturis,

169 4519 219 4573 scd
242 4520 272 4573 in
302 4522 506 4576 consuetudine
522 4524 740 4593 disputantium,
770 4532 798 4580 et
820 4527 855 4580 ds
880 4544 910 4580 re
936 4533 1014 4581 tanta

168 4624 329 4663 sermonem
346 4611 459 4680 qualem
476 4611 618 4665 valuerint
628 4613 844 4682 proferentium.
864 4616 951 4669 Filius
965 4633 1014 4670 arr-

168 4701 226 4751 tem
246 4697 280 4752 de
297 4700 378 4752 Patre
394 4706 548 4767 nutrisset,
566 4705 594 4754 et
608 4701 732 4771 Spiritus
752 4709 865 4757 sanctus
880 4704 915 4758 10
930 4707 1013 4759 Patre

168 4785 375 4857 principaliter,
392 4795 421 4842 et
441 4789 504 4859 ipsu
527 4789 588 4842 siue
618 4790 676 4844 ullu
699 4790 849 4846 intervallo
875 4793 1014 4862 temporis

167 4875 263 4941 dante,
286 4878 477 4931 communiter
500 4879 535 4932 de
555 4884 677 4949 utroque
701 4880 838 4949 procedit.
867 4881 1014 4935 Diceretnr

168 4969 264 5018 autern
279 4965 365 5019 Filius
381 4966 471 5020 Putris
486 4972 514 5020 et
529 4966 603 5032 Filii,
615 4968 639 5020 si
654 4968 732 5038 quod
749 4967 883 5022 abhorret
898 4971 932 5023 ab
948 4987 1014 5023 onr-

167 5051 248 5105 nium
260 5070 396 5107 sanorum
412 5055 551 5119 sensibus,
562 5071 628 5108 eum
647 5055 732 5108 ambe
747 5056 923 5125 genuissent.
952 5059 1013 5111 Non

167 5138 257 5209 igitur
272 5141 308 5194 ab
332 5149 453 5212 utroque
469 5147 511 5196 est
530 5142 657 5212 genitus,
673 5143 720 5196 sed
741 5143 870 5213 procedit
885 5144 920 5197 ab
935 5152 1012 5199 ntru-

168 5243 224 5298 que
241 5229 390 5284 amborum
411 5231 544 5301 Spiritus.
561 5251 575 5280 o
591 5232 757 5286 Perseverat
772 5234 933 5301 approbare
952 5235 1014 5304 Spi-

167 5315 255 5369 ritum
272 5324 400 5373 sanctum
425 5324 483 5374 tam
500 5319 534 5374 de
558 5321 640 5373 Patre
655 5335 743 5391 quam
763 5319 797 5373 de
820 5321 889 5375 Filio
914 5338 1012 5391 proce·

168 5401 258 5458 dere:
286 5406 381 5461 obviet
414 5416 510 5462 autem
537 5409 566 5462 in
592 5408 645 5462 bac
675 5409 870 5479 propositione
898 5418 1011 5465 centre-

168 5490 324 5548 dicentium
351 5495 550 5566 disputationi,
574 5496 625 5569 qui
646 5496 745 5553 dicunt
778 5498 928 5570 utriusque
951 5515 1012 5556 esse

1067 4351 1155 4405 Filius
1166 4351 1252 4403 dixit:
1268 4352 1307 4403 Dc
1322 4355 1402 4404 Putre
1412 4350 1554 4419 procedit?
1568 4349 1725 4417 Curpulas,
1741 4345 1796 4399 nisi
1813 4361 1914 4416 quem-

1068 4439 1222 4492 admodum
1241 4440 1313 4493 solet
1330 4439 1363 4492 ad
1380 4455 1444 4491 curn
1461 4437 1578 4504 relerre,
1595 4440 1624 4489 et
1650 4434 1727 4505 quud
1752 4435 1844 4505 ipsius
1860 4438 1912 4496 est,

1069 4526 1102 4581 10
1117 4544 1174 4598 quo
1187 4527 1288 4596 etipse
1303 4526 1364 4580 cst‘l
1383 4527 1461 4581 Unde
1476 4526 1546 4579 illud
1558 4531 1619 4579 est:
1643 4526 1704 4579 llcu
1719 4523 1847 4577 doctriua
1862 4538 1914 4577 nort

1067 4622 1106 4671 cst
1121 4632 1188 4677 mcu,
1203 4616 1250 4670 scd
1263 4617 1321 4683 ejus
1337 4618 1385 4683 qui
1400 4631 1440 4668 me
1454 4617 1528 4668 misit
1544 4614 1632 4683 (leun.
1649 4629 1697 4677 vu,
1727 4613 1781 4681 16).
1798 4610 1827 4666 Si
1860 4612 1913 4682 igi·

1067 4710 1115 4758 tur
1136 4705 1181 4759 bic
1196 4704 1366 4773 intelligitur
1385 4705 1446 4774 ejus
1462 4703 1598 4769 doctriua,
1615 4717 1701 4773 qnam
1731 4703 1829 4754 tamen
1843 4700 1915 4754 dixit

1068 4810 1126 4848 non
1145 4809 1236 4857 suum,
1259 4793 1309 4846 sed
1334 4793 1436 4860 Patris,
1461 4796 1568 4862 quantu
1597 4790 1689 4859 magis
1715 4789 1772 4843 illic
1802 4788 1913 4844 intelli-

1068 4882 1235 4953 gendusest
1256 4886 1284 4934 et
1309 4881 1343 4934 de
1371 4881 1432 4951 ipso
1460 4881 1614 4951 precedere
1641 4879 1763 4949 Spiritus
1787 4884 1914 4945 sanctus,

1068 4971 1117 5024 ubi
1131 4970 1171 5024 sic
1186 4970 1249 5024 ait:
1280 4972 1316 5024 lic
1343 4972 1424 5024 Putre
1445 4969 1589 5038 precedit:
1609 4973 1712 5023 utnon
1736 4965 1856 5034 diceret,
1880 4966 1915 5022 de

1068 5074 1113 5110 100
1129 5073 1188 5111 nou
1215 5057 1364 5127 procedit?
1386 5061 1409 5111 11
1424 5075 1480 5128 quo
1495 5064 1592 5110 atttern
1608 5057 1694 5110 habet
1725 5055 1812 5110 Filius
1828 5060 1859 5109 ut
1878 5055 1916 5110 sit

1067 5146 1211 5214 1101ιο1001
1236 5147 1314 5200 eninr
1334 5146 1368 5200 de
1390 5147 1446 5200 1100
1475 5145 1563 5216 lleus)
1579 5147 1615 5201 ab
1636 5146 1686 5199 illu
1711 5144 1798 5199 habet
1813 5145 1915 5216 utique

1067 5240 1098 5289 ut
1116 5234 1202 5288 etiam
1223 5235 1257 5288 de
1280 5234 1330 5289 illo
1357 5235 1491 5304 procedat
1513 5234 1635 5304 Spiritus
1656 5239 1769 5287 sanctus
1784 5249 1791 5288 :
1809 5248 1841 5287 ac
1864 5250 1916 5304 per

1067 5323 1121 5376 lroc
1141 5322 1265 5393 Spiritus
1293 5329 1417 5385 sanctus,
1446 5328 1478 5376 ut
1499 5323 1585 5377 etiam
1616 5323 1651 5376 de
1674 5321 1744 5376 Filio
1764 5322 1914 5391 procedat,

1066 5412 1139 5466 sicut
1167 5413 1297 5483 precedit
1323 5413 1358 5467 de
1378 5413 1470 5479 Patre,
1495 5412 1613 5481 abipso
1636 5411 1723 5466 babet
1744 5412 1839 5466 Patre.
1865 5413 1915 5468 1110

1067 5505 1213 5574 uteunque
1228 5501 1316 5557 etiam
1329 5502 1400 5557 illud
1415 5501 1597 5570 intelligitur,
1614 5505 1755 5573 quantum
1770 5515 1788 5553 a
1806 5500 1915 5557 tatibus
