3930 6098
102 283 160 338 243
679 279 859 337 baratarii
878 278 1111 367 consulensis
1131 282 1286 340 sonitem
1807 284 1859 340 tii

105 417 212 488 (umes.
226 435 235 473 r
250 419 281 473 in
294 417 440 492 symbolo),
461 417 574 475 'Filium
603 419 874 476 consubstantialem
890 434 951 474 essa
970 419 1062 474 dnisi
1077 421 1225 491 negaverit
1241 420 1342 477 Filium
1355 417 1534 487 charitatem,
1552 435 1609 491 qua
1627 418 1722 492 diligit
1736 421 1852 478 Patrem

106 505 209 574 Patris,
221 505 364 579 Spiritum
376 522 490 579 quoque
509 509 637 560 sanctum
658 504 958 574 procedentamaPa·
1009 508 1124 564 habere.
1144 509 1222 574 Quod
1238 508 1306 581 quia
1330 525 1478 576 vesanum,
1501 508 1659 563 tenendum
1682 509 1801 564 omnino
1830 516 1859 564 ct

106 598 173 649 trs:
198 594 467 666 nunquidnagavit
490 608 556 647 aum
578 609 595 646 a
616 592 686 647 l‘ilio
708 593 884 664 procedere?
911 593 955 648 vel
1010 597 1133 653 fideliter
1156 598 1349 668 profitendum
1376 597 1443 666 qnia
1466 599 1549 652 Pater
1571 597 1665 668 diligit
1690 597 1805 663 Filium,
1832 604 1861 653 et

107 698 284 754 consequens
298 686 349 751 est,
366 687 399 737 ut
413 680 607 753 siprocedita
628 682 722 747 Patre,
739 698 798 737 nun
822 682 958 753 procedat
1013 687 1098 742 Filius
1118 686 1213 758 diligit
1228 688 1351 753 Patrem,
1369 699 1395 739 et
1419 688 1479 740 haec
1502 685 1616 741 dilectio
1635 701 1692 756 qna
1708 687 1794 740 Pater
1818 687 1862 741 di·

110 770 237 826 8ΡὶΙίοῩ
252 771 351 827 Potius
374 786 443 841 0l8⁰
461 770 635 841 ⁰⁰8¹¹0³⁰st⁰s
654 771 678 824 si
695 771 759 827 Filii
784 771 869 826 vultis
896 785 957 825 asse
1011 774 1080 846 ligit
1093 775 1207 841 Filium,
1223 791 1239 829 a
1256 776 1336 829 Patra
1351 774 1493 843 procedit;
1511 779 1539 828 et
1561 773 1750 846 dilectioque
1772 774 1860 829 Filius

111 859 242 916 Ecclesiae
258 864 288 916 et
301 861 416 914 Petrum
432 858 513 930 sequi
537 859 706 926 doctrinam,
731 861 807 931 quod
838 859 957 914 dicendo
1012 862 1241 934 diligitPat-rem,
1256 862 1354 917 al'ilio
1374 861 1564 917 nihilomiuus
1576 861 1714 932 procedit.
1737 862 1784 916 Est
1809 877 1863 915 au-

111 953 240 1003 sanctum
263 947 416 1003 concilium
441 947 690 1018 Constantinopoli
713 950 873 1015 collectum,
896 947 960 1020 Spi·
1014 957 1073 1006 tem
1102 952 1162 1006 haec
1192 951 1306 1006 dilectio
1336 949 1459 1022 Spiritus
1488 956 1611 1005 sanetus.
1641 949 1770 1005 Procedit
1793 966 1863 1019 ergo

112 1037 200 1092 ritum
216 1042 344 1091 sanctam
358 1036 558 1108 procedentem
573 1053 590 1090 a
609 1038 701 1104 Patre,
718 1038 795 1110 quod
814 1054 881 1092 eum
903 1043 929 1092 et
945 1055 962 1092 a
1015 1040 1136 1111 Spiritus
1152 1058 1168 1093 a
1182 1040 1264 1093 Patre
1278 1043 1338 1093 eta
1363 1038 1445 1092 Filio.
1460 1039 1584 1109 Tempus
1607 1044 1650 1091 est
1672 1037 1733 1107 jam
1756 1042 1866 1091 sancto·

113 1124 184 1179 Filio
200 1125 355 1195 procedere
373 1141 431 1179 non
450 1127 574 1194 negavit,
598 1126 646 1181 sed
663 1132 723 1181 tota
736 1128 870 1193 Trinitas,
895 1142 960 1181 cum
1018 1143 1080 1182 rum
1098 1127 1213 1181 Patroni
1236 1125 1408 1179 testimoniis
1423 1125 1636 1196 processionem
1658 1125 1746 1179 sancti
1772 1123 1864 1196 Spiri-

113 1213 150 1268 sit
165 1213 424 1283 consubstantialis,
439 1220 467 1269 et
485 1213 573 1269 Filius
596 1215 632 1268 sit
648 1220 764 1270 natusa
787 1218 878 1282 Patre,
895 1215 961 1286 Spi·
1018 1219 1063 1269 tus
1077 1233 1093 1268 u
1109 1214 1178 1268 Filio
1199 1213 1397 1285 comprobare,
1420 1219 1451 1267 ut
1473 1213 1584 1267 diversa
1601 1213 1756 1268 sentientes
1781 1229 1860 1268 reve·

114 1299 187 1355 ritus
202 1306 439 1374 quoquesanclus
454 1302 490 1357 sit
512 1303 634 1358 charitas
647 1305 807 1376 utriusque,
818 1321 876 1360 uou
898 1321 960 1375 pos·
1018 1310 1136 1358 reantur
1150 1300 1346 1357 etrevereutia
1360 1300 1478 1357 salutari
1497 1302 1688 1373 corrigantur,
1717 1318 1752 1356 ne
1777 1302 1864 1356 stulta

115 1390 152 1443 sit
170 1391 234 1462 quis
253 1406 357 1463 negare
379 1390 518 1463 Spiritum
533 1399 691 1448 sanctonis
709 1393 777 1448 Filio
798 1392 961 1465 procedere,
1018 1390 1216 1464 pervicaciain
1237 1389 1406 1460 perditionis
1422 1388 1532 1443 loveam
1549 1389 1721 1462 dilabantur.

772 1712 915 1785 LIBER
942 1709 1204 1784 SECUNDUS.

402 2058 513 2114 CAPUT
534 2059 669 2115 pamm!
984 2003 1081 2077 glria,
1100 2009 1128 2059 et
1150 2003 1223 2071 Filii,
1239 2008 1268 2058 at
1290 2002 1412 2073 Spiritus
1426 2003 1531 2058 sancti?
1547 2003 1655 2075 (blattis.
1685 2022 1781 2073 xxvrrr,
1815 2007 1869 2078 to.)

673 2101 679 2113 ‘
1017 2094 1096 2161 Quod
1112 2093 1192 2148 sivos
1205 2092 1298 2148 dicitis
1312 2097 1424 2148 lantum
1440 2093 1581 2163 Spiritum
1598 2100 1760 2150 sanclnma
1783 2096 1866 2151 Patra

119 2164 319 2234 ⁰⁰mlli⁰⁶⁰ili
346 2181 379 2220 05⁶
403 2165 533 2221 Pssil'i'bw
564 2167 698 2236 spirarum
721 2171 876 2222 wilcium
895 2167 963 2222 355⁰
1017 2183 1182 2255 procedere,
1201 2181 1331 2236 nolentes
1349 2181 1481 2236 coniiteri
1504 2182 1582 2253 quod
1603 2199 1619 2237 a
1644 2182 1713 2238 Filio
1734 2184 1871 2255 procedat

462 2254 617 2325 Pitioedel'ss·
1018 2275 1048 2326 ct
1065 2271 1159 2326 omnis
1176 2270 1297 2326 Ecclesia
1313 2270 1411 2325 Latina
1422 2270 1465 2324 vel
1483 2274 1558 2324 certe
1572 2269 1659 2325 totins
1676 2271 1752 2326 orbis
1768 2271 1868 2327 catho-

155 2358 349 2424 Qneestionem
360 2359 395 2415 da
415 2359 505 2415 sancti
524 2360 646 2433 Spiritus
664 2360 846 2428 processione
869 2376 964 2415 versa·
1018 2360 1072 2416 lica
1088 2359 1265 2431 profiteatur,
1285 2359 1362 2431 quod
1373 2364 1401 2413 et
1415 2374 1431 2412 a
1445 2358 1516 2413 Filio
1533 2359 1666 2430 procedat
1682 2360 1778 2415 :unde
1799 2376 1868 2432 pro-

120 2463 195 2516 mus,
217 2464 304 2519 quam
323 2449 487 2504 Grreoorum
515 2449 703 2521 imperatores
727 2465 745 2503 a
770 2449 839 2505 Filio
859 2453 967 2522 negant
1018 2448 1093 2505 batis
1116 2454 1238 2503 vestram
1260 2448 1431 2502 senteutiam
1448 2448 1508 2502 lore
1528 2449 1669 2518 potiorem
1691 2453 1720 2503 et
1741 2447 1867 2503 veritatis

121 2536 193 2605 fleri,
210 2537 335 2592 dicentes
348 2538 427 2609 quod
443 2555 459 2592 a
484 2539 564 2593 Patre
581 2542 693 2593 mnium
708 2540 852 2610 procedat,
873 2543 902 2594 at
925 2538 967 2593 id·
1020 2536 1189 2593 auctoritate
1205 2536 1365 2591 munitam?
1379 2551 1416 2589 an
1432 2535 1528 2590 forsan
1544 2536 1689 2608 Evangelii
1712 2536 1818 2591 veritas
1832 2537 1868 2592 ad

13 2646 16 2653 ·
121 2622 195 2677 circo
210 2623 340 2679 nolentes
355 2623 484 2679 Ecclesiae
501 2623 638 2678 Romane
652 2624 874 2688 communicare,
892 2624 967 2695 lega·
1019 2622 1308 2695 vossoluspervenit,
1325 2623 1591 2693 etapndvossolos
1608 2626 1782 2694 permanet?

121 2716 166 2766 tos
177 2711 426 2784 apostolicaesedis
441 2728 500 2767 non
511 2717 688 2783 receperunt,
706 2712 735 2766 in
751 2715 865 2785 culpam
879 2712 966 2767 devo·
987 2714 999 2730 ⁴
1056 2713 1210 2784 Apostolus
1226 2712 1331 2766 Paulus
1351 2718 1481 2766 vocatum
1496 2712 1607 2767 sedicit
1629 2714 1804 2784 apostolum,
1822 2731 1869 2770 se-

122 2801 321 2872 cantes,quod
344 2800 428 2856 aliter
454 2799 552 2855 Latina
581 2800 689 2855 diceret
716 2801 850 2867 Ecclesia,
879 2816 966 2872 quam
1021 2807 1155 2873 paratum
1176 2801 1206 2854 in
1231 2800 1415 2871 Evangelium
1439 2800 1542 2855 Christi
1565 2802 1649 2870 (Rom.
1682 2818 1729 2868 xv,
1758 2802 1809 2871 le),
1834 2803 1870 2858 ab

122 2889 177 2961 ipsi
190 2889 226 2944 de
240 2889 348 2960 Spiritu
366 2895 474 2958 sancto,
491 2889 666 2960 prolitendo,
691 2889 889 2961 credendoque
908 2890 969 2960 Spi·
1023 2889 1200 2946 Hierusalem
1216 2883 1305 2960 usque
1329 2888 1364 2942 ad
1380 2889 1524 2959 illyricum
1540 2893 1632 2943 totum
1651 2905 1701 2960 per
1719 2889 1870 2944 circuitum

124 2978 211 3033 ritum
226 2984 356 3033 sanctum
370 2994 387 3032 a
402 2979 471 3034 Filio
492 2979 656 3050 procedere,
681 2994 768 3050 quern
792 2977 848 3050 ipsi
870 2978 970 3033 dicant
1024 2979 1175 3051 Evangelio
1185 2979 1290 3035 Christi
1304 2978 1471 3049 replevisse3
1487 2979 1608 3034 Romam
1621 2977 1747 3050 {quoque
1771 2980 1870 3050 llispa·

125 3070 366 3125 tantumaPatre
386 3069 462 3141 quod
478 3067 623 3138 procedat.
645 3069 740 3122 Primo
757 3067 886 3123 videmus
916 3067 967 3122 lai·
1024 3069 1143 3141 uiasque
1165 3068 1335 3139 proiectum,
1361 3071 1389 3121 et
1413 3066 1555 3120 intutum
1583 3067 1666 3137 plena
1695 3067 1793 3123 orbern
1818 3069 1872 3123 Ro·

125 3173 172 3212 eos
187 3161 285 3211 contra
298 3162 412 3212 cunctas
428 3156 631 3212 ecclesiasticas
649 3157 761 3227 regulas
786 3158 892 3223 renire,
917 3157 969 3212 de·
1025 3173 1142 3212 mauurn
1157 3157 1201 3211 vel
1214 3155 1366 3227 praesentia
1380 3155 1517 3224 corporis,
1533 3154 1577 3209 vel
1597 3155 1709 3226 scriptis
1727 3162 1872 3225 pertrans·

126 3245 526 3317 cretasrdelibusimponere;
543 3250 572 3300 et
594 3244 699 3317 quibus
716 3261 775 3299 non
796 3250 839 3300 est
860 3245 969 3300 licitum
1026 3246 1090 3315 isse,
1116 3245 1260 3300 Christum
1289 3243 1458 3316 praedicans.
1487 3244 1560 3297 Num
1587 3243 1663 3312 dicit,
1691 3243 1770 3315 quod
1807 3244 1873 3299 solis

127 3335 186 3389 ullo
210 3349 296 3403 super
326 3332 515 3388 ecclesiastico
540 3333 607 3402 jure
633 3337 739 3402 preater
772 3332 972 3404 episcoporum
991 3320 1010 3374 C
1026 3335 1129 3389 Graecis
1140 3334 1283 3388 Christum
1301 3331 1502 3403 praedicaverit,
1521 3337 1549 3386 at
1562 3331 1668 3387 Graecis
1692 3333 1873 3388 solummodo

127 3422 292 3476 consultum
316 3419 616 3485 statutaconstituere,
632 3419 709 3488 leges
731 3419 786 3489 ipsi
811 3421 878 3475 ildei
900 3436 973 3474 con-

128 3510 196 3565 dere
210 3511 362 3573 conantur,
379 3512 407 3562 et
420 3507 576 3561 secundum
588 3522 640 3560 sua
663 3507 775 3561 decreta
790 3507 839 3561 alii
850 3508 880 3561 in
898 3523 974 3562 com·

128 3594 298 3651 munionem
314 3595 500 3665 recipiuntur,
517 3595 566 3649 alii
581 3610 648 3649 vero
660 3600 852 3650 removentur.

165 3683 192 3739 si
208 3683 276 3754 quid
293 3699 418 3755 namque
431 3684 536 3739 sanciri
556 3685 590 3739 de
612 3700 671 3738 suae
690 3683 757 3739 fidei
773 3689 872 3740 tenore
895 3684 975 3740 dele-

130 3778 240 3844 gerant,
253 3772 452 3845 episcoporum
464 3774 618 3828 concilium
634 3775 744 3828 evocari
757 3774 901 3840 decuerat,
918 3775 974 3828 Pa·

129 3866 207 3916 trum
223 3867 329 3917 statuta
355 3861 482 3934 r·equiri,¹
500 3868 670 3916 sanctarum
693 3864 807 3916 oracula
819 3863 974 3934 scriptura·

129 3966 206 4016 rum,
221 3950 353 4006 consultu
374 3950 574 4021 episcoporum
589 3951 738 4005 communi
753 3951 897 4006 sententia
917 3951 976 4006 de-

130 4038 218 4106 cerni‚
230 4038 299 4110 quid
311 4038 502 4109 sequendum,
518 4037 585 4108 quid
602 4053 668 4091 sero
679 4038 774 4093 inerat
789 4038 974 4110 abigendum.

130 4127 251 4192 Quodsi
274 4126 448 4198 quibusdam
463 4125 493 4180 in
512 4125 653 4192 Ecolesiis,
679 4128 721 4180 vel
742 4126 865 4197 quadam
886 4132 975 4182 tarra·

130 4231 195 4269 ram
209 4214 240 4268 in
255 4218 336 4285 parto
351 4213 443 4268 teneri
462 4214 507 4268 vel
530 4214 659 4285 proliteri
683 4214 976 4286 deprehenderentur,

1026 3422 1247 3492 imperatoribus
1268 3420 1411 3491 Evangelii
1434 3419 1582 3476 veritatem
1606 3420 1794 3492 patefecerit?
1822 3436 1874 3492 per

1027 3515 1120 3564 totum
1133 3510 1231 3564 orbem
1252 3509 1437 3581 Evangelinm
1458 3508 1561 3565 Christi
1584 3514 1728 3575 coruscat;
1757 3516 1873 3580 aposto·

1028 3598 1237 3669 lurumscriptn
1252 3599 1400 3668 leguntur;
1426 3598 1634 3668 prophetarum
1660 3597 1776 3651 oracula
1801 3597 1873 3651 reci·

1028 3692 1135 3756 tantur,
1150 3687 1254 3758 quibus
1269 3686 1457 3741 Ecclesiarnm
1468 3685 1598 3757 magistri
1614 3685 1686 3739 sicut
1701 3701 1717 3738 a
1730 3684 1873 3757 principio

1030 3792 1081 3847 per
1095 3776 1239 3848 apostolos
1252 3776 1366 3830 luerunt
1381 3775 1513 3839 instituti,
1530 3773 1657 3845 qnotidie
1676 3773 1789 3828 discunt
1804 3773 1874 3845 quid

1030 3865 1134 3918 sentire
1150 3864 1185 3918 de
1198 3868 1294 3917 sancta
1313 3861 1451 3916 Trinitatc
1467 3861 1598 3927 debeant,
1629 3861 1698 3933 qnid
1729 3860 1874 3932 profiteri;

1030 3951 1100 4021 qnid
1123 3951 1243 4023 populus
1269 3949 1322 4004 sibi
1345 3950 1512 4004 commissos
1534 3949 1662 4014 edocere,
1680 3949 1786 4019 qrribus
1811 3961 1876 4002 mo·

1031 4036 1109 4091 ribus
1138 4037 1297 4104 instituere,
1327 4053 1385 4107 qua
1409 4036 1623 4090 couversatione
1653 4036 1793 4100 formare,
1817 4050 1876 4105 qua

1030 4127 1170 4196 religione
1185 4141 1368 4196 componere.
1386 4125 1441 4179 Nec
1453 4125 1566 4195 paginae
1578 4130 1682 4178 sanctae
1702 4125 1877 4194 loquuntur,

1031 4215 1238 4285 necmajorum
1265 4214 1396 4269 instituta
1423 4213 1635 4281 commendant,
1665 4228 1717 4267 nec
1738 4215 1880 4283 praccepta

132 4318 197 4373 quse
218 4303 294 4372 justo
317 4306 450 4373 recteque
478 4317 645 4373 permovere
668 4302 845 4371 debuissent,
875 4305 918 4359 vel
943 4320 976 4359 ex
1032 4302 1367 4374 censentapostolornm,
1383 4303 1427 4356 vel
1447 4317 1684 4373 quorumcunque
1702 4300 1778 4355 dicta
1806 4299 1878 4354 scri-

133 4391 198 4457 iide,
216 4390 260 4444 vel
275 4390 736 4458 oxconsuetudine,scribendum
749 4392 793 4447 his
808 4393 901 4464 primo
916 4393 977 4448 iue-
1032 4401 1138 4465 piaque
1149 4391 1302 4462 majorum,
1320 4390 1362 4444 vel
1387 4391 1497 4445 Graecos
1518 4389 1604 4443 totitas
1624 4389 1753 4442 Ecclesiae
1773 4387 1891 4460 Christi¹

133 4484 185 4545 rat,
202 4487 230 4533 et
244 4478 308 4533 iacti
323 4493 408 4534 causa
427 4480 633 4550 cognoscenda.
655 4480 727 4535 Tum
746 4480 770 4535 si
782 4481 869 4552 justae
890 4481 978 4536 ratio·
1032 4482 1092 4536 lore
1114 4480 1278 4551 magistros,
1299 4479 1342 4531 vel
1364 4478 1400 4532 ab
1424 4476 1492 4546 ipsis
1513 4477 1740 4541 monstrandum,
1774 4476 1819 4530 vel
1838 4476 1879 4531 di·

132 4567 176 4620 nis
199 4566 301 4638 religio
325 4567 507 4639 postulasset,
529 4567 668 4638 judicium
697 4569 913 4640 proferendum.
946 4571 979 4624 Et
1032 4568 1169 4622 scendum
1184 4565 1407 4637 imperatoribus
1421 4580 1531 4631 eorum,
1547 4564 1614 4636 qrrid
1628 4579 1678 4634 per
1689 4569 1783 4618 totum
1800 4564 1879 4619 Chri·

133 4655 297 4711 boctaman
316 4672 368 4710 suo
389 4656 443 4711 sub
457 4657 609 4729 regimine,
631 4657 803 4729 imperiique
825 4657 978 4730 providen-
1033 4654 1069 4708 sti
1080 4655 1208 4709 Ecclesiae
1231 4655 1328 4709 orbem
1350 4655 1393 4708 vel
1408 4654 1438 4707 in
1459 4653 1569 4716 habitu,
1597 4653 1641 4706 vel
1671 4652 1702 4706 in
1726 4653 1878 4723 religione,

31 4774 35 4783 ·
132 4744 181 4808 tia,
195 4743 325 4799 Ecclesiis
338 4745 498 4799 constitutis
514 4761 521 4800 :
537 4745 666 4817 alioquin
681 4745 716 4801 ad
736 4762 795 4800 sure
811 4745 980 4817 provisionis
1032 4744 1078 4798 vel
1094 4744 1228 4814 dogmate
1241 4743 1343 4798 debeat
1355 4741 1509 4796 observari.
1524 4740 1605 4805 Quod
1619 4741 1643 4795 si
1657 4740 1743 4795 nimis
1758 4742 1879 4796 stultum

133 4847 232 4888 curam
256 4833 377 4904 populos
397 4848 456 4888 non
480 4833 664 4905 pertinentes,
689 4836 733 4889 vel
765 4833 902 4889 Ecclesias
927 4850 979 4889 auo
1034 4832 1214 4903 nimiumque
1242 4830 1367 4885 insolens
1390 4846 1449 4884 essa
1473 4828 1666 4899 cognoscitur,
1695 4843 1753 4882 uon
1781 4827 1882 4882 debuit

134 4921 188 4977 sub
202 4921 309 4993 imprio
328 4937 386 4977 non
400 4927 619 4990 commorantes,
636 4921 706 4993 quid
719 4921 793 4993 juris
811 4922 912 4987 luerat,
934 4921 979 4976 vel
1035 4920 1157 4976 Ecclesia
1171 4920 1300 4974 Romana
1321 4924 1380 4973 tarn
1397 4918 1497 4973 leviter
1517 4916 1702 4988 reprehendi,
1724 4916 1803 4986 quod
1824 4931 1882 4969 ma·

133 5011 169 5066 da
184 5010 390 5066 consuetudine
400 5011 541 5081 judicare,
554 5011 598 5065 vel
613 5011 647 5066 de
660 5011 792 5081 dogmate
807 5010 875 5064 lidei
885 5010 979 5065 discu·
1032 5007 1130 5079 jurum
1143 5011 1237 5061 servat
1254 5006 1386 5061 instituta
1408 5021 1537 5071 suorum,
1556 5019 1609 5059 uec
1630 5006 1660 5059 in
1685 5003 1822 5059 omnibus
1839 5019 1882 5057 se·

135 5102 258 5154 terazet
272 5099 296 5153 si
320 5114 379 5154 non
403 5115 456 5171 per
480 5099 577 5154 omnia
601 5098 693 5154 atilli
719 5098 912 5164 volscutiant,
936 5099 978 5152 vel
1034 5097 1134 5169 quitur
1152 5097 1283 5151 instituta
1308 5098 1487 5162 Gracorum3
1513 5094 1749 5167 quandoquidem
1772 5095 1831 5148 sive
1847 5092 1883 5148 ds

135 5192 262 5254 teneant,
290 5186 596 5242 excommunicationis
628 5201 748 5240 censura
780 5185 884 5241 ferire?
907 5187 980 5241 Num
1035 5187 1131 5238 sancta
1146 5182 1351 5249 lrinitate,vel
1367 5182 1609 5254 decnjuscunque
1633 5181 1816 5235 observantia
1838 5195 1884 5234 rs-

136 5276 284 5331 Goecorum
307 5275 530 5347 imperatoribus
551 5275 682 5330 Salvator
705 5273 814 5345 ligandi
836 5275 982 5330 solvendi·
1035 5272 1151 5343 ligionis
1163 5271 1303 5344 quidquid
1313 5272 1355 5325 sel
1370 5275 1458 5336 tenet,
1476 5271 1519 5325 vel
1530 5274 1653 5337 exercet,
1673 5268 1886 5339 discipulorum

138 5378 194 5434 que
218 5367 389 5434 potestatem
420 5363 578 5418 contribuit
606 5363 697 5418 ‘liliam
723 5362 780 5417 illis
807 5362 905 5417 dixit:
935 5364 982 5418 Vis
1036 5359 1276 5414 Christimanavit
1291 5359 1426 5414 deicule.
1449 5360 1562 5414 Necest
1578 5362 1740 5412 sanctarum
1769 5355 1888 5428 paginis

138 5453 202 5505 aetia
217 5451 267 5507 isa
280 5452 531 5524 mundtlllutthm,
548 5450 613 5522 til?
629 5450 715 5507 Numi
725 5450 781 5506 illis
794 5450 919 5505 madavit
930 5449 981 5506 do·
1036 5463 1200 5520 repugnans
1212 5448 1255 5501 vel
1269 5446 1486 5502 disconveniens
1500 5445 1712 5518 Scripturarum
1724 5444 1805 5515 quod
1824 5459 1886 5500 cre·

130 5550 203 5596 ¹cara
227 5555 339 5607 omum,
353 5543 454 5614 gantas
483 5544 512 5595 st
524 5538 671 5611 baptizare
693 5554 742 5595 aas
755 5538 914 5595 innomine
929 5540 981 5594 Pa·
1037 5536 1086 5604 cit,
1106 5535 1198 5604 docet,
1213 5536 1389 5608 exsequitur.
1412 5536 1485 5608 lirgo
1510 5535 1720 5606 reprehendere
1737 5532 1888 5589 conamini
