3930 6098
97 200 165 254 1007
660 195 686 251 S.
708 193 844 251 llllithll
866 194 1112 253 tununnensis
1132 195 1290 253 EPISCOPI
1782 198 1846 250 1008

97 333 216 396 seretur,
233 333 262 383 et
284 343 371 399 quom
393 327 453 381 vult
474 325 590 380 induret
613 326 704 394 (Rom.
721 341 761 391 rx,
784 327 840 393 18),
856 343 871 376 e
887 324 943 379 nisi
961 327 1102 381 Ai’salmi
1124 327 1218 382 verbis
1232 326 1267 381 de
1290 341 1376 397 opere
1399 326 1602 382 misericordie
1620 325 1672 381 Dei
1713 325 1756 380 ite
1779 328 1848 382 etin

97 419 165 490 quie
182 418 227 488 (ut
243 417 349 472 dictum
365 415 416 485 est)
432 415 511 469 omni
535 414 688 468 hominum
706 414 805 484 generi
829 414 947 469 misere·
998 415 1049 470 illa
1070 416 1226 487 apostolica
1249 414 1401 482 sententia,
1426 415 1544 486 quiade
1569 416 1634 486 ipso
1660 415 1847 471 dictumest:

97 516 155 564 tur.
171 507 252 572 Quod
273 507 304 560 in
321 505 432 558 duobus
453 503 567 574 populis
588 503 753 558 iudeorum
775 502 892 570 scilicet,
917 506 946 557 et
1000 504 1081 569 «Qui
1104 506 1166 559 vult
1180 520 1280 559 ornnes
1302 504 1434 559 homines
1457 505 1550 560 salvos
1567 503 1639 569 lieri,
1663 525 1677 554 ει
1694 504 1848 560 rectissime

98 595 227 667 gentium
250 593 423 647 continetur.
451 594 490 647 lle
506 591 620 663 quibus,
645 595 677 645 ut
690 590 745 645 hoc
769 591 886 657 diceret,
902 606 947 645 su·
999 592 1173 664 intelligitur
1188 593 1223 647 de
1235 592 1382 646 volentate
1397 591 1532 645 bonitatis
1550 592 1612 646 Dei.

97 701 150 758 pra
162 682 334 754 loquebatur
346 683 508 753 Apostolus.
1035 682 1084 736 Vel
1098 685 1173 736 certe
1189 680 1229 736 ita
1242 679 1421 751 intelligatur
1436 697 1443 736 :
1461 678 1542 744 «Qui
1555 681 1615 734 vult
1630 695 1734 735 omues
1754 680 1847 735 homi-

132 773 189 825 Aut
200 771 241 825 ite
255 769 429 841 accipiemus
444 769 552 823 dictum
570 783 576 821 :
595 767 649 832 Oui
663 767 724 822 vult
737 783 838 822 omnes
852 766 947 821 homi·
1000 785 1051 823 nes
1075 768 1247 824 selvosfleri
1284 770 1363 823 Rom.
1373 785 1453 851 ypsi,
1540 772 1556 823 7
1599 769 1702 841 aquia
1723 768 1777 823 hoc
1791 784 1849 822 seu-

97 875 149 915 nes
173 858 265 914 salvos
284 857 358 926 lieri,
379 861 412 910 ut
430 856 495 910 illos
516 857 591 909 solos
610 856 713 909 salvari
737 855 944 926 intelligemus,
1001 860 1060 912 etos
1076 873 1142 912 suos
1162 845 1514 928 per‘Sprrtttinisiiii'n‘s‘v'e
1537 872 1553 910 e
1581 857 1647 922 scit,
1664 856 1693 911 id
1718 862 1763 912 est
1781 857 1848 911 velle

97 949 173 1014 Quos
187 948 249 1018 ipse
269 947 377 1000 salvare
400 944 533 1012 voluerit,
558 943 587 997 id
610 949 653 998 est
674 960 731 998 nou
748 944 824 1015 quod
847 959 947 998 omnes
1000 946 1041 1001 eis
1064 945 1196 1017 inspirat,
1212 950 1244 1001 ut
1262 961 1363 1000 omnes
1384 945 1516 999 homines
1539 945 1614 999 sicut
1629 943 1741 1015 seipsos
1763 945 1848 999 salros

97 1038 254 1103 solventur,
271 1034 318 1089 sed
334 1034 409 1105 quod
420 1048 518 1099 εθηιο,
532 1032 589 1086 nisi
607 1032 801 1086 miserationis
816 1033 879 1103 ejus
893 1047 945 1086 vo·
1001 1034 1063 1090 lieri
1077 1038 1195 1106 eptent;
1212 1035 1284 1088 sicut
1295 1038 1323 1088 et
1342 1033 1377 1088 de
1393 1033 1500 1104 Spiritu
1514 1038 1611 1088 sancto
1627 1033 1846 1104 intelligendum

96 1127 206 1181 lentate
230 1125 363 1188 salvetur,
386 1122 421 1176 de
445 1137 502 1192 quo
525 1121 673 1175 Psalmista
692 1121 784 1176 dicit:
801 1140 815 1172 s
832 1121 947 1176 Salvum
1001 1123 1133 1194 estquod
1148 1123 1224 1178 idem
1238 1121 1513 1193 dieitrlpostolustr
1530 1122 1585 1177 Sed
1595 1121 1658 1192 ipse
1669 1121 1796 1194 Spiritus
1806 1138 1849 1193 po

97 1231 144 1270 me
164 1213 240 1279 iecit,
266 1211 403 1283 quoniam
424 1211 514 1263 voluit
529 1209 615 1280 (Psoi.
639 1208 784 1280 xr11,20);
809 1212 869 1263 oet
892 1208 947 1264 ite·
1001 1211 1088 1266 stulat
1101 1226 1152 1283 pro
1165 1211 1249 1266 nobis
1259 1211 1414 1281 gemitibus
1424 1211 1674 1266 inenarrabilibus.
1692 1210 1847 1275 Quiautem

98 1318 163 1357 rum
180 1318 186 1355 ε
204 1321 218 1350 «
236 1301 267 1355 Et
283 1298 382 1353 vitain
403 1298 552 1352 voluntate
577 1297 640 1367 ejus
663 1298 750 1366 (Psoi.
774 1312 849 1364 xxix,
873 1297 913 1367 6).
932 1317 943 1345 r
1002 1302 1145 1355 scrutetur
1159 1300 1254 1369 corda,
1270 1301 1322 1354 scit
1336 1300 1407 1371 quid
1422 1300 1564 1356 desideret
1578 1299 1715 1371 Spiritus,
1733 1298 1847 1370 quisse

98 1393 153 1447 Iste
168 1389 245 1443 enim
268 1386 419 1442 locutionis
435 1387 537 1440 modus
558 1387 587 1440 in
602 1386 696 1439 verbis
717 1386 845 1456 Apostoli
859 1384 946 1438 etiam
1001 1388 1127 1443 cundum
1139 1389 1367 1459 lleumpostulat
1377 1403 1428 1458 pro
1438 1387 1551 1442 sanctis.
1562 1410 1576 1437 ι»
1590 1388 1847 1458 Postuletuemque

99 1479 161 1533 aliis
176 1475 408 1541 locisinvenitur,
425 1474 498 1528 sicut
512 1479 556 1528 est
569 1473 640 1528 illud
655 1491 662 1528 :
680 1495 694 1522 «
709 1473 787 1529 Sicut
800 1472 947 1545 peronius
1000 1477 1133 1547 Spiritus,
1151 1476 1230 1548 qrrie,
1247 1481 1278 1531 ut
1292 1477 1392 1531 beatus
1407 1476 1560 1547 Gregorius
1576 1477 1695 1547 exponit
1712 1475 1748 1529 ed
1761 1478 1848 1547 postu·

98 1565 223 1621 hominis
246 1563 380 1618 delictum
395 1563 426 1617 in
447 1579 548 1617 omnes
571 1562 703 1617 homines
719 1563 747 1615 in
771 1562 947 1617 condemne-
1001 1566 1118 1637 laudum
1129 1582 1176 1620 eos
1187 1581 1259 1636 quos
1270 1565 1423 1637 repleverit
1435 1564 1605 1619 inflammat.
1617 1564 1656 1617 'Et
1666 1563 1761 1636 gemit
1770 1569 1848 1635 etque

99 1657 218 1721 tionem,
236 1654 276 1707 ita
290 1657 319 1706 et
332 1668 385 1723 per
401 1651 486 1706 unius
502 1652 627 1706 hominis
643 1650 785 1721 justitiam
801 1650 831 1704 in
849 1666 948 1704 omnes
968 1628 988 1682 Β
1006 1653 1149 1708 desiderat
1159 1653 1293 1724 Spiritus,
1306 1653 1494 1725 quiasanctos
1504 1653 1532 1707 iu
1546 1652 1729 1707 orationibus
1739 1667 1847 1725 gemen-

97 1742 228 1798 homines
242 1742 272 1796 in
284 1739 519 1812 justificationem
546 1739 613 1793 vitre
630 1737 717 1808 (Rom.
734 1755 760 1807 v,
780 1741 833 1805 l8).
850 1757 864 1790 o
880 1738 953 1802 Quo
1005 1747 1046 1796 tes
1069 1745 1096 1795 et
1110 1741 1305 1796 desiderantes
1319 1742 1396 1809 iacit,
1410 1740 1491 1812 juxta
1512 1742 1588 1795 hune
1603 1742 1705 1812 itaque
1729 1756 1846 1803 sensum,

98 1832 185 1886 modo
200 1830 278 1885 enirn
293 1845 344 1900 per
357 1829 443 1883 unius
458 1828 585 1883 hominis
603 1828 758 1899 justitiam,
775 1828 804 1882 id
819 1831 861 1881 θεῖ
873 1827 952 1884 Chri·
1007 1852 1021 1880 «
1037 1831 1111 1884 Deus
1124 1830 1185 1884 vult
1197 1846 1297 1885 omnes
1310 1829 1443 1885 homines
1458 1829 1549 1883 selvas
1560 1828 1636 1897 lieri,
1650 1849 1664 1878 s
1680 1829 1760 1898 quia,
1776 1833 1804 1883 ut
1815 1828 1848 1881 di

97 1921 143 1987 sti,
160 1921 188 1973 iu
204 1935 305 1974 omnes
320 1918 453 1972 homines
465 1917 496 1970 in
516 1916 751 1988 justificationem
773 1917 837 1970 ritae
854 1914 867 1969 ‘l
884 1930 950 1969 cum
1005 1924 1083 1974 ctum
1100 1923 1151 1983 θεῖ,
1169 1918 1230 1989 ipse
1245 1919 1350 1973 sanctis
1365 1919 1424 1972 suis
1437 1918 1560 1988 inspirat
1573 1923 1605 1972 ut
1615 1918 1670 1971 hoc
1684 1919 1782 1984 velint,
1796 1917 1847 1988 ipss

96 2008 328 2064 manifestissime
353 2023 412 2061 non
440 2022 540 2061 omnes
564 2005 699 2060 homiues
729 2020 782 2075 per
809 2003 951 2075 justitiam
1006 2006 1846 2078 eositavolenteslacitsicutinspiraveretbeatoApostolo

97 2097 201 2154 Christi
223 2094 425 2167 justificentur,
450 2099 479 2149 et
502 2095 683 2148 vivificentur
710 2093 740 2146 in
773 2093 895 2147 christo.
918 2092 952 2145 Et
1005 2098 1055 2170 qui
1072 2096 1207 2152 dicebat:
1226 2118 1240 2145 α
1256 2097 1325 2151 Volo
1341 2103 1437 2150 autem
1453 2095 1847 2150 omneshominesessesicut

95 2192 193 2242 temen
207 2185 355 2240 verissime
366 2183 439 2238 dixit
449 2184 605 2253 Apostolus
618 2199 625 2236 ε
638 2201 653 2234 (ι
666 2185 718 2237 Per
729 2179 951 2237 uuiushominis
1005 2185 1148 2256 meipsum
1175 2185 1199 2254 (l
1213 2185 1273 2241 Cor.
1290 2201 1338 2252 vu,
1356 2189 1391 2251 7).
1413 2203 1427 2236 o
1446 2185 1480 2239 Et
1503 2168 1571 2239 alibi
1586 2200 1652 2239 cum
1676 2199 1776 2240 eorem
1790 2197 1846 2253 rege

93 2276 236 2346 justitiam
270 2274 299 2328 in
335 2288 436 2328 omnes
475 2271 608 2326 homiues
646 2271 677 2327 in
712 2270 951 2343 justificationem
1005 2275 1134 2346 Agrippa
1157 2280 1185 2328 et
1211 2273 1390 2345 principibus
1418 2272 1616 2327 testimouium
1648 2272 1756 2327 Christi
1783 2273 1845 2326 mire

96 2365 173 2432 vitae,
190 2383 204 2416 o
220 2379 278 2418 non
294 2362 475 2434 quianullus
498 2361 651 2416 hominum
667 2364 718 2427 est,
741 2359 792 2430 qui
806 2375 859 2431 per
875 2359 952 2414 illius
1005 2363 1137 2419 libertate
1159 2368 1189 2418 et
1209 2362 1370 2417 constantia
1393 2362 1570 2433 predicaret,
1593 2362 1709 2417 dicente
1732 2361 1784 2416 sihi
1804 2376 1845 2415 eo·

93 2454 237 2525 justitiam
253 2468 312 2507 non
333 2450 508 2521 justificetur
524 2467 530 2479 ·
546 2450 594 2505 sed
611 2451 689 2521 quia,
712 2455 817 2520 praeter
833 2449 895 2517 ejus
906 2448 952 2518 ju·
1005 2451 1071 2506 dem
1085 2466 1151 2522 rege
1163 2466 1170 2505 :
1184 2471 1198 2499 a
1210 2451 1241 2505 ln
1253 2449 1365 2505 modico
1378 2450 1480 2504 suades
1491 2466 1535 2503 me
1549 2448 1747 2504 Christianum
1757 2449 1843 2512 iteri»

56 2532 57 2537 ἵ
98 2542 216 2606 stitiam,
234 2555 319 2594 nemo
342 2537 528 2610 justificetur.
547 2538 712 2592 «Omnes»
735 2552 804 2608 ergo
822 2551 874 2605 per
894 2536 952 2606 pri·
1005 2539 1140 2593 continuo
1163 2539 1266 2609 plenus
1280 2537 1433 2605 desiderio,
1459 2537 1558 2591 salutis
1578 2537 1712 2592 omnium
1737 2552 1842 2608 respon·

50 2687 56 2710 4
97 2645 177 2684 mum
194 2628 283 2683 Adam
306 2627 337 2680 in
359 2625 645 2691 condemnationem,
661 2629 690 2679 et
711 2643 725 2674 a
749 2640 849 2678 omnes
869 2646 883 2674 >i
900 2641 952 2696 per
1006 2627 1071 2690 dit:
1091 2649 1102 2677 ι
1120 2626 1193 2697 Opto
1215 2626 1291 2697 apud
1316 2626 1406 2680 Deum
1422 2624 1493 2680 etin
1516 2626 1641 2693 modico,
1658 2627 1735 2681 etin
1750 2641 1843 2696 magno

15 2722 56 2791 „t
97 2717 288 2773 novissimum
304 2714 395 2770 Adam
414 2713 951 2785 injustificetionem:quianemoin
1005 2731 1065 2771 non
1088 2716 1181 2769 solum
1205 2719 1243 2780 te,
1259 2714 1308 2769 sed
1331 2718 1360 2768 et
1378 2714 1541 2785 omnesqui
1558 2730 1603 2769 me
1626 2715 1752 2770 audiunt
1770 2712 1842 2769 hodie

98 2804 335 2862 condemnatione
354 2802 411 2857 nisi
426 2803 583 2873 perillum,
601 2817 685 2856 nemo
700 2802 730 2856 in
743 2802 950 2872 justificatione
1005 2806 1076 2860 tales
1098 2804 1188 2859 lieri:
1214 2803 1306 2875 qualis
1331 2819 1384 2874 ego
1413 2819 1476 2857 sum
1501 2802 1625 2875 exceptis
1649 2802 1772 2858 vinculis
1791 2801 1842 2855 istis

97 2894 155 2949 uisi
169 2910 220 2967 per
233 2893 330 2947 istum.
346 2890 406 2945 Tali
434 2905 521 2944 sensu
541 2894 569 2944 et
583 2889 654 2944 illud
669 2889 867 2960 accipiendum
884 2895 926 2945 est
942 2907 948 2946 :
969 2894 1075 2965 claci.
1093 2909 1166 2961 xxvi,
1179 2895 1224 2960 28,
1240 2892 1295 2963 29).
1314 2913 1327 2942 s

98 3001 113 3039 s
131 2984 209 3039 Sicut
222 2981 252 3035 in
267 2980 359 3035 Adam
374 2994 474 3033 omnes
493 2978 670 3044 moriuntur,
689 2977 729 3032 ita
750 2978 820 3033 etin
837 2978 947 3034 Christo
1331 3017 1444 3072 CAPUT
1462 3016 1510 3072 ΧΠ

98 3086 199 3127 omnes
222 3068 440 3123 vivificabuntur
455 3068 482 3138 (l
500 3068 560 3124 Cor.
577 3082 622 3132 xv,
640 3066 725 3136 tit.»
751 3067 831 3131 Quod
847 3067 947 3139 utique

98 3160 133 3216 de
157 3160 253 3214 lutura
281 3155 487 3212 resurrectione
516 3154 588 3210 dixit
614 3155 780 3224 Apostolus.
812 3156 947 3226 Nunquid

98 3249 175 3303 euim
194 3252 263 3301 tunc
284 3244 506 3299 vivificabuntur
529 3243 559 3297 in
580 3243 702 3311 Christo,
721 3243 772 3312 qui
796 3259 946 3314 nunquam
1039 3248 1143 3313 Quarto
1163 3251 1259 3302 eutem
1275 3246 1359 3301 modo
1375 3246 1447 3300 itea
1468 3245 1571 3300 sanctis
1587 3246 1722 3301 Patribus
1738 3245 1835 3301 intelle·

97 3338 283 3394 crediderunt
306 3335 336 3390 in
360 3335 518 3402 Christum,
540 3331 589 3403 qui
605 3348 755 3402 nunquam
780 3332 897 3387 fuerunt
916 3333 946 3387 in
1001 3340 1079 3391 ctum
1095 3337 1241 3391 invenitur
1262 3335 1340 3407 quod
1358 3334 1547 3389 dictumest:
1565 3333 1648 3397 «Qui
1668 3334 1731 3389 vult
1753 3348 1837 3388 omnes

98 3427 222 3490 Christo,
242 3424 292 3494 qui
307 3439 456 3494 nunquam
472 3421 614 3488 vixerunt,
630 3436 684 3475 nec
705 3421 814 3476 mortui
836 3421 947 3476 suntin
1001 3424 1135 3480 homines
1149 3426 1240 3479 salves
1261 3423 1335 3489 fieri,
1353 3441 1367 3476 s
1390 3425 1422 3477 ut
1436 3421 1605 3493 simpliciter
1629 3423 1785 3494 accipietur
1796 3422 1837 3475 hoc

99 3514 235 3570 Christo?
251 3514 284 3567 Et
298 3512 362 3566 ideo
376 3510 542 3566 nullatenus
558 3509 714 3580 pertinent,
727 3515 758 3564 ut
770 3510 799 3563 in
814 3510 864 3563 illo
879 3511 947 3564 ecci·
1001 3514 1036 3569 de
1049 3513 1184 3584 omnibus
1199 3511 1366 3567 hominibus
1384 3533 1395 3560 ι
1416 3511 1559 3574 Quantum
1576 3509 1605 3564 in
1623 3511 1687 3583 ipso
1705 3515 1748 3566 est
1762 3512 1835 3566 mum

98 3604 179 3675 piant
200 3599 439 3657 resurrectionem
454 3598 529 3665 vitae,
553 3613 640 3669 quam
654 3597 794 3652 Dominus
815 3597 947 3653 fidelibus
1000 3604 1084 3672 velle,
1099 3620 1114 3654 o
1130 3618 1162 3656 eo
1176 3600 1253 3673 quod
1276 3616 1376 3655 omnes
1389 3599 1492 3653 sulcari
1509 3599 1577 3653 velit
1590 3620 1604 3648 «
1621 3599 1752 3654 bonitate
1766 3599 1835 3654 Gree-

97 3688 241 3762 promittit
255 3688 350 3742 dicens
369 3702 375 3741 :
395 3709 405 3736 ι
422 3686 475 3752 Qui
495 3686 572 3741 bone
592 3686 731 3756 fecerent,
753 3685 783 3740 in
807 3702 947 3741 resurrec·
1001 3691 1071 3746 toris
1087 3707 1093 3745 ε
1109 3711 1124 3741 o
1140 3690 1188 3745 sed
1210 3688 1278 3760 quia
1293 3688 1378 3743 liberi
1400 3687 1513 3742 arbitrii
1528 3703 1577 3741 eos
1592 3687 1733 3753 condidit,
1751 3702 1833 3759 exspe-

99 3780 219 3834 ctionsm
235 3776 310 3844 vitae,
330 3797 341 3824 ι
359 3779 388 3830 et
403 3774 467 3830 ideo
491 3775 526 3829 ed
541 3790 643 3829 eorum
665 3774 814 3844 pertinent
828 3779 945 3843 sortem,
1000 3783 1067 3846 etet,
1091 3784 1124 3834 ut
1137 3779 1192 3833 hoc
1206 3778 1293 3832 etiem
1317 3776 1370 3848 ipsi
1389 3776 1477 3830 velint
1493 3792 1500 3830 :
1515 3780 1543 3830 et
1557 3775 1581 3831 si
1595 3777 1751 3843 voluerint,
1770 3777 1833 3847 juste

98 3869 133 3923 de
153 3867 257 3939 quibus
274 3865 368 3920 statim
392 3863 561 3935 subjungit:
584 3863 665 3928 acui
689 3879 756 3918 vero
778 3862 855 3917 mals
880 3880 946 3936 ege·
1001 3868 1168 3922 salventur:
1186 3865 1208 3920 si
1231 3865 1386 3932 noluerint,
1408 3865 1486 3934 juste
1511 3864 1678 3935 punientur.
1706 3864 1758 3921 Sed
1779 3863 1832 3919 heir

98 3961 177 4024 runt,
200 3955 230 4014 in
245 3953 485 4009 resurrectionem
501 3951 604 4023 judieii
622 3953 713 4021 (Jccn.
731 3965 777 4019 xv,
802 3951 857 4023 29).
883 3972 897 4002 s
915 3953 948 4007 Et
1000 3956 1097 4010 sensui
1129 3953 1273 4026 imprimis
1306 3952 1376 4008 illud
1406 3952 1518 4007 ridetur
1549 3968 1610 4006 esse
1644 3952 1830 4008 contrarium:

98 4051 195 4100 tumen
220 4059 285 4098 vere
317 4042 346 4096 in
369 4042 460 4096 Adam
495 4055 658 4095 ‹omnes›
682 4039 856 4106 moriuntur,
879 4041 947 4111 quie
1003 4045 1183 4110 «Quomodo
1200 4043 1383 4114 omnipotens
1398 4042 1473 4096 Deus
1489 4057 1601 4107 eorum,
1619 4057 1693 4112 quos
1716 4041 1775 4097 vult
1787 4038 1833 4093 sal-

98 4149 184 4190 nemo
199 4132 231 4187 in
251 4136 375 4187 mortem
390 4130 445 4185 nisi
461 4129 619 4200 perillum.
644 4131 677 4183 Et
697 4145 763 4183 rere
779 4129 809 4182 in
834 4129 945 4184 Christo
1000 4148 1049 4187 ros
1067 4132 1131 4187 fieri
1156 4135 1299 4202 exspectet
1321 4131 1510 4198 voluntatem,
1526 4151 1540 4179 s
1566 4134 1598 4184 ut
1614 4135 1643 4185 et
1665 4130 1722 4201 ipsi
1745 4128 1833 4184 scilicet

101 4246 112 4272 ι
130 4237 230 4276 omnes
246 4238 260 4272 r
283 4218 505 4273 vivificabuntur
521 4234 528 4271 ε
545 4216 613 4288 quie
637 4233 721 4271 nemo
740 4217 772 4271 in
788 4217 837 4272 illa
851 4233 946 4272 resur·
966 4214 1119 4292 Dpropris
1134 4219 1245 4274 arbitrii
1263 4218 1394 4272 libertate
1409 4218 1479 4272 salvi
1501 4234 1562 4272 esse
1578 4218 1679 4285 velint,
1700 4234 1763 4274 eum
1777 4215 1833 4270 selle

98 4310 225 4365 rectione
241 4308 305 4361 vitae
320 4305 376 4360 nisi
392 4321 444 4376 per
458 4305 561 4376 ipsum.
573 4305 634 4369 Quo
650 4304 736 4359 etiam
752 4320 837 4359 sensu
853 4305 948 4360 mani·
1002 4307 1125 4362 fideliter
1145 4308 1254 4361 salvum
1279 4306 1342 4360 lieri
1363 4306 1399 4360 sit
1414 4322 1465 4377 per
1481 4306 1716 4377 redemptionem
1738 4301 1834 4362 Domini

98 4393 496 4463 festissimeilludinpsalmo
512 4393 691 4448 dictumest:
709 4394 950 4449 ‹Allevatliomi·
1000 4396 1067 4451 Jesu
1091 4395 1205 4452 Christi.
1243 4395 1326 4461 Quin,
1351 4395 1425 4449 sicut
1449 4394 1551 4449 beatus
1578 4396 1679 4449 Petrus
1705 4394 1834 4466 spostolus

99 4502 153 4540 nus
187 4482 356 4554 omnesqui
388 4485 534 4550 corruunt,
566 4486 594 4537 et
618 4482 704 4554 erigit
728 4498 828 4538 omnes
862 4482 947 4538 elisos
1002 4484 1086 4541 docet
1102 4501 1108 4538 :
1126 4505 1140 4532 ε
1155 4483 1217 4537 lton
1234 4488 1276 4537 θεῖ
1289 4482 1320 4537 in
1336 4483 1394 4537 ullo
1418 4482 1474 4537 alio
1491 4483 1578 4550 selus,
1594 4488 1624 4538 et
1643 4500 1703 4539 non
1717 4488 1760 4539 est
1772 4477 1833 4538 uliud

100 4574 190 4640 (Psoi.
210 4588 299 4639 mnia,
324 4570 379 4642 14).
396 4592 410 4621 s
436 4572 534 4642 Neque
549 4571 626 4625 enim
643 4592 657 4620 «
670 4586 770 4626 omnes
784 4592 799 4621 s
818 4571 946 4640 omnino,
1002 4587 1106 4626 nomen
1132 4570 1184 4625 suh
1199 4570 1270 4624 coelo
1285 4568 1385 4624 delum
1401 4569 1578 4640 hominihus,
1595 4570 1624 4624 in
1648 4586 1707 4642 quo
1720 4568 1833 4641 oporteat

1169 3125 1298 3194 Sequitur
1311 3122 1432 3193 ejusdem
1448 3123 1500 3178 loci
1514 3122 1685 3192 explanatio.

6 4710 8 4713 ,
99 4663 150 4734 qui
165 4661 196 4717 in
211 4659 329 4715 dirersis
344 4658 524 4726 criminibus,
542 4663 570 4712 et
584 4658 663 4713 vitiis
684 4662 829 4726 corruunt,
853 4663 881 4714 θῖ
895 4659 947 4713 eli·
1001 4677 1053 4715 nos
1069 4659 1159 4714 salvos
1173 4657 1236 4713 lieri
1257 4657 1329 4729 (Act.
1346 4673 1383 4725 rr,
1403 4657 1455 4729 12),
1479 4679 1493 4706 »
1509 4673 1595 4712 nemo
1615 4658 1738 4714 omnino
1751 4655 1832 4731 possc

99 4750 209 4805 duntur
241 4747 382 4803 Dominus
415 4746 587 4814 miserendo,
620 4751 704 4818 etque
737 4747 948 4818 indulgendos
1002 4746 1058 4801 nisi
1070 4745 1103 4799 in
1115 4761 1149 4800 eo
1163 4747 1237 4801 Deus
1252 4749 1388 4815 operetur
1403 4749 1432 4799 et
1443 4745 1515 4800 velle
1530 4750 1560 4799 et
1572 4747 1763 4816 posse:sicnt
1774 4748 1832 4816 Apo·

99 4839 180 4910 lapsu
214 4838 305 4893 ruinae
326 4852 385 4890 suae
410 4836 523 4901 alterat,
549 4842 578 4889 et
599 4836 685 4905 erigit
709 4851 774 4889 cum
798 4840 893 4891 tantos
916 4835 948 4889 in
1001 4835 1091 4890 stolus
1100 4839 1220 4889 testatur
1235 4833 1459 4888 dicens:«lleus
1469 4837 1512 4888 est
1521 4833 1600 4889 enim
1611 4834 1664 4905 qui
1675 4830 1832 4906 operatorio

100 4927 207 4982 eisdem
231 4926 289 4980 suis
308 4924 488 4988 criminibus,
506 4927 533 4977 et
551 4922 752 4994 iniquitatibus
769 4925 864 4994 perire
886 4940 946 4978 cer·
1001 4923 1080 4977 vobis
1094 4926 1122 4977 et
1135 4923 1215 4976 velle
1233 4927 1262 4976 et
1275 4921 1412 4993 perficere
1428 4937 1481 4992 pre
1505 4923 1581 4977 bona
1595 4923 1746 4978 voluntate
1767 4919 1832 4994 (rit.

99 5018 162 5070 tum
182 5016 228 5068 sit.
245 5014 278 5068 Et
299 5017 396 5068 temen
416 5026 483 5066 vere
506 5011 568 5081 ipse
585 5028 598 5063 s
615 5027 714 5065 omnes
729 5033 743 5062 »
769 5016 945 5079 corruentes,
1001 5028 1031 5080 11,
1053 5011 1104 5080 13),
1121 5031 1136 5059 »
1150 5010 1174 5064 si
1191 5010 1269 5065 enim
1292 5010 1367 5065 hanc
1391 5010 1565 5065 voluntatem
1589 5011 1796 5083 redemptionis
1813 5008 1834 5062 cl

99 5109 129 5159 et
144 5125 158 5153 «
174 5118 274 5158 omnes
290 5122 304 5151 s
324 5100 410 5156 elisos
425 5100 535 5168 allevat,
552 5104 638 5172 etque
654 5100 748 5172 erigit,
773 5101 841 5172 quie
854 5100 898 5156 rel
912 5118 946 5156 ex
1000 5100 1100 5154 solutis
1122 5114 1186 5170 quse
1202 5103 1245 5154 est
1267 5098 1298 5152 iu
1314 5098 1427 5156 Christo
1449 5115 1535 5155 nemo
1562 5099 1652 5155 habet
1672 5116 1709 5156 ex
1732 5101 1833 5171 seips,

99 5193 181 5248 omni
204 5206 310 5262 genere
333 5188 514 5261 peccantium
539 5188 597 5244 sire
622 5189 853 5256 criminosorum,
875 5206 947 5260 quos
1000 5187 1050 5242 sed
1064 5188 1100 5241 ab
1113 5187 1162 5242 illo
1185 5209 1199 5236 ι(
1216 5188 1266 5259 qui
1282 5192 1417 5259 operetur
1429 5188 1461 5242 in
1480 5189 1530 5255 eis,
1546 5205 1619 5260 quos
1638 5195 1723 5246 vocat
1736 5195 1765 5246 et
1778 5187 1834 5244 rslls

99 5280 234 5349 voluerit,
250 5279 360 5349 salvet3
381 5278 425 5333 vel
441 5278 509 5349 quis
532 5277 588 5332 nisi
600 5294 653 5348 per
674 5277 756 5332 illum
778 5293 864 5332 nemo
879 5294 947 5350 pro·
1000 5281 1030 5330 et
1044 5274 1179 5347 perficere
1191 5276 1496 5346 probonavoluntete,
1511 5278 1834 5335 »sicutmeniiestissins

100 5373 206 5424 stratus
220 5368 352 5440 erigitur,
369 5371 418 5423 aut
433 5369 580 5428 allevatur,
593 5368 662 5422 dum
680 5382 736 5421 non
753 5366 811 5420 suis
825 5366 944 5432 viribus,
1001 5363 1163 5436 apostolieae
1196 5364 1333 5419 doctrinoe
1365 5365 1468 5421 veritus
1501 5366 1594 5435 docet,
1619 5373 1654 5422 ut
1680 5368 1753 5440 qnid
1775 5368 1834 5423 nens

101 5456 150 5511 sed
174 5457 224 5511 Dei
253 5456 438 5512 miseratione
460 5455 615 5525 consurgit.
649 5452 726 5509 Sicut
758 5469 826 5524 ergo
848 5452 880 5507 in
901 5453 946 5507 his
1000 5457 1253 5523 exspectateorum
1267 5454 1518 5525 quosrultsulvos
1533 5453 1834 5523 tieriroluntutem,ut
