3930 6098
140 226 189 282 67³
486 222 671 284 APPENDIX.
683 257 718 267 -
736 224 955 286 inlustrato
973 227 1020 287 SS.
1042 229 1106 287 llll.
1127 229 1322 290 enatarunt
1342 233 1387 291 ET
1407 233 1540 293 DARIAE.
1838 241 1892 298 ott

139 380 189 435 per
208 381 240 419 se
256 361 477 420 examinandam
494 366 627 436 suscepit,
644 367 834 440 omniumque
857 368 906 439 qui
925 373 987 423 tum
1006 371 1027 426 Α
1043 368 1109 425 dem
1124 369 1202 425 cellae
1218 370 1379 427 dominium
1395 372 1543 446 retineret,
1559 374 1608 431 sed
1622 380 1651 431 ct
1666 374 1796 450 illisque
1812 377 1889 433 luto·

139 448 387 520 adfuerejudicio,
401 451 592 522 jurisjurandi
612 452 739 507 conditio
764 453 909 509 causidico
924 470 988 509 mo·
1042 459 1082 513 ris
1112 459 1338 515 successionibus
1359 462 1525 533 acquisisset
1546 463 1612 535 jure
1636 465 1803 522 firmissimo
1827 472 1889 522 ule·

138 539 267 603 naslerii,
294 544 363 595 tuuc
384 540 508 595 lieberto
537 541 654 596 nomine
677 547 719 597 est
742 543 907 606 constituta,
931 560 989 615 qua
1043 548 1152 599 rentur.
1452 544 1456 552 ’

136 627 184 682 ille
199 633 300 698 postea
321 643 386 683 eum
401 628 466 683 aliis
491 629 644 685 duodecim
673 630 808 698 firmavit,
834 633 986 702 possessio·
1077 631 1121 685 ll.
1138 633 1204 687 flac
1231 633 1476 705 quemadmodum
1496 637 1555 691 sint
1574 643 1652 709 gesta
1677 644 1763 711 atque
1784 645 1891 696 statuta

136 731 204 770 uem
229 716 412 787 saepedictam
433 733 490 772 uon
513 718 644 773 Ecclesiae
665 719 857 789 Trevirorum,
878 722 926 775 sed
942 721 989 776 do·
1042 721 1150 788 poterit
1163 722 1213 793 qui
1228 722 1305 776 volet
1317 721 1422 777 relecto
1436 725 1536 779 eodem
1560 727 1609 797 qui
1637 726 1780 798 hodieque
1799 727 1828 782 in
1844 743 1891 783 ar·

136 805 228 860 minio
244 805 324 877 regio
346 810 458 860 tantum
481 811 655 877 compatere.
679 809 734 861 lloc
763 825 831 880 ergo
856 809 941 863 modo
957 825 987 863 re
1041 809 1130 863 chivis
1143 809 1234 880 ipsius
1245 811 1412 866 monasterii
1435 812 1639 884 integerrimus
1654 821 1752 871 manet
1772 816 1890 887 privile·

135 894 256 949 delinita
275 898 303 949 et
328 894 463 966 episcopo
488 896 606 950 tandem
631 896 838 966 acquiescente,
855 896 987 952 fumosis·
1041 897 1089 968 gio
1105 898 1191 954 scire.
1211 899 1296 955 Nobis
1312 915 1373 954 rem
1396 900 1524 956 breviter
1544 917 1785 959 commemorasse
1801 905 1890 960 sulle-

136 982 228 1037 simus
243 998 292 1036 rex
307 998 505 1037 cumanorum
534 999 674 1039 consensu
698 986 798 1040 cellam
823 986 913 1041 sanati
935 986 989 1041 viri
1041 986 1121 1050 cerit.
1139 1003 1175 1041 ue
1193 987 1221 1042 id
1240 988 1316 1060 quod
1340 994 1414 1043 esset
1429 989 1499 1044 attile
1526 990 1700 1061 cognitioni,
1727 992 1841 1063 penitus
1855 993 1891 1048 si·

135 1072 313 1127 monasterio
338 1072 463 1127 Prumiae
481 1072 609 1140 tradidit,
635 1073 712 1128 edito
732 1074 894 1130 traditionis
915 1076 988 1147 ejus·
1041 1074 1139 1142 luisse,
1152 1082 1181 1130 et
1195 1076 1225 1130 in
1236 1077 1290 1131 hac
1304 1082 1384 1147 parte
1397 1076 1471 1131 circa
1485 1077 1516 1134 B.
1529 1079 1648 1133 Goarem
1660 1079 1753 1134 ollicio
1764 1080 1889 1135 deluisse

135 1160 201 1215 dem
217 1161 378 1232 privilegio,
401 1177 458 1232 quo
472 1161 598 1216 firmavit
613 1167 789 1235 testatusque
808 1170 860 1230 cst,
881 1181 910 1219 se
935 1181 987 1234 pro
1041 1164 1144 1219 merito
1155 1167 1405 1235 redargueremur.

135 1264 235 1304 amore
250 1249 353 1305 Christi
370 1254 399 1304 et
413 1251 595 1321 eleemosyna
610 1258 761 1321 parentum
772 1269 900 1316 suorum,
920 1253 988 1324 Pip-
1076 1254 1120 1308 48.
1139 1254 1267 1324 Denique
1282 1270 1347 1308 cum
1365 1258 1426 1309 hae
1447 1253 1649 1324 scriberemus,
1676 1255 1750 1310 sicut
1768 1254 1799 1310 in
1815 1257 1890 1328 regi·

133 1338 197 1408 pini
211 1337 343 1392 videlicet
357 1337 431 1409 regis
445 1343 473 1392 et
487 1339 594 1409 reginae
612 1340 762 1408 Bertradae,
778 1343 877 1396 cellam
894 1342 987 1412 ipsam
1041 1340 1118 1395 mine
1135 1341 1304 1396 monasterii
1328 1341 1463 1405 Prumiae‚
1484 1342 1524 1396 sic
1549 1343 1636 1397 etiam
1660 1343 1690 1397 iu
1709 1344 1891 1412 possessione

133 1425 188 1480 hac
201 1426 268 1495 lege
280 1425 419 1497 jamdicto
434 1428 609 1482 monasterio
635 1429 766 1495 subdere,
795 1435 827 1484 ut
843 1430 921 1484 omni
937 1431 986 1485 de·
1041 1431 1118 1484 cellae
1135 1429 1162 1485 S.
1186 1430 1285 1485 Goaris
1311 1434 1420 1486 Asuero
1439 1432 1612 1495 Tancradus,
1637 1437 1666 1487 et
1690 1432 1892 1487 elidarcuvar-

117 1515 237 1584 ‘inceps
266 1519 394 1586 tempore
419 1521 544 1570 rectores
568 1517 735 1571 monasterii
765 1518 893 1587 ejusdem
923 1535 986 1573 eam
1042 1518 1386 1574 dusvicariamutatioue
1404 1527 1607 1575 successerant.

133 1610 246 1670 tenere,
262 1608 291 1658 et
306 1604 390 1656 rebus
409 1605 469 1674 ejus
495 1605 584 1659 libera
599 1606 763 1660 conditione
785 1608 813 1660 in
831 1624 897 1661 usus
917 1624 986 1661 suo·
1006 1649 1027 1701 B
1076 1608 1121 1661 to.
1139 1609 1178 1661 lle
1194 1608 1294 1662 abbate
1314 1623 1401 1678 porro
1417 1611 1526 1662 Asvrcro
1551 1613 1580 1662 et
1593 1608 1664 1662 cella
1684 1608 1771 1662 sancti
1786 1608 1840 1662 viri
1857 1625 1890 1665 ea

135 1708 202 1745 rum
220 1694 334 1762 lleoque
351 1693 538 1747 servientium
554 1694 673 1748 fratrum
696 1696 870 1749 necessarios
884 1696 936 1762 ull,
956 1712 988 1750 ac
1042 1711 1106 1767 quae
1122 1696 1216 1765 primo
1241 1696 1391 1750 retulimus
1411 1695 1451 1749 ita
1466 1712 1527 1749 esse
1542 1701 1631 1766 gesta,
1649 1697 1768 1768 quidam
1792 1713 1826 1751 ex
1846 1715 1892 1752 se·

132 1780 196 1834 sine
232 1781 290 1834 nlla
313 1781 484 1853 cujusquam
513 1783 750 1851 contradictione,
780 1800 844 1855 qum
869 1784 986 1839 utilitati
1043 1782 1518 1854 nioribusuouindignusfideob
1543 1784 1761 1839 eodemabbato
1785 1802 1815 1839 se
1839 1802 1889 1840 au-

128 1870 283 1923 communl
307 1877 502 1940 competerent
518 1871 552 1925 de
575 1889 609 1925 ea
628 1872 721 1926 lacere
738 1875 766 1926 et
786 1872 917 1927 ordinare
937 1873 987 1927 de·
1042 1872 1117 1926 disse
1130 1878 1173 1926 est
1188 1876 1371 1943 protestatus.

131 1958 259 2025 berent,·
278 1975 371 2031 neque
387 1960 472 2014 rebus
488 1960 671 2016 solummodo
697 1978 768 2033 quas
792 1966 922 2032 tempore
937 1978 986 2016 co-

774 2271 1249 2395 APPENDIX

254 2601 597 2711 HISTORIA
639 2600 1221 2711 TRANSLATIONIS
1266 2602 1773 2732 RELIQUIARUM

848 2793 909 2856 SS.
933 2793 1185 2856 MARTYRUM

616 2935 1019 3040 CHRYSANTI
1053 2936 1142 3038 ET
1177 2935 1415 3039 DARIAE

711 3113 714 3119 '
779 3106 825 3167 Ex
840 3106 919 3167 urbe
935 3106 1039 3168 Roma
1054 3105 1085 3166 in
1100 3105 1247 3168 Galliam.

539 3240 624 3306 (llpud
652 3240 752 3291 blabill.
778 3241 834 3292 Aet.
862 3240 907 3291 SS.
935 3241 993 3292 ord.
1019 3240 1045 3291 S.
1070 3240 1166 3291 Beued.
1194 3244 1261 3291 tom.
1288 3239 1333 3303 IV,
1358 3254 1384 3305 p.
1411 3240 1478 3303 ou.)

504 3474 568 3529 Car.
589 3474 612 3528 l.
1001 3474 1165 3545 Cporibus,
1189 3477 1275 3545 atque
1299 3490 1332 3528 ex
1353 3478 1474 3545 utraque
1498 3478 1579 3543 parte
1601 3474 1743 3529 stantibus
1766 3472 1887 3529 clerico-

163 3547 256 3601 Anno
280 3544 435 3600 Dominicte
450 3545 658 3600 incarnationis
673 3545 736 3613 844,
752 3546 913 3617 imperante
928 3546 981 3600 Lo·
1036 3561 1102 3599 rum
1118 3545 1278 3608 ordinibus,
1295 3550 1322 3599 et
1338 3544 1515 3609 canentibus,
1527 3545 1645 3600 tradidit
1660 3545 1686 3599 ei
1696 3561 1761 3599 cum
1773 3560 1887 3599 summa

115 3617 228 3672 thario
245 3618 385 3687 linguato,
399 3616 460 3671 tilio
483 3615 659 3670 serenissimi
682 3618 865 3689 imperatoris
889 3617 982 3670 Ludo·
1037 3616 1221 3671 veneratione
1244 3620 1272 3670 et
1297 3615 1406 3670 honore
1430 3615 1617 3686 prefatorum
1643 3621 1801 3688 martyrum
1824 3631 1886 3670 cor·

115 3686 498 3754 vici,llarcvardus,abba
522 3688 647 3742 Prumia
668 3689 843 3751 monasterii,
861 3689 982 3741 llomam
1037 3703 1119 3756 pora,
1138 3687 1191 3741 sub
1217 3686 1398 3740 invocatione
1421 3686 1547 3740 nominis
1576 3687 1690 3741 llomini
1713 3687 1885 3757 praecipiens

111 3757 169 3813 ire
187 3758 359 3827 disponens,
379 3757 530 3812 memorati
552 3759 688 3830 principis
711 3757 876 3829 impetravit
896 3757 983 3811 licen·
1037 3773 1104 3811 eum
1119 3756 1194 3810 circa
1210 3757 1423 3811 venerationem
1439 3773 1538 3811 corum
1553 3757 1712 3821 intendere,
1730 3775 1788 3828 quo
1809 3763 1887 3811 uter·

109 3830 204 3884 tiam
218 3834 248 3882 et
263 3829 396 3910 epistolas
407 3830 441 3883 ad
454 3829 620 3899 pontilicem
643 3829 717 3882 sedis
735 3829 899 3899 apostolicae
915 3829 982 3883 Gre-
1038 3843 1094 3898 que
1111 3827 1160 3881 Dei
1176 3827 1381 3897 omnipotentis
1397 3827 1535 3881 offensam
1561 3828 1651 3899 possit
1666 3829 1810 3900 elingere:
1826 3829 1887 3899 ipse

108 3901 261 3972 goriam,
276 3916 306 3953 in
331 3899 436 3970 quibus
465 3900 545 3969 regia
568 3899 791 3954 conveniebatur
813 3899 982 3953 auctoritate
1038 3898 1154 3968 quidem
1171 3899 1248 3969 quod
1265 3898 1386 3965 dederit,
1412 3898 1542 3952 illevero
1568 3899 1645 3968 quod
1673 3899 1887 3954 datisdebitam

107 3977 153 4027 ut
171 3969 301 4039 alicujus
315 3970 524 4041 praeclarissimi
538 3970 671 4040 martyris
685 3985 789 4040 corpus
811 3970 837 4024 ei
853 3969 915 4024 dari
930 3969 983 4024 de·
1038 3984 1094 4022 non
1124 3968 1281 4039 providerit
1308 3969 1534 4023 venerationem.
1562 3968 1691 4023 Tradidit
1715 3969 1741 4022 ei
1769 3985 1886 4040 quoque

103 4036 214 4097 heret
229 4041 313 4094 larum
326 4040 500 4108 celebrioris,
523 4041 559 4095 de
585 4043 667 4110 cujus
694 4041 825 4111 passione
848 4056 880 4094 ac
896 4056 982 4095 vene·
1037 4040 1174 4111 reliquias
1190 4039 1383 4110 quadraginta
1405 4055 1453 4093 sex
1478 4044 1643 4093 sanctorum
1666 4045 1837 4110 martyrum,
1855 4055 1886 4093 ac

106 4113 246 4168 ratione
276 4112 371 4165 nullus
397 4111 526 4166 fidelium
553 4116 648 4181 posset
674 4112 830 4183 ambigere.
859 4114 981 4181 Arrepto
1038 4110 1405 4180 praecepitintumuloeas
1428 4115 1652 4164 memoratorum
1676 4109 1793 4164 recondi
1815 4125 1885 4163 sau-

103 4196 261 4252 namque
281 4184 340 4252 J'am
362 4182 475 4249 itinere,
500 4198 565 4236 cum
594 4183 779 4253 comperisset
805 4183 981 4237 antedictum
1037 4185 1158 4235 ctortrm.
1184 4181 1326 4251 Susceptis
1352 4181 1450 4252 itaque
1472 4196 1537 4235 cum
1560 4197 1673 4235 summa
1702 4180 1885 4235 veneratione

103 4267 239 4326 papam
257 4251 352 4306 obisse
366 4253 545 4323 Gregorium,
561 4253 708 4324 aliumque
722 4269 774 4323 pro
789 4269 823 4308 eo
839 4253 981 4308 coustitu-
1036 4251 1214 4323 corporibus,
1232 4268 1334 4306 omnes
1347 4251 1529 4322 praecipitans
1544 4267 1639 4306 moras
1651 4252 1804 4306 maturavit
1818 4267 1887 4322 pro·

103 4329 189 4380 tum
212 4322 332 4376 nomine
346 4322 489 4394 Sergium,
507 4324 593 4377 missa
621 4324 656 4377 ad
680 4324 883 4394 imperatorem
908 4324 982 4378 rela·
1036 4323 1201 4377 sectionem.
1217 4322 1355 4377 Omnibus
1370 4322 1459 4391 igitur
1472 4322 1676 4389 incolumibus,
1701 4322 1885 4394 quinquage-

102 4398 223 4459 tione,
239 4393 419 4465 receptisque
438 4411 503 4448 mox
521 4394 556 4448 ad
570 4410 664 4463 nuper
678 4400 805 4449 creatum
824 4394 982 4448 antistitem
1037 4395 1110 4448 simo
1126 4393 1171 4448 die
1186 4399 1339 4465 postquam
1363 4393 1398 4446 ab
1416 4393 1488 4447 Urbe
1505 4409 1634 4464 gressum
1660 4393 1832 4460 extulerant,
1853 4393 1885 4446 in

103 4463 288 4529 mandatis,
304 4464 420 4519 tandem
439 4470 503 4535 post
517 4464 603 4535 longa
626 4464 738 4519 itineris
754 4464 846 4536 spatie
860 4465 982 4520 Romam
1036 4465 1249 4535 possessionem
1272 4464 1391 4518 veniunt
1411 4465 1589 4531 monasterii,
1615 4464 1749 4518 videlicet
1771 4463 1801 4517 iu
1828 4463 1885 4517 col-

102 4535 307 4610 ingreditur.
319 4536 606 4617 Susceptusdenique
616 4535 773 4590 honorilice
782 4535 817 4590 ab
826 4535 982 4606 apostolico
1038 4534 1195 4588 lamsancti
1217 4534 1314 4589 Goaris
1328 4543 1356 4588 ⁸:
1384 4534 1433 4588 ubi
1457 4550 1508 4604 per
1531 4534 1652 4588 biduum
1677 4538 1883 4599 commoratus,

102 4621 218 4679 papa,
237 4606 374 4677 epistolas
392 4623 417 4660 er
432 4607 524 4689 regias
549 4606 679 4662 tradidit.
707 4607 769 4672 llle,
790 4607 877 4677 jussis
893 4607 983 4676 impe·
1037 4604 1177 4658 ordinatis
1191 4604 1337 4669 iratribus,
1353 4619 1417 4658 cum
1431 4606 1603 4659 venerandis
1618 4606 1787 4676 corporibus
1807 4621 1885 4676 prae·

103 4678 256 4735 rialihus
279 4677 398 4748 ejusque
421 4678 608 4747 petitionibus
634 4677 827 4732 favorabiliter
849 4677 878 4731 in
892 4676 984 4731 omni·
1038 4675 1125 4729 mittit
1140 4691 1188 4729 eos
1202 4675 1236 4729 ad
1251 4675 1396 4730 Promiam
1412 4676 1629 4744 monasterium,
1644 4693 1768 4748 quorum
1782 4677 1884 4731 fratres

104 4746 179 4805 bns
216 4762 362 4811 annuens,
391 4748 545 4817 spopondit
572 4765 601 4802 se
628 4752 728 4802 cuncta
749 4749 891 4802 iacturum
915 4762 981 4819 quae
1000 4747 1328 4827 Dadveutucomperto,
1346 4761 1411 4801 cum
1436 4747 1558 4801 maxima
1583 4748 1775 4818 gratulatione
1798 4747 1884 4801 sacris

105 4823 324 4893 suggesserat.
342 4820 409 4873 Post
421 4819 482 4873 lraec
496 4818 574 4873 misit
596 4820 623 4873 ei
638 4834 690 4889 per
713 4819 851 4873 Marinum
873 4818 981 4889 episoo·
1036 4816 1130 4872 induti
1145 4816 1279 4871 festinant
1296 4832 1446 4871 occurrere
1459 4833 1523 4872 cum
1550 4818 1727 4874 candelabris
1751 4822 1780 4873 et
1794 4818 1884 4871 cruci·

103 4904 201 4959 pum
216 4889 326 4944 librum
339 4895 502 4944 sanctorum
525 4889 722 4944 continentem
744 4890 901 4960 passiones,
923 4889 983 4959 jus·
1037 4888 1100 4941 bus.
1116 4887 1184 4951 Quae
1198 4903 1265 4942 vero
1280 4887 1310 4942 ln
1333 4888 1386 4942 hoo
1407 4890 1499 4958 spatio
1523 4889 1635 4944 itineris
1657 4888 1792 4943 miracula
1809 4888 1884 4942 Deus

106 4964 226 5033 sitque
241 4961 406 5030 passionem
425 4961 514 5014 sancti
538 4960 688 5031 chrysanti
713 4966 741 5015 et
764 4961 856 5015 [laria
879 4960 982 5014 litteris
1036 4958 1072 5012 ad
1089 4957 1265 5013 ostendenda
1287 4964 1451 5013 sanctorum
1467 4976 1584 5014 suorum
1602 4960 1704 5014 merita
1720 4959 1882 5012 declarave-

105 5033 258 5092 tradere,
288 5029 432 5099 pollicitus
461 5046 563 5086 eorum
592 5046 713 5101 corpora
736 5047 765 5085 se
792 5031 980 5086 eidaturum.
1036 5029 1083 5094 rit,
1099 5029 1402 5085 translationeeorum
1418 5036 1532 5101 peracta
1556 5030 1716 5102 expediam.
1742 5029 1814 5084 Cum
1836 5027 1880 5082 in·

106 5100 296 5158 Constituta
308 5101 405 5171 itaque
418 5101 464 5157 die
486 5102 521 5156 ed
550 5103 767 5157 Lateraneusem
790 5106 925 5173 properat
940 5118 983 5157 eo·
1035 5099 1115 5171 genti
1134 5099 1231 5170 itaque
1243 5100 1395 5155 devotione
1410 5106 1438 5156 et
1448 5102 1552 5173 gaudio
1564 5101 1701 5172 susceptis
1716 5102 1882 5154 sauctorum

106 5173 263 5229 etesium.
302 5174 430 5243 Cumque
453 5173 550 5244 jussus
581 5173 617 5227 ad
649 5174 813 5228 Romanum
836 5173 982 5244 ingressus
1034 5170 1175 5241 reliqniis,
1192 5171 1382 5243 omnibusque
1399 5187 1463 5254 quae
1479 5173 1603 5241 tempori
1623 5170 1822 5242 congruebant
1835 5185 1881 5224 ca·

107 5240 232 5299 ruisset
245 5243 422 5314 pontificem,
436 5243 538 5315 positis
551 5242 581 5298 in
597 5244 697 5299 locello
712 5259 799 5314 super
813 5244 902 5298 altare
915 5259 983 5298 cor·
1035 5240 1180 5308 uentibus,
1198 5257 1225 5296 rv
1240 5243 1334 5297 Nonas
1347 5243 1415 5297 tulii
1443 5241 1575 5297 deserunt
1601 5259 1649 5296 eas
1677 5244 1708 5296 in
1733 5240 1881 5297 Promiam

161 5427 176 5454 ⁸
194 5419 235 5472 lle
259 5418 331 5473 cella
359 5418 450 5474 sancti
478 5419 588 5487 Goaris,
620 5436 652 5476 uo
674 5420 709 5476 de
734 5420 797 5492 ejus
826 5421 981 5476 donatione
1035 5421 1087 5476 dus
1102 5421 1296 5478 wandalberti
1320 5421 1396 5476 liber
1418 5420 1453 5475 de
1481 5416 1627 5472 miraculis
1656 5418 1746 5473 sancti
1774 5417 1881 5485 Goaris,

116 5490 243 5545 Asuero
259 5488 419 5544 Prumieusi
436 5506 488 5561 per
502 5490 657 5562 Pippiuum
669 5507 767 5563 regem
786 5492 869 5561 facte,
883 5493 981 5564 legen·
1038 5508 1100 5563 cap.
1117 5497 1145 5561 5,
1161 5509 1257 5565 supra.
