3930 6098
64 305 114 362 121
493 303 538 360 DE
556 301 723 362 CORPORE
743 304 979 363 assentantes
999 304 1128 362 nortus.
1143 336 1176 345 —
1192 307 1386 364 PRAEFATlO.
1760 316 1810 372 122

68 441 259 511 corporaliter,
283 441 317 496 ad
341 456 406 512 qum
434 443 561 495 mentem
586 440 758 512 applicatam
785 441 950 499 conterret
969 457 1034 496 rum
1049 442 1180 515 adeoque
1196 443 1348 499 Ecclesiam
1363 445 1471 515 pariter
1485 463 1545 503 non
1567 450 1810 524 credererecipia

62 543 138 599 opus
161 534 215 583 est.
231 528 284 584 Sed
310 543 409 582 resera
432 543 497 599 quae
525 527 549 582 si
574 530 746 584 Retramnus
768 528 803 584 ad
827 544 909 584 usum
964 529 1033 584 siris
1051 530 1277 588 sivahonissise
1306 534 1387 588 malis
1412 549 1460 590 ore
1475 537 1614 607 corporis,
1642 541 1691 596 sed
1716 541 1808 597 solum

62 632 121 671 non
136 616 251 672 reduxit
265 621 297 671 ut
311 633 417 689 corpus
431 615 536 673 Christi
550 617 700 689 mysticum
714 623 742 673 ct
754 617 910 689 figuratum
964 618 1144 687 ureenimae,
1172 621 1249 694 quod
1269 638 1284 676 a
1307 621 1362 676 lide
1392 639 1450 677 non
1476 624 1580 681 diliert.
1614 626 1717 683 Verum
1745 628 1810 700 plus

62 703 243 777 indigitaret,
273 704 403 777 adeoque
438 721 603 777 repugnans
629 706 752 761 realitats'
779 721 829 760 seu
851 705 911 760 veri
964 724 1179 779 quamnecesse
1204 713 1247 765 est
1274 709 1435 781 nimiopere
1462 718 1572 768 cunstat
1596 714 1721 771 locutum
1748 733 1810 774 asse

61 793 194 864 corporis
212 809 287 848 verae
312 794 484 865 praeseutia,
499 793 542 849 uti
558 793 740 849 defendimus
762 794 813 849 hac
829 795 909 849 lucu·
965 797 1152 852 Retramnum
1169 799 1203 853 ud
1219 803 1345 854 mentem
1356 800 1447 855 sancti
1463 801 1616 873 Augustini
1634 808 1661 858 et
1675 804 1729 860 sibi
1744 821 1809 876 per·

59 880 214 937 bratiune:
231 881 429 938 difficultatem
454 883 576 937 excitare
601 899 659 938 uon
681 887 802 955 possunt
822 898 909 955 quam
964 885 1084 940 suasisse
1098 902 1201 958 corpus
1217 886 1320 941 Christi
1334 886 1468 958 spiritum
1488 902 1517 943 es
1532 889 1619 944 vitam
1638 907 1697 946 esse
1713 893 1748 947 iis
1763 910 1808 948 so·

58 984 120 1024 non
146 970 230 1025 facile
252 976 281 1026 et
304 970 489 1026 commodum
518 971 628 1026 diluere
647 976 676 1026 et
699 972 796 1039 iriare,
825 977 857 1026 ut
876 986 908 1025 ex
963 974 1112 1029 lummodu
1127 974 1177 1047 qui
1191 975 1262 1030 illud
1276 992 1341 1030 cum
1355 976 1411 1031 lide
1423 976 1574 1048 recipiunt,
1590 981 1719 1050 quamvis
1733 981 1763 1036 in
1779 999 1808 1038 se

59 1055 114 1111 hnc
127 1058 297 1128 pensatione
320 1058 455 1113 historica
470 1063 498 1114 et
521 1059 753 1114 adnotationibus
786 1075 910 1132 quarum
963 1061 1080 1131 spiritus
1095 1068 1123 1118 at
1135 1063 1191 1118 site
1206 1079 1266 1118 esse
1281 1079 1339 1119 nou
1365 1064 1481 1122 desistat
1500 1082 1567 1120 crim
1589 1067 1625 1122 eb
1646 1067 1810 1125 infidelibus

59 1145 276 1200 accessionibus
296 1150 405 1201 textum
436 1146 585 1202 Retramui
602 1147 655 1202 huc
668 1148 797 1216 ⁸editione
812 1164 908 1203 cumu-
963 1154 992 1204 et
1006 1149 1160 1206 incredulis
1185 1156 1236 1206 eut
1249 1152 1304 1207 tide
1328 1154 1491 1208 carentibus
1518 1154 1667 1225 accipitur.
1692 1160 1729 1212 At
1743 1174 1809 1213 reru

60 1232 183 1288 landum
202 1235 377 1290 censuimus.
403 1237 465 1291 lam
480 1253 548 1309 ergo
571 1237 804 1309 respondendnm
827 1237 910 1292 nubis
965 1254 1021 1309 qua
1037 1238 1148 1294 ratione
1168 1239 1292 1310 intelligi
1306 1246 1400 1312 potest
1417 1242 1551 1313 spiritum
1576 1248 1605 1299 et
1627 1244 1715 1300 uitam
1735 1245 1766 1300 in
1780 1263 1810 1302 se

60 1328 195 1393 superest
208 1323 315 1394 triplici
331 1329 359 1379 et
377 1330 493 1380 attentae
511 1325 676 1398 cogitationi
695 1343 745 1382 seu
760 1326 909 1398 applicatae
965 1340 1139 1397 essecorpus
1154 1326 1259 1382 Christi
1274 1328 1480 1399 recipientibus
1502 1330 1667 1386 infidelibus
1681 1332 1809 1405 indigne,
1890 1355 1892 1359 ·

60 1411 153 1465 menti
177 1412 303 1467 auctoris
322 1413 475 1484 praeloquii
488 1412 574 1484 hujus
598 1417 735 1468 tractatus
762 1413 909 1469 Ralremni
963 1412 1019 1468 nisi
1039 1429 1105 1469 rere
1120 1419 1150 1470 et
1161 1415 1287 1483 realiter,
1308 1417 1362 1471 huc
1386 1422 1429 1471 est
1452 1434 1553 1489 reapse
1575 1425 1604 1474 et
1627 1435 1737 1489 revera,
1752 1421 1810 1477 exi·
1844 1484 1847 1489 ·

59 1499 298 1572 interpretationi
321 1501 434 1557 Gallicae
457 1501 584 1573 adjuncti
607 1502 715 1573 publici
733 1502 808 1574 juris
828 1503 909 1558 iactae
963 1508 1041 1558 stens
1056 1508 1084 1559 et
1097 1519 1226 1575 praesens
1241 1521 1291 1559 ura
1307 1505 1469 1562 infidelium
1491 1507 1656 1579 recipietur,
1671 1510 1722 1582 qui
1744 1527 1811 1566 cum
1848 1544 1852 1555 ·

59 1604 137 1643 anno
153 1591 232 1644 tusa.
963 1593 1048 1648 modo
1063 1592 1185 1663 spiritali
1204 1592 1343 1650 instinctu
1358 1594 1425 1650 lidei
1445 1600 1474 1650 et
1488 1596 1634 1653 charitatis
1652 1614 1711 1654 non
1735 1600 1810 1656 reci·

95 1678 207 1733 ilerum
227 1693 294 1735 uero
322 1678 458 1750 cogitatio
482 1695 531 1735 sen
554 1668 702 1734 meditatio
725 1678 820 1751 prima
841 1696 908 1735 con·
962 1680 1045 1752 pient
1070 1681 1262 1749 solummodo,
1288 1686 1320 1736 ut
1348 1683 1518 1755 loquuntur,
1546 1687 1735 1756 corporaliter
1759 1704 1809 1744 seu

58 1764 135 1820 sistit
161 1764 195 1819 in
223 1781 257 1820 eu
280 1765 359 1838 quod
385 1767 416 1824 in
444 1768 611 1823 tractatibus
630 1768 772 1824 Paschasii
799 1774 827 1823 et
853 1744 943 1825 lta-B
961 1785 1010 1825 ure
1025 1769 1161 1841 corporis,
1175 1769 1231 1825 hoc
1244 1770 1351 1826 varein
1366 1771 1446 1826 omni
1460 1773 1552 1828 iructu
1576 1777 1604 1827 et
1626 1774 1727 1829 ellectu
1743 1775 1808 1831 uni-

59 1853 170 1908 tremni
192 1854 415 1910 nullaincurrat
428 1856 537 1911 mentio
554 1857 590 1912 de
615 1856 782 1912 adoratione
805 1857 908 1913 eucha—
961 1874 1017 1913 mae
1032 1858 1167 1929 propitio,
1184 1864 1296 1914 remoto
1321 1864 1349 1914 et
1360 1860 1528 1930 postposito.
1564 1862 1634 1917 Ecca
1656 1868 1725 1918 sunt
1746 1880 1811 1918 cuu-

58 1940 161 2010 ristiae,
191 1959 279 2015 quam
303 1944 435 1999 omittere
456 1945 624 2016 neutiquam
647 1945 823 2012 debuissent,
843 1963 908 2002 cum
962 1951 1043 2016 cepta
1058 1946 1145 2001 rerba
1160 1947 1250 2001 sancti
1274 1947 1428 2018 Augustini
1443 1965 1507 2020 quae
1532 1949 1659 2020 prodidit
1682 1951 1811 2006 Butram·

59 2045 94 2083 ex
118 2031 288 2086 adoratione
313 2032 485 2088 naturaliter
508 2039 727 2089 consectaneum
749 2035 786 2089 sit
804 2035 908 2107 dogma
962 2049 1027 2104 nus,
1043 2038 1174 2105 excerpta
1193 2051 1227 2089 ax
1252 2034 1431 2105 expositione
1455 2035 1485 2090 in
1510 2035 1695 2106 Evangelium
1719 2037 1809 2092 sancti

58 2118 200 2175 realitetis
234 2137 284 2175 sen
315 2122 476 2193 prasentia
508 2138 573 2177 rere
604 2122 748 2178 existentis
781 2123 908 2193 corporis
960 2124 1077 2180 loannis
1094 2124 1598 2195 :«Quidest,spirltasetvitasunt?
1615 2126 1811 2197 Spiritualiter

59 2206 178 2274 Christi,
198 2225 286 2280 quum
300 2209 473 2265 confirmare
494 2211 595 2265 avebat
609 2211 775 2266 Paschasius
790 2213 819 2265 et
838 2227 907 2265 con·
961 2212 1150 2285 intelligendu
1166 2218 1244 2269 sunt.
1269 2214 1434 2269 Intellexisti
1462 2213 1670 2284 spiritualiter?
1691 2215 1810 2287 spiritus

59 2296 154 2351 lutare
178 2297 364 2367 Retramnus,
390 2298 445 2354 sibi
471 2298 585 2371 lingunt
602 2300 794 2354 Protestantcs
820 2301 906 2355 etle·
962 2307 991 2357 et
1016 2303 1073 2357 vitu
1102 2306 1180 2356 sunt.
1206 2301 1373 2357 Intellexisti
1398 2302 1572 2357 carnaliter?
1599 2303 1686 2358 etiam
1708 2303 1810 2359 sicilia

59 2384 138 2440 suita
152 2386 328 2442 lietduinus.
962 2389 1083 2461 spiritus
1098 2395 1128 2445 et
1141 2391 1198 2445 vita
1213 2395 1289 2458 sunt,
1306 2391 1355 2445 sed
1368 2390 1420 2446 tibi
1435 2406 1494 2444 non
1510 2396 1585 2446 sunt.
1603 2413 1617 2442 n
1644 2393 1683 2446 Ex
1698 2392 1742 2447 his
1756 2408 1809 2464 pa·

95 2474 153 2529 Sed
172 2475 206 2530 in
227 2476 282 2531 buc
302 2477 488 2532 vehementer
508 2475 679 2532 allucinatus
702 2481 745 2532 est
767 2477 909 2548 interpres
961 2483 1113 2551 tetaperte
1137 2484 1284 2534 auctorem
1314 2483 1443 2534 nostrum
1467 2479 1547 2535 aliud
1572 2480 1602 2535 iu
1623 2485 1719 2536 mente
1749 2496 1810 2536 nun

60 2561 181 2618 dirersae
196 2565 287 2635 partis
305 2565 425 2637 hujusce
444 2564 511 2620 libri
524 2564 682 2633 Retramni,
704 2581 769 2620 cum
784 2565 862 2622 enim
878 2564 908 2621 hi
961 2566 1094 2622 habuisse
1118 2584 1183 2623 cum
1211 2569 1310 2623 lideles
1326 2584 1375 2622 eos
1400 2567 1525 2639 appellat
1551 2569 1602 2639 qui
1629 2569 1758 2636 credunt,
1780 2574 1810 2624 et

61 2650 118 2705 duo
149 2653 305 2723 scriptores
334 2653 390 2708 sibi
420 2653 542 2708 invicem
572 2668 631 2708 nun
657 2657 829 2725 repugnent,
856 2670 909 2709 nac
962 2671 1111 2727 nunquam
1136 2657 1229 2719 aliter,
1251 2656 1368 2728 eosqui
1395 2656 1540 2723 recipiunt
1562 2672 1666 2728 corpus
1691 2657 1805 2723 Christi,

61 2757 161 2814 reapse
177 2748 279 2798 contra
293 2759 323 2798 se
345 2743 467 2799 invicem
484 2743 667 2798 coulliaeriut
680 2748 730 2799 aut
749 2744 909 2816 depretiati
964 2742 1018 2797 nisi
1032 2750 1064 2799 ut
1078 2743 1177 2799 iideles
1194 2749 1222 2799 et
1232 2745 1389 2813 credontes,
1406 2761 1472 2816 erga
1484 2761 1557 2818 quos
1575 2744 1692 2817 spiritus
1708 2750 1736 2800 et
1751 2745 1807 2800 vita

61 2829 129 2897 siut,
160 2831 223 2885 imo
252 2831 282 2885 iu
308 2832 409 2886 eedem
432 2831 489 2887 tide
517 2837 547 2887 et
570 2832 702 2887 suasione
727 2833 762 2889 da
789 2849 909 2905 corpore
963 2833 1358 2900 estetalimentumanima,
1382 2834 1531 2891 illudcum
1553 2834 1808 2890 sructueteliectu

62 2919 166 2975 Christi
191 2920 222 2975 in
242 2920 413 2976 eucharistie
443 2922 653 2977 remanserint:
686 2922 783 2978 neutri
804 2922 910 2978 condu-
962 2921 1111 2992 recepisse.
1131 2921 1323 2987 Quamobrem
1339 2939 1489 2995 nunquam
1505 2922 1576 2978 dixit
1591 2922 1677 2979 fidem
1693 2924 1807 2978 allicere

60 3007 144 3063 sibile
159 3007 196 3063 ad
212 3024 327 3063 causam
349 3025 431 3064 suam
449 3010 588 3065 tuendum
610 3026 672 3066 esse
692 3015 805 3082 poterat
823 3026 943 3102 argu·C
962 3026 1065 3082 corpus
1080 3009 1185 3067 Christi
1200 3011 1276 3081 quod
1289 3027 1339 3066 ore
1354 3016 1383 3066 et
1405 3011 1457 3066 rita
1480 3011 1656 3082 percipimus
1671 3012 1702 3067 in
1726 3026 1806 3066 sacro

61 3101 192 3152 mentum
209 3113 244 3152 ex
259 3097 428 3153 adoratione
440 3105 621 3170 assumptum
641 3105 669 3154 et
682 3099 770 3154 inisse
784 3115 905 3172 praeser-
962 3096 1164 3163 Eucharistiae,
1181 3097 1229 3151 sed
1245 3113 1261 3151 e
1275 3104 1374 3152 contra
1388 3102 1418 3152 et
1430 3114 1464 3152 ex
1478 3098 1607 3166 adverso,
1624 3099 1680 3154 huc
1703 3115 1807 3170 corpus

45 3178 110 3239 'hm
125 3184 158 3239 in
173 3201 260 3240 causa
273 3184 421 3241 Retramni
436 3202 678 3257 supervacaneum
694 3205 701 3244 :
718 3189 825 3260 quippe
841 3204 907 3243 curu
961 3185 1180 3255 esserubjectum
1195 3186 1273 3251 lidei,
1287 3186 1327 3240 ibi
1341 3201 1401 3240 esse
1423 3186 1549 3257 positum
1564 3203 1613 3242 seu
1630 3187 1802 3241 collocatum

60 3289 73 3327 s
88 3273 211 3328 nemine
225 3274 344 3329 homine
357 3274 567 3346 ipsissobjectum
581 3277 677 3334 luerit,
692 3278 808 3333 {nterim
824 3278 907 3333 valde
961 3274 1074 3346 putenti
1086 3274 1190 3329 virtute
1205 3274 1328 3345 Spiritus
1353 3275 1455 3343 sancti,
1470 3279 1499 3330 et
1512 3274 1545 3330 iit
1565 3275 1734 3330 elimentum
1748 3275 1808 3330 ani·

61 3363 212 3417 temerarii
224 3368 254 3417 et
275 3363 481 3419 inconsiderati
495 3364 621 3420 hominis
644 3383 706 3422 esse
731 3366 843 3422 videtur
857 3365 906 3421 de·
962 3378 1017 3418 mee
1032 3367 1148 3430 nostrae,
1164 3363 1209 3417 cui
1225 3366 1340 3417 aeternee
1369 3364 1435 3418 sitm
1458 3363 1648 3418 substantiam
1667 3362 1807 3419 submini-

60 3450 176 3507 iendere
191 3467 272 3506 nuno
287 3453 401 3523 saeculo,
425 3469 482 3526 quo
502 3453 675 3510 Ratremuns
698 3458 727 3510 et
739 3454 907 3511 Paschasius
961 3456 1040 3507 strat.
1063 3453 1108 3516 Ut,
1122 3451 1217 3525 inquit
1233 3452 1417 3520 Retramnus,
1434 3454 1603 3508 numerati
1620 3468 1628 3507 c
1645 3473 1656 3502 e
1673 3453 1721 3508 Est
1739 3467 1807 3523 ergo

61 3540 202 3608 vixerunt,
222 3541 351 3597 nundum
374 3542 472 3597 orbem
488 3542 684 3598 Christianum
705 3542 837 3598 adorasse
856 3558 906 3598 eu·
960 3539 1081 3596 interius
1096 3544 1305 3596 commutatum
1320 3541 1444 3612 Spiritus
1458 3541 1669 3613 sauctipotanti
1688 3541 1804 3608 virtute,

62 3628 204 3684 charistia
226 3636 436 3686 sacramentum
465 3647 517 3686 sen
541 3647 657 3687 carnem
683 3636 712 3686 et
736 3631 905 3702 sanguinem
962 3630 1040 3700 quod
1055 3629 1126 3685 fides
1140 3629 1252 3699 aspicit,
1270 3629 1397 3684 animem
1412 3629 1512 3701 pascit,
1527 3635 1643 3684 ceterum
1663 3629 1726 3684 vitae
1741 3629 1806 3684 suh

63 3715 164 3771 Christi
183 3716 215 3771 in
228 3717 365 3788 mysterio
385 3719 571 3775 reconditam.
597 3720 673 3774 ilaue
688 3720 838 3774 veritatem
851 3718 906 3774 'ar-
961 3718 1095 3773 stantiam
1110 3717 1318 3773 subministrat.
1335 3740 1349 3766 n
1362 3719 1393 3772 ln
1406 3734 1469 3772 eam
1484 3718 1734 3789 sanctihngnstini
1748 3734 1808 3772 sen·

64 3804 206 3874 gementis
218 3809 278 3860 mm
296 3805 409 3861 invictis
437 3823 523 3879 quam
542 3808 705 3863 tortihuset
731 3808 907 3879 fulgentibus
961 3806 1080 3863 tentiam
1103 3806 1187 3861 ivisse
1226 3805 1340 3860 ridetur
1363 3812 1461 3877 aperte
1491 3808 1658 3861 Anastasius
1686 3807 1805 3874 Sinaite,

66 3893 147 3948 armis
160 3892 256 3965 capite
279 3896 310 3948 ld
334 3894 427 3949 libris
448 3896 484 3950 de
513 3897 687 3951 adoratione
715 3897 906 3965 eucharistias,
961 3897 1111 3967 episcopus
1134 3894 1331 3952 Antiochenus
1358 3894 1408 3965 qui
1438 3910 1453 3948 e
1479 3894 1550 3948 vivis
1575 3895 1705 3949 discessit
1730 3910 1805 3949 annu

66 3984 134 4053 typis
147 3982 260 4053 vulgati
275 3982 390 4038 Parisiis
410 4000 486 4040 anno
510 3989 588 4052 tues,
612 3987 765 4057 assumptis
787 4001 907 4041 exeun·
961 3983 1065 4039 Christi
1082 3986 1143 4049 599,
1169 3983 1243 4038 libro
1269 3999 1307 4038 ιιι
1336 3982 1554 4038 lteditationum
1576 3982 1805 4055 anagogicarum

68 4070 123 4125 cilio
138 4087 157 4126 u
183 4071 311 4138 Nicaenu,
335 4073 515 4129 confessione
539 4074 605 4129 iidai
630 4074 742 4130 sleuini
770 4075 907 4130 etconci-
960 4071 992 4127 in
1011 4072 1229 4141 llexaeruerum,
1251 4088 1374 4143 quarum
1393 4073 1507 4128 Graecus
1530 4076 1625 4127 textus
1644 4070 1805 4146 αὐτογράφος

70 4156 302 4226 lioCabilonensi,
321 4160 361 4215 ita
376 4165 407 4215 ut
425 4164 538 4218 nullum
554 4163 708 4218 dubitandi
727 4163 821 4218 locum
837 4162 907 4218 reli·
961 4161 1036 4233 lypis
1050 4162 1184 4233 vulgatus
1198 4166 1241 4216 est
1253 4161 1411 4233 primulum
1428 4159 1560 4225 hundini,
1576 4160 1675 4215 Latine
1688 4176 1806 4216 cunrar-

70 4250 136 4302 ctum
169 4247 469 4305 lummexistimemns
498 4255 558 4307 tem
587 4254 906 4324 nonoquamanterio·
961 4267 1008 4305 sus
1032 4266 1047 4304 u
1067 4250 1224 4305 clarissimo
1246 4250 1308 4304 viru
1331 4255 1359 4304 et
1385 4249 1564 4312 doetissimul
1580 4247 1707 4303 Dacierio
1731 4263 1806 4302 anno

71 4333 141 4389 dhus
153 4336 276 4391 saeculis.
302 4338 372 4393 Cum
398 4340 555 4410 proesartim
581 4341 617 4395 ab
636 4340 772 4395 omnibus
794 4338 943 4400 intelle-[t
966 4341 1042 4404 l682,
1059 4338 1088 4393 in
1101 4355 1159 4410 quo
1174 4338 1284 4393 aithree
1298 4338 1384 4393 verba
1404 4337 1552 4408 Evangelii
1575 4335 1666 4392 sancti
1689 4335 1807 4391 loannis

71 4424 191 4480 ctumiri
216 4440 273 4479 non
292 4425 421 4482 dubitem
449 4444 484 4483 ex
513 4429 571 4484 fine
592 4430 678 4500 hujus
699 4428 853 4501 praeloquii
872 4428 907 4483 ad
961 4427 1052 4499 capite
1068 4443 1105 4493 n,
1121 4443 1193 4482 vars.
1207 4430 1240 4481 57
1259 4428 1290 4497 :ja
1306 4426 1360 4492 Qui
1376 4426 1529 4481 manducet
1543 4442 1635 4480 meam
1652 4440 1767 4480 carnem
1778 4429 1808 4479 et

73 4524 165 4568 noram
191 4512 349 4569 editionem
377 4520 406 4570 et
428 4522 590 4573 accuratam
617 4518 682 4572 libri
710 4517 907 4573 Retramnide
961 4515 1035 4571 bibit
1051 4530 1146 4569 meum
1164 4515 1345 4586 sanguinem,
1361 4514 1392 4570 iu
1408 4530 1454 4568 me
1470 4517 1568 4568 manet
1579 4519 1607 4567 et
1622 4529 1675 4586 ego
1688 4514 1719 4568 in
1734 4529 1777 4582 eo,
1790 4535 1805 4563 u

72 4613 180 4672 corpora
200 4603 384 4674 etsanguine
408 4604 512 4660 Christi
537 4606 667 4678 predicti
688 4623 775 4679 quam
803 4607 907 4662 falsum
962 4619 1021 4659 nun
1038 4602 1162 4674 intelligi
1175 4603 1210 4658 de
1226 4619 1312 4657 cerne
1340 4603 1488 4658 risibiliet
1509 4601 1650 4673 sanguine
1674 4602 1806 4659 sensibus

73 4685 197 4744 sithosce
211 4689 285 4746 duos
304 4691 458 4763 scriptores
481 4693 516 4748 de
537 4693 701 4749 adoratione
726 4693 907 4749 eucharistiae
960 4692 1103 4765 subjecto;
1127 4690 1236 4764 quippe
1263 4707 1328 4746 cum
1352 4693 1440 4747 tudes
1467 4697 1495 4747 et
1522 4691 1600 4747 Simo
1627 4692 1733 4761 Magus,
1755 4691 1807 4762 qui

72 4777 171 4833 nullam
186 4780 365 4837 mentionem
379 4781 490 4848 iecisse,
507 4798 571 4837 cum
587 4799 620 4838 ex
633 4782 751 4838 aduersu
768 4789 906 4855 tanquam
961 4798 1063 4854 corpus
1077 4786 1106 4837 at
1119 4780 1289 4852 sanguinem
1304 4780 1409 4836 Christi
1428 4780 1611 4836 Eucharistiae
1626 4794 1659 4834 ea
1680 4795 1755 4850 pane
1777 4783 1807 4833 et

73 4867 181 4921 acesim
192 4867 229 4923 ab
244 4869 377 4926 universa
400 4871 524 4927 Ecclesia
540 4871 638 4927 Latina
661 4886 804 4945 receptam
821 4872 906 4928 luisse
960 4871 1047 4926 calice
1058 4875 1239 4943 receperunt,
1255 4884 1313 4924 nun
1329 4870 1539 4940 permanserint
1552 4868 1583 4924 in
1607 4867 1718 4924 Christo
1740 4867 1805 4920 lesu

72 4950 241 5011 abundanter
255 4961 375 5014 constet.
959 4975 1054 5031 neque
1069 4958 1199 5015 Christus
1213 4957 1244 5012 in
1258 4958 1310 5023 eis,
1326 4957 1380 5013 hoc
1396 4962 1439 5013 est
1458 4959 1566 5031 absque
1581 4958 1675 5012 fructu
1691 4958 1805 5024 recepto

97 5042 371 5116 Secundacogitatio
387 5063 438 5104 seu
464 5049 611 5104 meditatio
627 5049 752 5120 primam
777 5066 835 5106 non
851 5066 906 5105 an·
960 5046 1169 5102 communionis
1189 5045 1242 5114 sihi
1263 5046 1481 5102 administrata.
1501 5050 1575 5118 Λέγει
1589 5046 1638 5115 γὰρ
1657 5039 1804 5101 ἀκολούθως

71 5131 175 5187 lucellit.
190 5134 223 5189 ln
247 5150 282 5190 eo
308 5136 402 5208 posita
429 5142 482 5204 est,
511 5138 617 5193 scilicet
641 5138 830 5194 Retramnurn
858 5157 906 5195 eos
959 5139 1051 5196 όθτὸς
1071 5139 1165 5205 Λόγος·
1181 5139 1209 5184 '0
1225 5139 1330 5207 τρωγὼν
1353 5153 1402 5206 μου
1417 5137 1463 5191 τὴν
1483 5134 1577 5208 σάρκα,
1594 5135 1638 5183 καὶ
1656 5134 1735 5180 ulvas
1754 5148 1804 5201 pou

71 5221 204 5290 tppellere
219 5237 334 5294 semper
346 5223 445 5279 fideles
458 5225 508 5296 qui
527 5242 630 5297 corpus
645 5226 750 5282 Christi
765 5227 818 5282 rite
840 5228 906 5283 reci·
958 5227 987 5275 τὸ
1009 5224 1084 5295 αἱμα,
1107 5221 1132 5275 ἐν
1155 5216 1312 5294 spelpes,
1338 5226 1381 5273 καὶ
1403 5221 1452 5293 lya
1473 5220 1497 5274 ts
1523 5221 1603 5289 αὐτῷ·
1623 5218 1653 5270 ον’
1676 5220 1735 5292 περὶ
1757 5226 1804 5281 τῆς

69 5305 211 5373 piuntsibi
225 5309 255 5364 in
270 5310 644 5382 ecelesiaadmiaistratnm,
660 5315 705 5370 rel
730 5331 830 5371 serum
845 5332 905 5373 esse
958 5313 1086 5386 ipnpnte
1112 5310 1206 5385 σαρκὸς
1229 5315 1273 5362 καὶ
1297 5314 1406 5384 αἳματος
1430 5309 1505 5381 tr'yu.
1530 5306 1658 5360 Melta&
1684 5309 1735 5382 γὰρ
1761 5311 1805 5360 καὶ

70 5395 188 5451 uadunt.
206 5398 243 5452 Ex
263 5397 318 5453 hoc
343 5398 495 5457 enimdeo
526 5407 712 5458 consectanea
736 5405 906 5460 naturaliter
958 5398 1059 5464 Ἰούδας
1073 5405 1116 5453 καὶ
1135 5405 1218 5472 Σίμων
1234 5401 1246 5451 ὁ
1267 5405 1355 5471 steyn
1370 5403 1415 5451 τοῦ
1433 5403 1551 5468 σώματος
1568 5400 1611 5447 καὶ
1632 5402 1679 5449 τοῦ
1695 5398 1805 5470 αἵματος

71 5477 194 5534 observat
208 5498 216 5535 :
232 5485 273 5550 'lt’
295 5483 402 5538 scilicet
424 5489 553 5555 tempore
576 5487 726 5543 Retramni
744 5487 905 5544 incredulos
959 5499 1005 5553 τῆς
1022 5490 1211 5565 Εὖχαριστίας,
1225 5496 1271 5541 τοῦ
1287 5490 1366 5563 ἄρτου
1379 5490 1423 5538 καὶ
1438 5493 1482 5537 του·
1497 5491 1633 5560 ποτηρίου,
1649 5485 1703 5540 ἀλλ’
1717 5487 1747 5540 οὐ
1761 5505 1805 5538 aa·

70 5566 216 5640 etiniquus
232 5570 367 5627 homines
382 5587 441 5634 non
455 5573 596 5646 recepisse
615 5591 719 5649 corpus
738 5576 846 5634 Christi
861 5593 905 5633 sa·
959 5584 1083 5643 ennean,
1103 5575 1167 5633 oili
1186 5584 1311 5651 peplum
1325 5574 1351 5629 tu
1369 5574 1484 5636 αὐτιῑςό
1505 5577 1631 5651 Χριστὸς,
1647 5573 1709 5631 sadi
1729 5577 1804 5630 αὐτοί
