3930 6098
168 254 215 310 331
739 239 922 299 atratum
940 239 1168 298 canuslnusrs
1186 237 1342 298 nauseat

1866 239 1920 296 ast

167 385 306 457 probatus
325 375 413 436 fuerit
425 374 576 432 inhoneste
601 390 665 429 cum
681 372 733 429 tali
747 375 868 430 muliere
890 372 1011 437 versari3
1031 374 1053 428 Α
1070 372 1198 444 quotidie
1214 373 1368 439 celebrare,
1384 388 1436 426 uec
1458 388 1474 426 a
1492 371 1580 426 sacris
1594 371 1749 444 aliquanda
1773 373 1919 442 recedere,

167 481 235 528 tunc
274 470 423 543 episcopus
459 463 619 519 secundum
655 463 861 518 ecclesiasticas
890 478 1015 517 canones

167 564 242 617 clero
257 576 324 615 eum
341 557 471 628 repellat,
489 554 576 608 curiae
592 552 715 606 civitatis
736 553 818 624 cujus
839 553 958 607 clericus
973 558 1015 607 est

166 650 375 705 tradendum.»
392 644 532 715 Superior
547 644 591 697 lex
607 642 770 713 specialiter
785 659 871 713 super
887 642 1015 714 episcopi

166 753 289 810 persana
302 736 473 793 decreverat,
486 732 553 786 licet
568 731 675 801 pariter
693 731 934 802 presbyterorum,
949 730 1014 784 diu-

165 840 363 896 conatumque
385 836 522 894 personas
549 819 808 890 comprehenderit.
831 820 911 884 Quod
935 819 1014 874 euim

166 916 300 987 episcopo
319 928 377 967 nou
396 910 571 974 conceditur,
589 909 729 963 ministris
747 914 955 981 consequenter
970 910 1013 962 at·

165 1003 246 1072 tacis,
271 1007 300 1057 et
323 999 457 1071 mysteria
484 998 624 1052 Dominici
652 998 781 1069 corporis
810 1004 839 1053 et
866 996 1014 1069 sanguinis

166 1089 419 1151 contrectantibus,
447 1087 556 1158 pariter
580 1087 771 1142 interdicitur.
799 1086 881 1151 Quod
904 1088 929 1140 si
955 1102 1014 1140 nan

166 1181 226 1235 illic
241 1179 276 1234 ad
302 1177 446 1248 liquidum
470 1177 504 1230 de
518 1177 754 1247 presbyterorum
771 1176 1014 1247 diaconorumque

166 1284 252 1322 causa
267 1266 440 1331 decernitur,
460 1280 587 1335 praesens
603 1265 712 1320 sanctio
732 1265 884 1320 dubietatis
898 1281 1014 1320 omnem

166 1357 321 1427 caliginem
342 1370 490 1409 removere
514 1354 707 1423 cognoscitur,
731 1354 906 1407 interdicens
923 1354 1015 1407 mani-

166 1445 237 1500 festa
265 1459 324 1497 non
355 1442 447 1496 satum
477 1441 661 1511 presbyteris,
699 1447 728 1494 et
759 1440 934 1505 diaconibus,
966 1440 1014 1494 sed

166 1533 254 1587 etiam
280 1531 472 1595 subdiaconis,
496 1536 524 1583 et
545 1531 609 1583 aliis
633 1530 853 1600 quibuscunque
877 1529 906 1583 in
937 1530 1014 1582 ctera

167 1618 386 1675 matrimonium
408 1618 599 1684 interdicitur,
623 1618 701 1672 utin
724 1634 777 1671 sus
800 1619 885 1673 dumo
910 1624 1016 1688 praeter

1070 461 1145 533 quod
1172 478 1274 515 uxores
1305 461 1409 516 ducere
1434 460 1567 526 debeant,
1593 478 1645 515 nec
1675 461 1750 518 inter
1776 463 1864 517 laicas
1890 469 1920 517 et

1070 549 1142 604 sacri
1155 549 1253 605 altaris
1266 550 1410 604 ministros
1426 551 1513 604 ultam
1534 549 1726 606 differentiam
1750 552 1916 606 consistere.

1069 639 1148 704 Quod
1163 639 1187 693 si
1206 639 1369 710 requiratur
1382 655 1400 692 a
1414 638 1493 692 vobis
1518 640 1593 694 uude
1618 645 1685 694 nata
1705 641 1792 695 tuerit
1819 640 1918 710 apinia

1069 729 1143 795 talis,
1157 745 1214 782 non
1229 729 1314 782 aliam
1329 728 1427 799 procul
1442 727 1529 782 dubio
1547 733 1705 783 monstrare
1722 730 1839 799 potestis
1869 746 1918 784 au·

1069 816 1241 881 claritatem,
1264 830 1350 886 quam
1376 815 1550 885 imperitiam
1568 820 1654 886 atque
1672 815 1855 886 jactantiam,
1882 816 1917 870 de

1069 903 1175 970 quibus
1184 902 1308 958 levitatis
1324 903 1401 957 nasci
1416 903 1487 957 salet
1501 902 1629 957 audacia.

1397 1009 1510 1064 CAPUT
1530 1010 1587 1064 Vll.

1069 1097 1285 1164 Confirmatiam's
1320 1102 1518 1150 sacramentum
1544 1113 1562 1150 a
1601 1097 1768 1166 presbyteris
1797 1098 1919 1163 conferri

1103 1182 1181 1236 passe
1195 1166 1358 1221 contendant
1373 1170 1470 1221 Greci.
1489 1171 1540 1222 llos
1558 1169 1661 1233 refellit
1684 1174 1791 1225 auctor.
1811 1199 1846 1209 -
1864 1171 1919 1236 Qui

1105 1237 1198 1306 differt
1213 1237 1338 1292 sacerdos
1354 1238 1388 1292 ab
1403 1240 1536 1308 episcopo.

1106 1343 1185 1397 Nunc
1200 1343 1233 1397 ad
1248 1342 1319 1397 illud
1331 1344 1481 1399 veniamus
1496 1346 1571 1416 quod
1587 1345 1732 1417 abjicitur,
1744 1346 1815 1418 quia
1829 1362 1918 1417 penes

1070 1432 1212 1486 Roruaoos
1228 1432 1438 1501 baptizatorum
1461 1433 1568 1512 frontes
1591 1435 1751 1506 presbyteri
1764 1436 1919 1490 chrismate
1935 1440 1950 1455 ‘

1071 1535 1130 1574 non
1145 1520 1259 1574 liniunt.
1278 1521 1357 1584 Quod
1373 1521 1527 1591 objectum,
1540 1523 1613 1576 sicut
1633 1528 1662 1577 el
1679 1523 1799 1595 reliqua,
1828 1524 1920 1594 magis

1070 1607 1185 1663 levitate
1199 1624 1286 1679 qoam
1302 1608 1413 1663 ratione
1436 1611 1616 1680 propositum
1627 1616 1670 1665 est
1686 1627 1692 1664 :
1709 1611 1853 1682 siquidem
1871 1612 1917 1665 Ec-

168 1714 302 1775 matrem,
313 1713 342 1760 et
354 1723 401 1760 eas
416 1722 554 1776 personas
569 1722 635 1776 quae
650 1707 812 1776 suspicione
827 1706 1014 1778 turpitudinis
1034 1672 1056 1728 B
1070 1697 1162 1752 clasiae
1182 1714 1239 1751 snae
1257 1698 1492 1752 consuetudinem
1503 1706 1655 1768 sequentes
1671 1699 1724 1752 ista
1739 1705 1916 1770 proponunt,

167 1790 531 1857 careaut‚habitarenulla
560 1792 646 1844 moda
672 1790 857 1861 permittaut;
883 1792 1017 1861 praevari·
1070 1802 1128 1840 non
1149 1786 1392 1857 aliquamdivinae
1409 1786 1704 1856 tegisauctaritatem.
1730 1786 1867 1852 Quamvis
1886 1795 1916 1842 ut

167 1885 278 1934 catores
293 1885 400 1946 autem
420 1895 444 1931 sr
457 1878 578 1932 convicti
603 1877 721 1943 suerint,
737 1879 813 1933 clera
829 1879 944 1949 depelli
967 1880 1015 1934 de·
1070 1874 1123 1928 boc
1138 1873 1188 1929 liat
1200 1880 1228 1929 et
1243 1875 1318 1946 apud
1334 1875 1489 1943 Romanos
1510 1881 1538 1929 et
1554 1875 1629 1947 apud
1642 1876 1839 1932 Occidentales
1856 1893 1918 1931 om

166 1969 269 2035 cernit,
285 1975 314 2022 et
339 1968 398 2022 ad'
391 1967 560 2038 ignominia
584 1983 697 2038 poenam
718 1968 890 2056 taleseuriae
907 1969 1016 2023 manci·
1070 1979 1131 2029 nes,
1146 1967 1206 2016 tam
1227 1980 1259 2017 ex
1286 1964 1448 2035 Evangelia,
1474 1981 1559 2035 quam
1577 1981 1610 2018 ex
1630 1966 1828 2036 apostotorum
1842 1967 1919 2020 Actis

167 2057 278 2129 pandos
288 2073 349 2110 esse
359 2056 441 2126 jubet
461 2055 573 2109 alficiis.
1070 2068 1131 2106 esse
1145 2058 1255 2106 constat
1270 2057 1458 2122 assumptum.

203 2145 265 2197 Nan
282 2143 424 2195 credimus
447 2142 523 2213 quad
551 2142 680 2196 Ecclesiae
710 2144 874 2198 Graecarum
897 2144 965 2198 talia
982 2145 1017 2199 de
1107 2142 1222 2196 Constat
1244 2158 1368 2212 namque
1389 2142 1510 2212 Spiritus
1538 2142 1628 2196 sancti
1650 2143 1772 2213 gratiam
1796 2159 1850 2215 per
1870 2159 1918 2196 un·

168 2231 402 2303 presbyterorum
417 2230 568 2284 cannabus
590 2231 724 2297 sentiant,
744 2231 840 2303 qualia
855 2231 1016 2288 Constanti·
1069 2229 1311 2285 ctionemirautis
1337 2246 1369 2284 es
1394 2230 1546 2284 chrismate
1574 2233 1610 2286 ab
1635 2231 1776 2302 episcopis
1806 2233 1918 2295 danari,

167 2318 329 2390 napolitaui
356 2318 500 2388 principes
536 2319 642 2372 sentire
669 2319 902 2389 comprobentur.
937 2321 1018 2377 Absit
1071 2319 1147 2389 quad
1167 2318 1238 2372 nulli
1260 2324 1366 2390 praeter
1391 2319 1615 2388 episcopasesse
1637 2335 1804 2374 concessum
1830 2337 1917 2374 evan·

168 2407 257 2478 igitur
290 2412 321 2461 ut
349 2407 484 2461 adversus
516 2407 705 2461 ecclesiastica
733 2408 889 2463 constituta
919 2411 1016 2466 venire
1070 2405 1160 2476 getica
1178 2409 1299 2459 testatur
1318 2405 1480 2459 arictoritas.
1507 2406 1669 2474 Resurgens
1688 2406 1795 2461 etenim
1818 2406 1916 2462 Domi-

168 2498 355 2567 praesumaut,
371 2501 398 2548 et
413 2511 447 2548 ea
469 2494 680 2564 reprehendere
704 2499 851 2559 conentur,
872 2510 936 2566 quae
953 2509 1019 2546 con·
1072 2509 1136 2559 nris,
1153 2498 1181 2547 et
1193 2493 1339 2562 discipulis
1354 2510 1508 2563 apparens,
1531 2495 1696 2573 insufflavit,
1713 2501 1742 2549 et
1765 2495 1838 2551 dixit
1852 2497 1914 2551 eis:

169 2583 274 2638 statab
290 2583 420 2636 Ecclesiis
440 2589 560 2648 servata,
577 2589 605 2636 et
622 2583 688 2653 jure
711 2582 1014 2654 perpetuocustodita.
1071 2583 1195 2651 Accipite
1221 2583 1356 2651 Spiritum
1376 2588 1514 2637 sanctam:
1534 2599 1649 2653 quaram
1663 2587 1824 2640 remiseritis
1852 2601 1916 2655 per·

169 2672 251 2736 Quod
272 2672 295 2724 si
319 2675 475 2742 potestates
500 2672 597 2724 saecuti
622 2688 674 2725 sua
698 2671 921 2743 presumptione
950 2669 1019 2724 talia
1071 2676 1144 2738 cato,
1159 2672 1405 2741 remittuntureis;
1431 2678 1456 2725 et
1483 2687 1597 2740 quoram
1620 2675 1800 2740 retinueritis,
1817 2678 1921 2728 retenta

169 2761 356 2830 redarguunt,
373 2760 468 2830 qualia
491 2759 646 2830 prohibent
667 2765 696 2814 et
710 2750 903 2814 condemnant
924 2764 952 2812 et
976 2774 1018 2811 ec·
1070 2759 1244 2829 senil-laen.
1268 2776 1314 2827 xx,
1347 2760 1402 2830 22).
1428 2760 1503 2831 Ergo
1528 2761 1552 2815 si
1573 2761 1706 2816 remissio
1737 2768 1919 2833 peccatorum

170 2849 334 2903 ctesiasticae
361 2846 641 2918 legesetbumauae,
668 2848 773 2902 mirum
804 2865 855 2902 cur
882 2845 1017 2902 nonani·
1070 2864 1122 2919 per
1150 2848 1288 2918 Spiritum
1318 2856 1447 2903 sanctum
1463 2850 1667 2916 contribuitur
1687 2857 1717 2905 et
1744 2851 1920 2906 bacmuuus

169 2939 354 2992 madvertunt
368 2937 446 3008 quud
462 2953 562 2990 eorum
577 2938 752 2991 sanctionem
777 2954 836 2992 non
855 2938 947 2991 salum
967 2935 1048 2989 Oc·
1037 2937 1209 3030 Capostolis
1228 2935 1389 3006 specialiter
1403 2942 1513 2991 constat
1525 2953 1586 2993 esse
1598 2938 1754 3006 donatum
1774 2955 1841 3011 pure
1852 2940 1921 2995 salrs

169 3026 453 3081 cident'alisEcclesia
476 3026 658 3092 condemnet,
682 3042 779 3081 verum
804 3026 890 3080 etiem
915 2982 1045 3081 Orien·
1048 3011 1213 3096 episcopis
1236 3025 1297 3079 hae
1320 3025 1412 3096 gratia
1441 3031 1612 3093 reservatur,
1637 3045 1710 3099 quas
1737 3028 1769 3082 iu
1796 3029 1921 3083 Ecclesia

169 3116 306 3169 talisnan
329 3114 458 3185 recipiat,
474 3114 530 3168 nisi
558 3115 686 3169 fortassis
711 3114 870 3186 tyrannidis
859 3114 1018 3169 crudeli·
1071 3119 1182 3168 constat
1211 3115 1407 3184 apostotorum
1427 3115 1644 3182 successionem,
1674 3120 1703 3171 el
1725 3115 1920 3171 ministerium

168 3210 227 3257 tate
244 3203 360 3274 fatigata
373 3203 506 3274 qnaedam
522 3220 587 3273 pars
604 3203 633 3257 in
649 3203 765 3258 Oriente
785 3201 1016 3274 suscepturasit:
1072 3204 1194 3257 sortitos.
1211 3203 1324 3272 htaysen
1340 3219 1455 3274 quaque
1472 3204 1617 3274 legimus'
1609 3220 1641 3258 in
1664 3205 1759 3260 Exodo
1781 3209 1879 3260 Aaron
1894 3210 1922 3260 et

170 3292 220 3346 sed
235 3297 342 3346 terrere
358 3291 500 3345 debeteas
520 3291 662 3344 sententia
678 3292 791 3345 Domini
806 3291 946 3346 dicentis:
964 3291 1019 3356 Qui
1073 3290 1148 3345 litias
1159 3291 1220 3361 ejus
1234 3292 1265 3345 in
1276 3292 1449 3347 sacerdotale
1471 3292 1662 3350 ministerium
1678 3292 1836 3348 chrismate
1858 3309 1921 3347 san·

170 3381 493 3436 scaradatizuueritnnum
518 3379 551 3431 de
572 3380 684 3446 pusillis
704 3381 827 3447 istisqni
843 3381 874 3434 in
897 3394 938 3433 me
961 3394 1017 3433 cre·
1073 3384 1119 3432 cta
1143 3380 1320 3449 perunxisse.
1353 3381 1462 3436 Deinde
1487 3397 1569 3452 reges
1599 3387 1628 3436 ct
1665 3381 1829 3437 sacerdotes
1853 3382 1917 3438 alea

171 3467 251 3532 dunt,
266 3466 377 3536 capedit
390 3467 416 3518 ei
425 3469 456 3518 nt
470 3465 654 3533 suspendetur
665 3467 736 3520 maie
750 3468 874 3520 asinaria
895 3469 925 3520 in
953 3466 1019 3520 catio
1073 3473 1171 3521 sancta
1184 3472 1336 3538 perunctos
1346 3469 1376 3524 in
1396 3469 1491 3524 Veteri
1506 3471 1688 3526 Testamenta
1701 3486 1754 3543 per
1768 3471 1920 3543 pontifices

171 3555 241 3622 ejas,
256 3552 466 3618 etdcmerputur
481 3555 511 3606 in
525 3554 791 3621 profundummaris
809 3555 919 3624 (Multis.
942 3570 1018 3621 xvrrr,
1073 3554 1235 3624 exstitisse;
1251 3572 1322 3627 quos
1336 3564 1448 3613 constat
1469 3559 1591 3630 gessisse
1606 3558 1731 3630 figuram
1759 3559 1821 3614 veri
1845 3560 1921 3631 regis

171 3643 211 3711 6).
229 3642 469 3695 Verumlixastat
487 3641 956 3714 sententiaSalvatoristoquentis
984 3644 1020 3698 ed
1075 3648 1160 3715 atque
1199 3645 1343 3702 pontificis
1381 3648 1494 3703 Domini
1524 3649 1614 3704 nostri
1640 3649 1708 3704 lesu
1721 3648 1843 3715 curtem
1878 3648 1923 3704 cui

171 3733 288 3786 Petrum
304 3746 311 3784 :
330 3730 370 3785 Ta
393 3746 420 3785 es
452 3732 547 3786 Petrus
570 3736 596 3785 et
617 3746 700 3801 seper
724 3733 793 3786 taric
814 3739 920 3803 petram
935 3731 1021 3803 aedifi·
1074 3733 1377 3806 Psalmistapraecinit,
1393 3736 1509 3791 dicens:
1525 3739 1648 3793 Uncitte
1666 3740 1746 3807 Deus,
1764 3741 1834 3793 Deus
1849 3743 1946 3805 tuns,

171 3819 236 3883 coba
251 3820 404 3874 Ecclesiam
417 3835 504 3874 meam
517 3821 708 3889 (Mattb.,xv1,
726 3822 778 3892 ¹8).

207 3909 278 3963 Item
295 3909 326 3963 in
343 3909 445 3963 eodem
461 3909 535 3963 libro
558 3909 654 3977 (ibid,
670 3912 699 3963 in
713 3911 766 3977 pne
786 3909 906 3979 ejusdem
920 3911 994 3979 cap.)
1011 3924 1017 3963 ε

1074 3821 1129 3876 olea
1143 3823 1243 3877 letitie
1255 3839 1313 3893 prsr
1327 3825 1494 3880 consortibus
1506 3828 1561 3880 tuis
1575 3825 1659 3897 (Psoi.
1675 3841 1748 3892 serv,
1765 3828 1807 3896 8).

1111 3911 1227 3967 Constat
1240 3918 1336 3968 autern
1352 3930 1466 3969 omnem
1484 3915 1637 3970 Ecclesiam
1649 3931 1752 3987 carpus
1766 3932 1830 3970 esse
1845 3914 1923 3985 Chri-

171 4016 186 4050 ι
203 3997 303 4052 Nullus
315 3998 464 4068 episcopus
475 4007 541 4051 cum
558 3998 678 4052 muliere
693 3998 809 4068 penitus
824 3998 933 4052 habitet
953 4013 959 4051 :
976 3997 1021 4052 sin
1074 3999 1119 4062 sti,
1131 4000 1249 4070 etenim,
1262 4001 1392 4056 videlicet
1407 4002 1483 4073 regis
1504 4007 1531 4058 et
1546 4004 1716 4073 Sacerdotis,
1728 4003 1808 4058 unde
1824 4019 1923 4059 omnes

171 4091 268 4140 autem
288 4085 424 4155 probatus
450 4085 537 4139 luerit
552 4085 606 4138 boo
629 4100 687 4139 non
714 4085 887 4152 observasse,
917 4085 1022 4155 episco·
1075 4088 1228 4144 Christiani
1242 4106 1333 4160 genus
1360 4107 1460 4146 sumus
1479 4092 1655 4147 sacerdotale
1678 4097 1706 4147 el
1723 4093 1836 4164 regate,
1856 4108 1922 4164 pra·

171 4178 256 4243 patus
271 4174 378 4227 honore
394 4172 562 4242 dejicietur;
585 4173 654 4243 quia
674 4173 736 4243 ipse
757 4188 787 4226 se
810 4172 963 4243 indignum
980 4189 1021 4226 sa·
1075 4182 1139 4244 pter
1154 4177 1231 4247 quad
1246 4179 1464 4248 postlaracrum
1477 4180 1623 4252 ungimur,
1634 4186 1667 4235 ut
1682 4179 1789 4235 Christi
1804 4179 1922 4236 nomine

170 4260 297 4314 cardolio
321 4259 456 4314 ostendit.
488 4260 590 4314 Dicant
612 4261 702 4329 igitur
730 4261 848 4332 gloriosi
876 4261 1020 4332 principes
1041 4275 1257 4335 ocenseamur3
1287 4273 1315 4322 et
1342 4284 1399 4323 nan
1425 4269 1480 4323 nisi
1509 4285 1561 4341 per
1586 4268 1747 4340 pontifices,
1770 4285 1789 4322 a
1819 4269 1923 4341 quibus

171 4346 334 4401 Graecorum
358 4362 416 4417 qua
438 4347 672 4417 praesumptionis
693 4348 812 4403 audacia
840 4348 1021 4404 ireticantre
1074 4369 1156 4425 reges
1185 4360 1213 4409 et
1245 4357 1404 4411 sacerdotes
1431 4358 1613 4428 augebantur
1635 4357 1666 4412 in
1691 4359 1763 4428 lege.
1789 4359 1823 4413 ln
1847 4358 1922 4414 Actis

171 4435 325 4489 constituta
355 4435 631 4513 majarum,coatra
656 4439 732 4508 leges
756 4438 897 4507 Ecclesiae,
921 4444 1021 4493 contra
1074 4441 1161 4496 babes
1199 4443 1286 4498 etiam
1321 4447 1527 4516 apostatarum,
1565 4446 1656 4518 quia:
1687 4448 1753 4504 Cum
1781 4447 1922 4502 audissent

171 4522 410 4578 consuetudinem
434 4524 573 4579 hactenus
588 4525 767 4580 observatam
792 4527 891 4581 venire
905 4543 962 4581 non
978 4544 1020 4582 ve·
1073 4532 1190 4600 apastoli
1201 4534 1250 4600 qni
1268 4538 1345 4588 erunt
1363 4535 1567 4604 Hierosolymis,
1592 4537 1660 4603 qnia
1679 4537 1781 4605 recepit
1796 4536 1923 4592 Samaria

170 4618 280 4679 rentur,
290 4610 440 4667 'Romanas
451 4618 537 4684 atque
552 4612 666 4668 belinas
676 4615 927 4686 reprehendentes,
942 4617 1019 4688 quad

171 4699 321 4771 episcopis,
348 4701 532 4772 presbyteris,
564 4702 667 4770 levitis,
705 4709 791 4774 atque
822 4703 1018 4768 subdiaconis,

170 4789 390 4843 uxoresducere
404 4805 462 4844 non
484 4791 655 4846 concedunt.
684 4791 752 4846 Ecce
781 4793 858 4847 enim
883 4793 1020 4863 imperia·

1073 4618 1183 4674 uerbum
1197 4622 1256 4687 Dei,
1278 4624 1410 4677 miserunt
1425 4622 1463 4677 ed
1480 4638 1523 4677 eos
1539 4624 1647 4678 Petrum
1671 4625 1847 4680 ettaannem.
1871 4624 1924 4690 Qui

1073 4720 1132 4760 cum
1147 4710 1290 4775 venissent,
1311 4713 1457 4765 oraverunt
1469 4726 1521 4781 pra
1535 4713 1616 4780 ipsis,
1632 4715 1663 4765 nt
1685 4713 1844 4781 acciperent
1858 4712 1921 4783 Spi-

1073 4799 1157 4850 ritum
1178 4801 1310 4851 sanctam.
1335 4799 1461 4854 Nondum
1486 4802 1564 4854 enim·
1581 4801 1612 4854 in
1629 4815 1793 4869 quemquam
1814 4801 1923 4855 illarum

169 4877 245 4931 tibus
268 4882 463 4948 coarguuntur
494 4878 615 4949 legibus,
632 4895 697 4951 quae
722 4896 786 4934 cum
809 4897 861 4950 pro
884 4881 1019 4935 Romanis
1073 4885 1403 4955 ueteret,sedbaptizeti
1420 4892 1525 4943 teretem
1539 4892 1620 4943 erasm
1638 4889 1668 4943 in
1688 4889 1795 4944 nonnis
1817 4890 1924 4944 Damim

169 4974 256 5036 atque
273 4964 382 5019 Latinis
410 4966 549 5033 sanciant,
573 4967 686 5038 eosqui
712 4969 930 5023 contraveniunt
949 4984 1017 5039 pro·
1072 4972 1144 5027 lesu.
1164 4975 1237 5028 Tunc
1259 4974 1433 5044 imponebant
1458 4991 1555 5032 manus
1572 4992 1656 5047 snper
1671 4977 1743 5046 illos,
1764 4983 1793 5032 et
1806 4978 1923 5049 accipie·

168 5057 214 5109 cul
230 5053 317 5108 dubia
333 5053 536 5108 condemnant.
566 5055 597 5108 lu
615 5055 709 5109 Veteri
731 5057 912 5111 Testamenta
927 5057 1018 5111 taber·
1072 5059 1138 5114 bont
1151 5061 1286 5130 Spiritum
1307 5070 1437 5119 sonetum.
1463 5068 1535 5134 (Act.
1562 5081 1621 5132 vus,
1641 5065 1674 5120 ti
1697 5071 1723 5122 rt
1744 5077 1829 5136 seq.)
1856 5066 1923 5121 vide

146 5142 281 5208 nacula,
305 5140 364 5195 sive
390 5141 497 5211 templo
516 5140 706 5196 deservientes
730 5145 844 5212 Levitae,
872 5146 930 5200 sive
952 5163 1017 5217 pre·
1071 5164 1129 5219 qua
1153 5149 1278 5220 primurn
1306 5151 1442 5223 baptizati
1469 5153 1585 5208 luerent
1609 5153 1640 5208 in
1667 5153 1786 5208 nomine
1815 5162 1923 5210 sancte

168 5229 287 5300 sbyteri,
302 5228 440 5284 uxoribus
461 5245 520 5283 non
539 5231 823 5301 appropinquabant,
847 5251 898 5289 nec
919 5242 1018 5291 sancta
1071 5237 1226 5306 Trinitatis,
1243 5240 1319 5311 quad
1335 5245 1378 5295 est
1399 5241 1564 5296 innomine
1587 5241 1703 5297 Domini
1723 5243 1809 5309 leem
1833 5242 1923 5315 siqui·

168 5318 212 5370 vel
228 5317 342 5386 ingredi
356 5318 400 5372 vel
417 5317 584 5388 contingere
602 5319 823 5389 presumebant,
841 5323 896 5377 nisi
911 5324 1018 5378 sancti·
1072 5325 1137 5381 dem
1164 5328 1249 5381 totius
1272 5329 1416 5383 Trinitatis
1436 5330 1578 5385 invocatio
1597 5330 1628 5383 in
1656 5331 1776 5385 nomine
1806 5329 1925 5387 Domini

169 5403 391 5460 flcar·entur:et
416 5421 465 5460 vas
493 5405 586 5460 dicitis
613 5407 681 5477 quia
711 5410 886 5478 sacerdotes,
911 5412 1017 5482 quibus
1069 5412 1135 5469 iesu
1151 5415 1325 5470 continetur.
1347 5418 1402 5471 Nec
1413 5421 1510 5472 tamen
1531 5418 1623 5473 adbuc
1637 5423 1810 5488 acceperant
1832 5417 1926 5490 Spiri-

169 5491 297 5548 ollicium
312 5499 355 5550 est
368 5495 497 5566 corporis
516 5501 544 5550 et
555 5495 704 5566 sanguinis
720 5497 836 5554 Domini
848 5500 1016 5570 mysterium
1071 5507 1133 5557 tum
1144 5509 1284 5559 sanctum.
1301 5505 1476 5560 Posteavere
1491 5522 1594 5561 manus
1604 5505 1823 5577 imponentibus
1836 5521 1927 5580 super
