3930 6098
104 276 154 330 341
605 276 743 335 CONTRA
762 281 958 339 oltfflcoltuu
980 283 1159 341 opposita.
1183 313 1218 324 —
1242 284 1308 340 tta.
1328 284 1373 339 lv.
1804 292 1858 349 342

101 405 189 462 dibus
202 407 262 463 suis
282 409 390 480 pulsos,
411 413 440 464 et
461 409 491 463 iu
505 409 605 465 exsilia
626 411 791 482 deportatos
813 418 899 484 atque
920 415 950 468 iu
969 415 1099 470 ederes.
1126 414 1275 487 Siquidem
1300 418 1460 472 continenti
1486 425 1709 492 opportunoque
1734 437 1858 494 prospe-

103 496 199 550 locum
216 499 402 567 superstitum
417 498 488 552 alios
502 499 663 567 institutos3
682 500 727 554 bis
743 501 877 571 primitus
892 503 953 556 viil·
1008 511 1053 559 ctu
1081 510 1247 577 promptum
1274 504 1328 559 tibi
1352 512 1426 560 esset
1451 522 1616 578 agnoscere,
1643 508 1715 580 quid
1737 510 1768 565 iu
1792 513 1857 583 qui-

103 586 223 640 neribus
239 586 412 641 adhibeatur
426 587 569 642 medicine
581 589 714 658 justitiae;
734 606 786 645 nec
801 592 954 662 quisquam
1009 592 1120 664 busque
1136 594 1221 648 rebus
1240 593 1283 648 vel
1298 599 1348 648 tuo
1370 594 1464 648 studio
1480 611 1677 667 componeres,
1700 597 1744 652 rel
1759 603 1858 655 nostro

104 675 257 728 itacareat
279 676 413 746 propriis,
438 682 468 731 ut
488 678 897 733 alterutatur.alienis:cum
919 680 953 747 si,
1005 679 1115 752 judicio
1140 696 1309 736 reservares.
1344 682 1415 736 Nam
1448 698 1512 737 cum
1546 685 1658 755 majora
1690 686 1806 756 negotia
1829 693 1858 742 et

104 769 138 817 ut
148 764 292 836 cupimus,
312 780 439 819 errorem
453 780 554 819 ornnes
569 766 746 836 relinquunt,
763 767 872 820 nemini
887 767 954 838 qni·
1010 768 1186 824 difficiliores
1208 786 1360 825 carisarum
1387 770 1480 826 exitus
1495 771 1617 826 liberum
1640 774 1693 828 tibi
1715 779 1790 830 esset
1803 776 1857 832 sub

104 851 171 906 dem
187 852 389 924 honorperire
405 853 517 918 debeat,
537 853 585 909 sed
603 854 722 926 illisqui
736 871 788 926 pro
804 855 859 911 ilde
875 855 954 910 labo·
1008 862 1107 911 nostra
1142 857 1291 912 sententia
1328 859 1540 929 exspectatione
1578 862 1763 931 suspendere,
1804 879 1857 918 nec

104 946 252 1006 raserunt,
274 957 341 996 cum
365 942 446 996 omui
469 943 623 1015 privilegio
655 948 788 1014 oporteat
817 944 859 998 eis
887 960 954 1015 pro·
1009 946 1082 999 ratio
1099 945 1150 999 tibi
1174 962 1227 1001 nec
1241 947 1395 1001 necessitas
1418 948 1483 1013 luit,
1499 949 1528 1002 in
1543 947 1571 1002 id
1589 949 1669 1019 quod
1692 966 1856 1006 mensuram

104 1029 203 1101 prium
227 1030 394 1084 reformare.
421 1031 527 1085 Priorie
548 1037 645 1086 autem
671 1033 820 1102 Ephesiae
843 1033 954 1104 synodi,
1009 1034 1052 1089 tui
1073 1035 1232 1104 excederet,
1259 1036 1409 1091 deviandi:
1438 1037 1586 1091 abundant
1617 1038 1696 1092 enim
1721 1039 1797 1111 apud
1828 1047 1856 1095 te

104 1117 150 1171 cui
170 1124 277 1173 sancta
298 1120 445 1174 memoriae
468 1119 589 1191 cyrillus
612 1137 763 1191 episcopus
787 1128 857 1176 tunc
879 1137 954 1192 prae-
1010 1126 1185 1179 monitorum
1209 1124 1316 1196 scripta
1338 1131 1513 1191 nostrorum,
1552 1126 1656 1198 qulbus
1677 1133 1704 1182 te
1727 1128 1762 1182 de
1794 1143 1855 1182 om·

104 1206 189 1268 sedit.
219 1213 319 1262 contra
340 1208 502 1263 Nestorium
531 1209 693 1279 specialiter
720 1215 825 1264 statuta
841 1226 954 1280 perma-
1009 1211 1090 1266 nium
1121 1214 1267 1267 actionum
1295 1214 1486 1284 temperantia
1515 1214 1681 1285 frequenter
1718 1216 1858 1271 instruxi-

105 1301 211 1350 ueant:
232 1311 269 1350 ne
291 1301 360 1351 tunc
382 1296 517 1350 damnata
542 1297 675 1368 impietas
699 1298 817 1353 demum
842 1297 896 1352 sibi
925 1298 954 1352 in
1009 1316 1088 1366 mus;
1121 1305 1152 1355 nt
1185 1301 1400 1356 commendatas
1432 1302 1484 1356 libi
1510 1303 1614 1358 Christi
1644 1304 1780 1358 Ecclesiae
1806 1321 1859 1375 per

106 1383 202 1454 aliquo
226 1382 403 1450 blandietur,
429 1401 486 1456 qua
509 1384 647 1455 Eutyches
658 1385 736 1455 J'uste
762 1385 955 1440 exsecratione
1009 1389 1238 1444 exhortationem
1263 1390 1411 1445 charitatis
1438 1390 1475 1445 ad
1503 1391 1700 1447 salubritatem
1726 1392 1859 1448 obedien·

107 1471 281 1542 percellitur.
306 1472 420 1527 Puritas
434 1471 511 1526 enim
527 1472 594 1527 lidei
611 1477 698 1544 alque
712 1472 955 1545 doctriua,quem
1010 1477 1057 1532 tia
1081 1493 1260 1547 provocares.
1285 1500 1299 1527 a
1320 1480 1353 1533 Et
1376 1485 1442 1549 post
1465 1480 1519 1533 alia
1535 1479 1694 1535 istiusmodi
1717 1481 1857 1553 redargu-

107 1559 218 1626 eodem,
248 1576 306 1631 quo
334 1560 424 1615 sancti
452 1562 548 1617 Patres
582 1561 684 1630 nostri,
714 1562 819 1632 spiritu
850 1562 954 1633 praedi·
1009 1565 1136 1620 tionibus
1152 1573 1320 1638 conquesta,
1339 1567 1445 1622 iterum
1460 1568 1546 1623 insert
1560 1569 1671 1640 (totum
1700 1571 1769 1624 «El
1788 1570 1868 1625 dum‘

108 1663 215 1714 eamus,
239 1653 268 1703 et
294 1648 493 1704 Nestorianam
521 1654 550 1705 et
580 1651 785 1722 Eutychianam
809 1667 874 1706 cum
896 1651 955 1705 sois
1010 1654 1152 1709 dominari
1172 1656 1265 1726 magis
1288 1672 1376 1728 quam
1400 1656 1549 1712 consulere
1571 1657 1692 1712 subditis
1714 1663 1855 1730 quaerant,

108 1735 275 1792 auctoribus
289 1737 462 1793 condemnat
477 1739 585 1809 pariter
604 1745 633 1793 et
655 1740 840 1812 persequitur
860 1739 956 1812 pravi·
975 1715 995 1769 Β
1010 1744 1103 1816 placet
1128 1744 1232 1810 bonor,
1260 1744 1343 1798 inllat
1374 1744 1519 1816 superbia,
1547 1750 1576 1800 et
1604 1745 1681 1817 quod
1711 1747 1856 1816 provisum

108 1830 240 1880 tatem.»
787 1835 790 1840 '
1010 1837 1053 1887 est
1085 1832 1122 1887 ad
1155 1833 1350 1899 concordiam,
1381 1833 1474 1887 tendit
1503 1833 1539 1888 ad
1568 1849 1679 1888 noxam.
1715 1834 1794 1899 Quod
1825 1840 1858 1887 ut

139 1914 326 1970 advertimus
349 1921 426 1971 certe
452 1916 590 1972 Romanae
613 1917 688 1972 sedis
712 1916 879 1990 pontificem
903 1933 956 1973 nec
1009 1935 1126 1975 necesse
1144 1920 1302 1976 habeamus
1322 1921 1363 1976 ita
1384 1922 1490 1989 dicere,
1516 1923 1632 1978 nonde
1658 1939 1744 1994 parvo
1766 1922 1857 1978 animi

107 2004 241 2075 supponi,
257 2020 309 2059 nec
333 2004 468 2072 conferri,
487 2005 537 2060 sed
560 2006 691 2077 praeferri
716 2007 957 2078 Constantinopo·
1010 2009 1109 2065 dolore
1152 2010 1302 2081 procedit:
1342 2011 1485 2082 meipsum
1529 2011 1607 2066 enim
1643 2012 1858 2082 quodammodo

106 2092 197 2147 titano
218 2093 407 2167 patriarchoe;
436 2095 672 2167 quandoquidem
694 2095 956 2151 Chalcedoneasem
1010 2097 1086 2153 trahi
1109 2098 1139 2153 in
1163 2099 1277 2170 culpam
1302 2099 1402 2164 sentio,
1426 2115 1491 2154 cum
1515 2106 1543 2154 to
1562 2117 1579 2155 a
1601 2100 1713 2155 traditis
1737 2100 1791 2155 tibi
1812 2116 1856 2155 re·

105 2182 249 2251 synodum
273 2181 422 2236 videamus
450 2182 512 2254 ejus
533 2182 724 2254 permissione
752 2183 840 2239 luisse
868 2184 956 2239 colle·
1010 2187 1085 2258 gulis
1117 2187 1271 2242 immodice
1302 2187 1464 2242 discessisse
1493 2204 1645 2259 cognosco.
1670 2187 1724 2253 Qui
1748 2187 1772 2242 ei
1800 2192 1858 2242 luca

104 2274 201 2323 cum:
226 2268 333 2342 cuique
360 2270 516 2341 praesidere
541 2270 644 2326 maluit
666 2287 719 2343 per
741 2287 807 2326 suos
834 2272 954 2343 legatos,
1010 2275 1229 2331 existimationis
1258 2292 1362 2348 parum
1391 2276 1514 2349 diligens
1545 2293 1617 2346 eras,
1650 2292 1721 2331 mere
1756 2275 1857 2330 saltem

104 2359 210 2430 cuique
226 2357 315 2413 etiam
335 2358 457 2413 forman:
477 2358 554 2414 dedit
569 2359 695 2432 propriis
717 2360 821 2416 litteris
835 2360 905 2432 quid
921 2361 956 2416 do
1009 2364 1093 2419 lamae
1115 2381 1232 2437 parcere
1255 2366 1392 2432 debuisti;
1420 2382 1456 2421 ne
1485 2382 1551 2437 quae
1575 2372 1625 2420 tuo
1649 2369 1763 2420 tentum
1785 2366 1857 2421 lacta

105 2447 234 2502 securma
254 2447 364 2519 synodo
389 2447 494 2518 Ephesi
509 2449 628 2504 collecta
653 2449 729 2504 foret
751 2449 954 2504 statuendum:
1010 2454 1078 2504 sunt
1103 2450 1211 2518 animo,
1239 2454 1338 2504 nostro
1367 2450 1533 2505 riderentur
1560 2451 1634 2505 lacta
1652 2449 1773 2521 judicio.
1805 2451 1861 2505 Ne·

107 2537 175 2608 qaid
191 2552 311 2608 quoque
333 2536 370 2591 de
384 2536 429 2591 his
450 2537 501 2609 qui
514 2537 630 2593 laterent
652 2537 683 2592 iu
699 2554 732 2593 ea
755 2544 875 2609 propter
890 2539 957 2592 lidei
1012 2539 1088 2608 legat
1122 2538 1287 2593 fraternitas
1318 2545 1368 2593 tua
1398 2539 1519 2611 paginas
1543 2543 1666 2603 nostras,
1702 2537 1859 2609 omniaque

108 2626 257 2680 veritatem
277 2624 393 2680 sedibus
411 2627 538 2698 propriis
554 2626 675 2698 expulsi,
691 2627 765 2682 etin
783 2626 883 2682 exsilia
904 2626 957 2682 de·
1010 2626 1045 2682 ed
1068 2631 1132 2681 tuos
1156 2628 1244 2682 misse
1267 2628 1391 2700 majores
1414 2627 1578 2699 apostolicae
1601 2628 1677 2683 sedis
1699 2628 1856 2698 praesulum

111 2715 232 2785 portati;
255 2729 367 2770 necnon
390 2719 419 2769 et
442 2715 533 2770 exiis
557 2715 606 2787 qui
622 2715 707 2770 minis
731 2721 817 2788 atque
839 2715 956 2771 terrori·
1011 2716 1115 2785 scripta
1130 2716 1272 2783 decurrat,
1293 2722 1322 2772 et
1344 2717 1420 2771 vela
1445 2733 1500 2784 me,
1528 2717 1572 2772 vel
1596 2735 1612 2772 a
1634 2715 1859 2788 precessoribus

111 2803 160 2858 bus
187 2802 331 2873 compulsi
360 2810 462 2859 contra
484 2804 571 2859 lidem
596 2804 739 2875 judicium
764 2806 956 2876 protulerunt,
1011 2806 1083 2860 meis
1113 2805 1241 2860 inveniat
1267 2805 1443 2873 ordinatum,
1471 2806 1549 2878 quod
1578 2823 1596 2860 a
1620 2811 1647 2860 te
1672 2803 1858 2877 cognorimus

113 2899 195 2965 atque
224 2898 442 2958 consenserunt,
468 2894 491 2947 si
520 2893 625 2948 reverti
648 2893 684 2948 ab
709 2909 806 2948 errore
830 2895 956 2958 mallent,
979 2964 981 2968 λ
1011 2910 1072 2949 esse
1092 2900 1312 2966 praesumptum.
1336 2894 1420 2950 Venit
1443 2894 1620 2967 namquead
1644 2909 1777 2948 nuscum
1796 2892 1858 2962 epi-

114 2987 137 3037 et
158 2981 313 3037 vamtatem
334 2981 402 3037 fidei
426 2983 569 3053 proliteri:
594 2982 736 3054 synodum
760 2999 874 3054 quoque
895 2982 958 3054 pri·
977 2983 1105 3067 Cacopis
1121 2983 1277 3054 provincias
1297 3000 1356 3038 suae
1380 2983 1468 3038 irater
1490 2987 1588 3038 noster
1610 2982 1730 3049 lltlicus,
1755 2981 1859 3036 veteris

114 3085 185 3125 mam
212 3070 386 3141 Ephesiaam
411 3087 464 3142 per
487 3070 603 3126 beatum
625 3070 763 3142 Cyrillum
788 3070 957 3126 Alexandri·
1013 3070 1090 3140 Epiri
1118 3073 1352 3139 metropolitanus
1382 3070 1510 3138 antistes,
1536 3075 1565 3124 et
1586 3069 1621 3124 de
1654 3067 1859 3139 indignissima

114 3173 177 3213 uum
198 3159 367 3230 episcopum
384 3161 492 3214 laetam
514 3160 614 3215 statuit
628 3160 763 3214 omnihus
786 3160 879 3214 medis
898 3176 956 3214 ser·
1011 3158 1165 3213 alllictione
1187 3173 1274 3231 quam
1297 3159 1425 3230 pertulit,
1452 3157 1629 3230 lacrymabili
1654 3156 1766 3211 actione
1787 3171 1857 3210 con·

115 3248 244 3314 landam,
276 3249 471 3302 condemnans
499 3253 558 3303 tam
590 3249 753 3304 Nestorium
780 3265 866 3320 quain
900 3249 956 3302 Eu·
1011 3255 1129 3319 questus
1153 3253 1197 3302 est
1222 3264 1318 3302 coram
1340 3247 1500 3302 astantibus
1523 3245 1690 3302 diaconibus
1714 3242 1782 3312 tuis,
1807 3243 1858 3315 qui

115 3336 212 3407 tycbeu
233 3336 270 3391 de
285 3336 482 3391 incarnatione
507 3337 622 3392 [lomini
646 3338 737 3392 nostri
761 3339 826 3393 lesu
852 3336 957 3392 Christi
1011 3336 1133 3407 querelis
1156 3335 1300 3391 flebilibus
1323 3337 1385 3408 ejus
1413 3335 1486 3390 nihil
1516 3341 1616 3390 contra
1641 3331 1802 3397 referendo,
1825 3347 1860 3385 ea

115 3438 193 3492 prave
208 3425 375 3480 sentientes.
396 3425 506 3490 Quibus
522 3425 658 3481 omnibus
672 3425 823 3481 evidenter
837 3424 958 3480 instrui·
1012 3440 1076 3496 quae
1096 3424 1179 3478 nobis
1203 3424 1410 3495 ingerebantur
1431 3423 1488 3479 lide
1513 3439 1572 3477 nou
1596 3436 1692 3476 carere
1714 3422 1856 3473 monstra-

116 3528 183 3583 mur,
206 3529 267 3569 uon
289 3514 382 3569 solum
410 3513 741 3585 Constantinopolitano,
761 3529 862 3569 verum
887 3530 957 3568 cun·
1010 3514 1089 3569 bant.
1107 3514 1267 3586 legebatur
1290 3530 1407 3586 quoque
1423 3515 1453 3569 in
1475 3513 1578 3568 litteris
1600 3512 1665 3577 tuis,
1684 3525 1755 3581 quas
1770 3508 1857 3563 iidem

115 3603 159 3656 ctis
192 3602 389 3659 Orientalibus
418 3602 560 3675 episcopis
593 3604 756 3658 Romanum
791 3602 958 3672 pontificem
1011 3603 1048 3658 ad
1073 3618 1119 3658 me
1141 3602 1255 3658 diaconi
1274 3603 1317 3657 tui
1341 3603 1517 3672 detulerunt,
1539 3600 1617 3673 quod
1640 3600 1728 3653 frater
1748 3597 1859 3652 Atticus

116 3688 218 3747 bonore
241 3692 407 3763 praelatum,
435 3692 524 3747 veluti
550 3692 601 3764 qui
624 3696 792 3748 cunctorum
819 3692 956 3746 sollicitu-
1010 3692 1240 3747 Thessalonicam
1257 3690 1420 3745 venisset.»

118 3778 205 3836 dinem
228 3781 347 3852 plenem
373 3780 481 3835 babere
507 3781 611 3836 debeat
636 3780 849 3852 episcoporum,
866 3783 895 3835 et
911 3779 957 3834 cui
1047 3780 1081 3834 Et
1094 3783 1157 3851 post
1170 3779 1226 3833 alia
1243 3779 1336 3846 (ibid.)
1352 3795 1358 3833 :
1376 3797 1390 3830 a
1406 3778 1484 3834 Unde
1499 3775 1743 3848 deplorationibus
1758 3789 1857 3845 snpra·

119 3869 275 3939 specialiter
298 3869 448 3925 incumbat
470 3885 523 3940 pro
547 3870 657 3924 cunctis
684 3869 814 3924 Ecclesiis
836 3869 958 3940 pervigil
1012 3868 1081 3924 dicti
1098 3866 1183 3922 verba
1207 3867 1335 3939 epistolas
1357 3872 1415 3922 ture
1439 3865 1637 3920 testimonium
1662 3862 1858 3934 prebuerunt,

120 3957 284 4013 sollicitudo.
1012 3963 1042 4012 et
1054 3972 1106 4028 per
1120 3956 1184 4022 hoc,
1202 3955 1279 4027 quod
1299 3971 1357 4010 non
1375 3959 1418 4010 est
1432 3953 1561 4021 tacitum,
1577 3953 1717 4007 nudatum
1732 3954 1776 4005 est
1788 3949 1858 4003 illud

147 4048 183 4103 Ut
203 4053 302 4102 autem
332 4044 492 4102 evidentius
515 4050 652 4118 appareat
675 4050 783 4118 quanto
811 4047 959 4101 Romanus
1013 4044 1092 4117 quod
1128 4044 1241 4099 silentio
1276 4044 1371 4099 tuerat
1400 4043 1588 4114 adopertum:
1617 4039 1723 4095 aditam
1752 4037 1860 4091 scilicet

122 4134 262 4206 episcopus
283 4135 392 4191 honora
412 4135 558 4207 praecellat
580 4150 668 4206 supra
691 4139 808 4189 cunctos
835 4134 885 4205 qui
909 4150 960 4205 per
1013 4132 1117 4204 lllyrici
1138 4133 1349 4205 prefecturam,
1371 4138 1401 4187 et
1424 4130 1659 4186 sublimissimam
1675 4128 1750 4182 iuter
1774 4140 1859 4179 ruun-

123 4224 258 4280 bnentem
293 4223 437 4279 habentur
468 4223 628 4295 episcopos,
662 4239 695 4277 ex
728 4223 851 4293 epistola
883 4223 959 4277 beati
1013 4221 1102 4276 danos
1128 4221 1223 4292 apices
1251 4225 1421 4292 potestatem
1448 4220 1478 4274 in
1503 4218 1711 4274 exhibitionem
1736 4211 1860 4270 insontis

124 4311 213 4368 leonis
234 4311 365 4385 episcopi
393 4311 472 4367 urbis
504 4312 615 4378 Roma,
646 4311 794 4366 Anastasio
823 4309 958 4382 episcopo
980 4308 1149 4364 Dantistitis
1172 4309 1332 4376 incitatam,
1355 4309 1499 4370 ut.missa
1524 4305 1706 4362 exsecutione
1727 4301 1859 4369 terribili,

123 4399 361 4457 thessalonicensi
385 4401 493 4456 directa
523 4401 613 4473 (epist.
644 4401 698 4470 at),
731 4399 838 4471 placuit
867 4407 960 4454 osten·
1013 4415 1078 4471 quae
1102 4399 1200 4453 omnia
1215 4399 1268 4452 sibi
1288 4398 1382 4452 officia
1401 4397 1515 4468 publica
1536 4395 1571 4450 ad
1595 4393 1727 4448 ellectum
1752 4407 1861 4463 praece·

123 4487 251 4557 dere3cui
260 4489 593 4560 salutationepreemissa
604 4489 644 4544 sic
657 4488 805 4560 loquitur:
823 4511 836 4538 α
848 4489 960 4554 Quanta
1013 4487 1120 4559 ptionis
1136 4487 1315 4557 adjungeret,
1332 4486 1450 4540 asacris
1466 4485 1596 4539 Ecclesia
1612 4481 1706 4548 aditis,
1723 4481 1802 4535 nullo
1817 4479 1861 4533 vel

124 4573 283 4633 lraternitali
316 4583 373 4632 tura
394 4592 412 4631 a
434 4577 596 4632 beatissimi
618 4577 695 4632 Petri
720 4577 844 4649 apostoli
866 4583 961 4631 aucto·
1013 4576 1083 4630 falso
1097 4574 1281 4630 insimulatus
1300 4574 1421 4630 crimine
1436 4573 1633 4627 extraheretur
1655 4569 1796 4637 sacerdos,
1814 4570 1860 4623 cui

125 4665 194 4722 ritate
207 4665 363 4720 commissa
376 4665 444 4734 siut,
466 4671 496 4721 et
517 4665 616 4737 qualia
628 4665 714 4720 otiam
739 4671 836 4722 nostro
851 4665 903 4720 tibi
918 4665 959 4720 la·
1014 4681 1071 4720 uon
1086 4664 1122 4719 ob
1138 4663 1300 4719 molestiam
1317 4663 1508 4735 agritudinis,
1525 4678 1583 4716 non
1594 4660 1631 4716 oh
1646 4659 1785 4714 saevitiam
1796 4657 1862 4729 hye-

125 4766 179 4808 rore
208 4754 267 4809 sint
289 4754 406 4818 credita,
432 4752 458 4807 si
485 4769 555 4809 sera
577 4752 688 4809 ratione
711 4754 900 4825 perspiceres,
932 4760 961 4809 et
1015 4753 1069 4809 mis
1088 4754 1227 4809 darentur
1249 4752 1384 4818 induciae,
1408 4752 1456 4805 sed
1472 4752 1526 4806 iter
1547 4753 1725 4821 asperumet
1748 4747 1861 4818 perica-

122 4837 186 4908 justo
202 4842 335 4898 examine
352 4843 538 4914 ponderares,
560 4842 685 4897 multum
700 4858 849 4914 possemus
863 4842 899 4897 de
915 4841 961 4897 in·
1015 4844 1051 4897 lis
1068 4844 1188 4915 plenum
1214 4858 1266 4912 per
1290 4840 1380 4895 invias
1398 4841 1476 4895 nives
1496 4855 1581 4911 agere
1595 4842 1754 4909 cogeretur.
1780 4834 1861 4899 Quod

123 4928 218 4998 junctae
241 4931 296 4986 tibi
320 4930 520 4987 sollicitudinis
544 4931 697 4987 devotione
722 4933 865 5002 gaudere:
888 4947 959 5002 quo·
1015 4932 1086 4986 tanti
1105 4931 1221 4998 laboris,
1240 4930 1370 5001 tantique
1386 4929 1558 4984 discriminis
1574 4927 1638 4994 luit,
1652 4931 1685 4980 ut
1697 4940 1731 4978 ex
1753 4923 1796 4976 his
1812 4920 1862 4991 qui

125 5019 192 5076 uem
206 5020 281 5076 sicut
302 5035 490 5091 precessores
512 5019 568 5075 mei
590 5020 813 5091 praecessoribus
829 5020 896 5087 tuis,
921 5019 962 5074 ita
1016 5020 1182 5090 episcopum
1197 5019 1327 5073 comitati
1341 5025 1409 5074 suut
1426 5018 1545 5089 quidam
1560 5014 1696 5071 defecisse
1719 5011 1860 5065 dicautur.

124 5122 168 5180 ago
182 5107 328 5165 dilectiom
341 5113 399 5164 tuae
418 5109 550 5181 priorum
564 5113 677 5164 secutus
692 5110 867 5179 exemplum,
886 5108 962 5163 vices
1016 5109 1135 5164 antum
1151 5114 1261 5179 stupeo,
1280 5109 1369 5163 frater
1386 5106 1563 5168 charissime,
1582 5103 1633 5158 sed
1652 5106 1680 5156 et
1704 5098 1863 5170 plurimum

125 5198 173 5254 nei
195 5197 402 5253 moderaminis
430 5198 575 5271 delegavi,
601 5203 635 5253 ut
657 5214 755 5252 curam
780 5212 867 5269 quam
896 5196 961 5251 nni·
1017 5198 1110 5265 doleo,
1128 5196 1205 5268 quod
1227 5196 1258 5252 in
1279 5213 1345 5252 euru
1363 5195 1408 5267 (de
1423 5212 1481 5267 qao
1497 5194 1567 5248 nihil
1583 5187 1863 5262 ampliuslndicave·

123 5287 204 5342 versis
224 5285 357 5342 Ecclesiis
377 5286 578 5358 principaliter
601 5302 637 5341 ex
661 5286 758 5341 divina
783 5285 962 5340 institutione
1017 5303 1073 5352 ras,
1095 5300 1183 5357 quam
1198 5286 1276 5357 quod
1299 5291 1434 5341 evocatus
1454 5283 1553 5338 adesse
1572 5279 1711 5345 differret,
1727 5280 1757 5331 et
1777 5291 1864 5330 excu-

125 5375 263 5441 debemus,
291 5374 424 5431 imitator
452 5379 557 5430 nostrae
583 5374 812 5430 mansuetudinis
845 5373 963 5429 ellectus
1018 5375 1160 5429 salionem
1185 5375 1362 5430 infirmitatis
1389 5372 1569 5436 obtenderet}
1599 5373 1656 5422 tam
1682 5366 1817 5422 atrociter
1837 5370 1866 5420 et

123 5463 279 5536 adjuvares,
303 5467 333 5518 et
358 5464 526 5536 longinquis
557 5479 573 5517 a
600 5463 683 5518 uobis
716 5461 871 5533 provinciis
893 5476 964 5533 prin·
1017 5466 1076 5517 tem
1108 5462 1295 5517 vehementer
1325 5459 1455 5532 potueris
1481 5454 1671 5525 commoveri;
1703 5455 1865 5527 prasertim

124 5553 240 5609 muham
267 5552 484 5624 quodammodo
516 5556 623 5607 nostras
649 5551 820 5607 visitationis
848 5550 965 5621 impeu-
1018 5566 1085 5606 curu
1108 5551 1132 5606 si
1154 5552 1212 5608 tale
1236 5549 1344 5624 aliquid
1374 5552 1544 5616 mereretur,
1569 5544 1790 5616 exspectandum
1813 5541 1867 5597 tibi
