3930 6098
160 188 213 245 ns
734 179 916 240 ascusam
935 170 1336 239 massicustsuouucm
1853 179 1906 235 ise

161 319 243 392 porei
255 319 340 393 panis
362 317 550 391 corporeique
562 316 622 373 sini
635 315 784 389 spirituale
798 331 901 389 corpus
915 314 1000 388 spiri·
1015 317 1037 371 Α
1058 313 1136 371 tonte
1150 319 1180 370 et
1193 315 1287 370 inesse
1306 313 1383 387 quod
1407 327 1506 369 sensus
1521 312 1649 385 corporis
1669 313 1802 385 attingat,
1818 318 1848 370 et
1862 314 1906 371 id·

162 410 304 482 toalisqne
326 408 442 481 sangnis
461 407 571 463 existit:
585 416 598 443 ⁸
619 422 677 463 non
699 405 776 480 quod
802 407 923 462 duonum
948 404 1007 459 sint
1060 404 1135 459 circo
1151 403 1287 460 mutabile
1312 407 1398 476 atque
1421 401 1621 473 corruptibile:
1647 406 1675 457 et
1698 417 1798 459 rursus
1813 403 1907 460 inesse

162 498 321 554 existentia
336 513 431 552 rernm
450 496 526 552 iuter
539 513 568 551 se
591 495 777 562 diuersarum,
793 493 919 566 corporis
930 493 1006 548 vide·
1060 493 1135 565 qood
1152 493 1291 549 tidessola
1301 491 1467 564 conspiciat,
1479 498 1508 547 et
1522 492 1587 548 ideo
1595 508 1647 547 nec
1656 493 1802 565 corrumpi
1812 510 1905 565 posse,

161 586 229 642 licet
244 593 273 642 at
289 585 415 658 spiritus,
439 601 538 640 uerum
563 600 621 639 una
643 583 802 654 eadamque
826 599 881 649 res,
904 598 1005 638 secuu-
1060 598 1112 637 nec
1126 582 1191 637 vitae
1206 581 1360 637 discrimen
1376 580 1513 652 accipere.
1533 581 1562 636 Si
1572 581 1702 653 requiras
1717 582 1793 653 quod
1803 599 1908 654 super·

160 674 228 730 dum
244 673 320 729 alind
346 675 454 745 species
469 673 549 745 panis
569 678 598 728 et
611 672 670 726 vini
685 671 825 737 consistit,
848 671 1005 726 secundum
1060 670 1207 726 hcieteuus
1227 670 1311 738 lavat,
1337 669 1512 725 elementum
1534 674 1590 736 est;
1616 670 1639 725 si
1663 687 1729 726 raro
1748 671 1909 743 perpendas

159 763 346 818 alludentem
361 778 463 834 corpus
478 766 520 817 est
535 765 564 816 et
577 760 694 831 sanguis
710 759 823 816 Christi.
843 759 1005 815 Secundum
1060 759 1137 832 quod
1150 758 1271 813 interius
1281 763 1394 830 purgat,
1405 757 1494 813 virtus
1509 758 1602 812 uitalis
1616 763 1668 826 est,
1678 759 1767 814 uirtus
1781 761 1906 816 sanctifi·

158 867 284 922 namque
308 850 384 922 quod
415 854 570 921 utrumque
604 848 790 919 corporaliter
820 847 1003 919 contingitur,
1060 847 1190 914 calionis,
1211 846 1301 901 virtus
1324 846 1558 901 immortalitatis.
1579 847 1671 918 Igitur
1684 848 1714 902 in
1729 849 1909 920 proprietate

158 940 266 1013 species
281 944 348 993 suut
369 942 506 993 creatura
522 953 681 1008 corporeae3
697 940 700 1006 t
714 936 872 991 secuudum
900 940 1005 1008 poten·
1059 936 1164 992 humor
1177 935 1378 1007 corruptibilis,
1392 935 1422 991 in
1434 935 1568 1005 mysterio
1578 951 1644 991 vero
1657 937 1749 992 virtus
1762 938 1907 994 sanabilis.

158 1029 228 1107 tiam
240 1043 307 1082 vero
322 1027 398 1098 quod
417 1026 585 1097 spiritaliter
599 1025 681 1080 factae
695 1030 771 1091 suut,
789 1024 925 1098 mysteria
940 1029 1006 1083 snut
1094 1025 1159 1080 xlx.
1182 1024 1226 1081 Sic
1249 1026 1350 1098 itaque.
1375 1024 1481 1080 Christi
1495 1040 1598 1096 corpus
1621 1030 1650 1080 at
1666 1026 1783 1097 sanguis
1808 1042 1909 1097 super·

158 1116 287 1186 corporis
304 1120 332 1169 et
346 1114 494 1186 sauguinis
508 1114 623 1170 Christi.
1059 1113 1208 1169 licietenus
1247 1112 1436 1179 considerata,
1475 1118 1605 1168 creatura
1642 1118 1685 1168 cst
1721 1115 1909 1170 mutabilitati

193 1205 270 1260 xvlt.
292 1204 510 1260 Consideremus
530 1203 601 1258 sacri
620 1204 729 1259 fontem
749 1201 939 1274 baptismalis,
955 1201 1006 1274 qui
1060 1203 1288 1274 corruptelaeque
1312 1201 1448 1273 subjecto.
1466 1202 1495 1258 Si
1512 1202 1640 1273 mysterii
1665 1219 1732 1258 raro
1748 1204 1909 1275 perpendas

157 1292 223 1347 fons
236 1291 302 1346 vitu
324 1307 383 1346 non
406 1291 550 1346 immerito
574 1296 766 1362 nuncurpatnr,
796 1290 864 1362 qnia
888 1290 1006 1345 descen·
1059 1290 1205 1357 uirtutem,
1223 1291 1281 1345 vita
1295 1295 1338 1344 est
1351 1289 1588 1362 participantibus
1603 1307 1633 1346 se
1647 1291 1776 1346 tribuens
1794 1292 1910 1347 immor·

159 1379 302 1435 dentesin
326 1395 356 1433 se
379 1378 505 1433 melioris
523 1378 589 1433 vitae
613 1379 739 1434 novitate
759 1378 906 1441 reformat,
930 1377 1006 1432 etde
1059 1378 1417 1452 caltulam.t1tonergo
1441 1378 1606 1434 suntidem
1639 1379 1716 1452 qood
1740 1386 1908 1449 cernuntur,

159 1472 273 1539 peccato
289 1467 410 1522 mortuis
424 1466 551 1522 virentes
560 1467 679 1537 justitia
701 1466 802 1522 donat:
820 1482 889 1520 uum
905 1481 1004 1520 secuu-
1060 1472 1088 1522 et
1102 1467 1178 1540 quod
1194 1467 1363 1524 creduntur.
1388 1466 1548 1522 Secundum
1564 1466 1641 1521 enim
1656 1467 1733 1539 quod
1751 1473 1910 1523 cernuntur

158 1556 413 1628 dumquodaquas
436 1557 611 1627 conspicitur
634 1557 808 1610 elementum
831 1571 903 1623 csse,
922 1555 1005 1610 istam
1060 1572 1162 1627 corpus
1205 1560 1325 1627 pascunt
1363 1554 1561 1625 corruptibile,
1596 1555 1660 1626 ipsa
1694 1556 1906 1627 corruptibilia:

159 1645 316 1715 potentiam
331 1644 449 1699 obtinet.
463 1648 597 1699 Attamen
610 1644 664 1698 nisi
677 1643 1005 1699 sanctificationisrirtu·
1021 1622 1042 1677 Β
1061 1643 1219 1698 seecundum
1244 1660 1312 1698 vero
1333 1643 1408 1715 quod
1433 1643 1587 1697 creduntur
1608 1643 1719 1698 animas
1741 1649 1862 1716 pascunt
1877 1644 1908 1700 in

157 1737 215 1787 tem
242 1733 400 1799 obtineret,
425 1731 517 1786 labem
540 1732 677 1787 vitiorum
699 1747 882 1804 nequaquam
897 1731 1006 1786 diluere
1060 1738 1201 1787 aeternum
1216 1731 1422 1802 victirras,ipsa
1436 1731 1622 1786 immortalia.

158 1825 265 1892 posset;
289 1819 528 1889 etnisivigorem
550 1820 616 1874 vitas
640 1820 812 1886 contineret,
829 1820 908 1874 nullo
922 1819 1007 1874 modo
1095 1822 1149 1877 xx.
1178 1820 1332 1891 Apostolus
1367 1836 1482 1891 quoqne
1515 1820 1642 1875 scribens
1670 1821 1823 1878 Corinthiis
1851 1822 1907 1878 ait:

157 1909 278 1964 mortuis
302 1914 438 1980 praestare
462 1909 682 1976 uitanrvaleret,
699 1908 821 1964 mortuis
837 1912 1006 1963 autemnon
1061 1911 1176 1966 Nescitis
1211 1911 1339 1979 quostiam
1376 1914 1468 1979 potres
1500 1911 1589 1964 uestri
1624 1925 1715 1965 omues
1750 1911 1800 1965 sub
1838 1911 1909 1966 nube

156 2013 251 2065 carne,
272 1996 320 2051 sed
337 1997 442 2052 anima.
461 1997 491 2052 ln
515 2002 658 2051 eotauren
675 1997 754 2051 fonte
771 1997 793 2051 si
810 1995 1008 2050 consideretur
1059 2000 1185 2064 {uemratz
1226 2003 1252 2053 et
1289 2012 1377 2052 omues
1419 2013 1493 2052 more
1530 2000 1712 2053 transierunt:
1751 2003 1777 2053 et
1818 2014 1908 2055 omues

99 2087 103 2095 '
157 2085 338 2140 solummodo
355 2085 432 2157 quod
453 2100 607 2155 corporeus
622 2084 723 2155 aspicit
744 2100 854 2151 seusus,
877 2085 1006 2139 elemen—
1059 2087 1089 2140 iu
1126 2087 1198 2141 diosc
1235 2086 1369 2156 baptizoti
1403 2091 1477 2152 suist,
1515 2088 1545 2140 iu
1581 2087 1659 2154 uude,
1697 2092 1723 2141 et
1758 2089 1788 2141 in
1823 2090 1907 2154 muri,

159 2178 221 2227 turn
237 2173 357 2228 fluidum
372 2173 557 2244 conspicitur,
572 2173 749 2244 corruptioni
764 2174 934 2243 subjectum,
953 2189 1005 2226 nec
1060 2178 1086 2230 et
1100 2189 1188 2230 omues
1211 2175 1330 2229 eumdem
1355 2189 1442 2228 escum
1463 2174 1635 2243 spirituatem
1655 2175 1906 2242 manducaverunt,

157 2261 213 2315 nisi
230 2277 351 2332 corpora
364 2260 477 2316 lavandi
493 2261 651 2333 potentiam
667 2261 805 2316 oblinere.
821 2261 876 2317 Sed
891 2261 1007 2316 accessit
1060 2267 1085 2316 et
1098 2277 1187 2317 emises
1209 2261 1328 2316 eamdem
1350 2265 1444 2332 pistum
1460 2261 1631 2331 spirituatem
1658 2262 1805 2318 biberunt?
1826 2265 1906 2319 Bibe·

157 2349 247 2404 saucti
266 2349 389 2421 Spiritus
404 2365 455 2420 per
468 2349 624 2404 sacerdotis
639 2350 882 2405 consecrationem
904 2349 1004 2418 virtus,
1060 2349 1126 2404 baut
1140 2353 1229 2405 cutem
1252 2350 1285 2404 de
1308 2351 1453 2418 spirituali
1466 2355 1640 2420 consequente
1655 2365 1698 2405 eos
1722 2356 1810 2421 petra.
1826 2354 1908 2407 Petro

157 2436 298 2491 etelltcar
314 2435 445 2491 factaest
467 2452 525 2491 non
546 2437 638 2492 solum
655 2452 785 2508 corpora,
802 2435 1003 2492 verumetiam
1059 2443 1148 2493 uectem
1169 2442 1227 2492 erut
1256 2437 1380 2493 Christus
1405 2439 1430 2507 (l
1452 2438 1516 2491 Cor.
1545 2453 1573 2505 x,
1598 2438 1667 2509 l-t).
1696 2439 1905 2495 Animadverti-

159 2524 270 2579 animas
285 2525 402 2590 diluere,
420 2529 448 2579 et
459 2524 622 2596 spirituales
636 2525 733 2580 sordes
749 2524 890 2596 spirituali
904 2528 1005 2596 poten·
1061 2543 1124 2580 mus
1140 2533 1169 2581 et
1194 2542 1273 2581 maro
1300 2525 1436 2597 baptismi
1459 2526 1582 2597 speciem
1606 2527 1776 2598 praetulisse,
1799 2533 1827 2583 et
1852 2546 1905 2583 nn·

157 2613 198 2668 tia
213 2612 368 2669 dimovere.
849 2605 856 2618 '
1059 2616 1140 2682 bem;
1155 2619 1309 2687 patresque
1332 2614 1439 2685 prioris
1462 2614 1638 2671 Testamenti
1655 2615 1684 2670 in
1700 2615 1750 2682 eis,
1774 2615 1863 2670 idest
1879 2616 1909 2670 in

192 2702 283 2757 XVlll.
300 2701 370 2756 Ecce
384 2701 415 2757 io
433 2715 491 2755 uno
515 2700 674 2774 eodemque
689 2702 831 2757 elemento
847 2702 905 2757 duo
927 2700 1004 2756 vidc-
1060 2705 1136 2759 nube
1152 2703 1211 2758 sive
1235 2702 1318 2770 mari,
1348 2701 1508 2773 baptizatos
1530 2702 1628 2759 fuisse.
1656 2705 1730 2759 Num
1752 2705 1797 2758 uel
1816 2718 1907 2772 mare,

157 2804 221 2843 rous
247 2789 338 2845 inesse
364 2789 418 2845 eibi
434 2789 606 2856 resistentia,
620 2791 648 2845 id
673 2795 716 2846 est
736 2790 914 2863 corruptioni
937 2789 1005 2845 sub·
1059 2792 1216 2847 secundum
1240 2791 1317 2864 qnod
1340 2791 1515 2847 elementum
1532 2791 1691 2860 uidebatur,
1705 2792 1840 2864 baptismi
1856 2808 1909 2864 po·

155 2877 254 2948 jacens
279 2877 523 2949 incorruptionem
538 2883 686 2949 praestare,
710 2882 739 2933 et
761 2878 848 2933 vitam
873 2894 931 2934 non
953 2879 1039 2979 hac
1059 2881 1115 2936 tuit
1127 2881 1233 2936 hahere
1249 2880 1407 2936 uirtutem?
1427 2880 1470 2935 vel
1486 2880 1587 2949 nubes,
1600 2881 1681 2952 juxta
1696 2881 1774 2953 quod
1798 2881 1910 2936 densio-

158 2966 228 3020 bens
250 2965 339 3021 uitam
369 2966 561 3022 contribuere.
591 2966 778 3039 Cognoscitur
802 2982 870 3039 ergo
893 2966 924 3021 in
950 2965 1005 3023 isto
1059 2969 1329 3025 riserassitndinem
1355 2968 1429 3025 aeris
1450 2969 1629 3038 ostendebat,
1657 2967 1736 3040 [edd.
1755 2968 1907 3042 populum]

156 3105 253 3161 nulllus
267 3105 394 3177 relinqui
404 3110 499 3178 potest
511 3107 546 3162 de
561 3106 696 3163 concordi
708 3107 876 3163 alunanimi
890 3111 1005 3164 senten·
1059 3110 1182 3182 Spiritus
1196 3110 1295 3176 sancti,
1312 3110 1384 3165 nulli
1400 3109 1576 3179 corruptioni
1591 3109 1717 3165 obnoxia
1727 3115 1804 3173 siunt,
1820 3110 1907 3165 vitam

157 3177 197 3231 tia
227 3178 376 3232 Retramni
409 3183 438 3232 et
465 3177 607 3233 Paschasii
634 3178 669 3233 de
695 3179 848 3249 praesentia
876 3180 1006 3251 corporis
1059 3187 1088 3238 et
1113 3182 1359 3239 immortalitatem
1383 3181 1555 3253 largiuntur.
1586 3180 1632 3236 llis
1659 3180 1699 3234 ita
1725 3181 1860 3250 subjectis
1880 3187 1909 3236 et

157 3246 261 3303 Christi
276 3253 304 3303 et
323 3248 472 3319 sanguinis
483 3248 514 3303 in
531 3249 715 3304 Ericharistise
728 3251 873 3321 mysterio.
1059 3253 1168 3324 positis,
1191 3268 1289 3308 sensus
1306 3252 1456 3307 Retramni
1480 3267 1536 3306 non
1557 3256 1600 3306 est
1622 3250 1699 3322 quod
1715 3252 1907 3323 quemadmo-

191 3363 204 3390 ,
218 3355 277 3409 Non
292 3354 365 3424 quod
388 3354 505 3410 duarum
529 3356 585 3411 um
605 3358 755 3410 existenti-⁶7
777 3371 869 3410 mum
886 3355 959 3410 inm
978 3371 1005 3412 se
1059 3324 1129 3378 dum
1151 3323 1317 3377 substantioe
1347 3327 1376 3375 et
1390 3321 1540 3393 baptismo
1563 3322 1653 3375 virtus
1678 3322 1907 3376 sanctitlcctiouis

156 3424 1005 3576 ffgssqgugppggqqff³233,,puggggg‘mtg³;,3,¹,1⁵g2⁰,²};3
1058 3391 1770 3532 suscitatus„sustitituetitusutut?
1786 3397 1908 3518 titt

156 3572 185 3620 e,
198 3566 326 3637 corporis
353 3566 457 3621 Christi
483 3564 514 3620 in
535 3566 717 3632 mmmmm,
734 3565 868 3620 somniat·
892 3564 1004 3691 Quffpe
1058 3536 1132 3586 esset
1148 3547 1247 3585 sensus
1270 3530 1429 3596 Retramui,
1452 3545 1511 3585 non
1537 3529 1644 3586 diceret
1669 3546 1773 3600 corpus
1795 3537 1824 3585 et
1844 3549 1909 3587 sau-

155 3638 265 3762 tius
439 3652 544 3762 εεε
573 3635 1004 3775 {titulatus-,cusu
1055 3600 1908 3744 astrusictutestuatcertuscertus:

155 3782 223 3832 sunt
243 3777 295 3831 suh
320 3777 431 3832 diverso
455 3782 603 3848 respectu:
618 3778 726 3833 scilicet
744 3793 809 3849 quse
831 3777 1006 3832 considerari

156 3851 185 3902 et
206 3847 324 3919 cogitari
348 3852 443 3920 potest
461 3849 491 3903 in
513 3853 652 3920 quantum
668 3849 798 3904 sensibus
811 3848 962 3920 subjicitur
977 3853 1006 3903 et

155 3917 343 3989 inquantum
369 3919 468 3985 oculis,
492 3920 632 3986 recondit,
654 3920 728 3974 velot
748 3918 855 4043 εΙίἋιιίά
877 3918 1004 3990 spiritale

155 3991 232 4060 quod
250 3991 400 4043 ceorlorum
415 3991 505 4044 aciem
530 4006 589 4044 uon
618 3989 703 4043 subit.
731 3991 767 4044 Er
814 3990 836 4043 is
856 3992 1004 4043 consecta-

155 4074 241 4113 neum
258 4059 416 4114 dilncidom
426 4060 562 4129 erumpit,
577 4075 681 4128 corpus
695 4065 724 4113 at
736 4060 906 4130 sauguinem
923 4059 1004 4115 Chri·

155 4129 191 4183 sti
203 4144 260 4183 non
275 4131 396 4185 existere
416 4129 515 4184 eadem
528 4129 678 4183 existentia
692 4130 776 4200 panis
792 4134 821 4184 et
834 4129 904 4196 uini,
922 4129 1006 4184 adeo·

154 4204 564 4325 {ffifflssffisffffiffissem
589 4201 701 4254 ”unum
725 4215 829 4270 pamm
853 4204 883 4254 εἰ
903 4215 1002 4282 ΜΨ
1018 4236 1040 4292 b
1058 4239 1137 4303 uetus
1160 4252 1215 4292 esse
1237 4253 1290 4291 nou
1315 4238 1401 4291 solum
1426 4237 1514 4291 dicere
1542 4237 1589 4291 sed
1612 4235 1740 4306 capitose)
1766 4251 1826 4290 csse
1854 4252 1908 4306 per

540 4273 809 4342 proe⁸⁰⁰t²⁰⁰rp⁰r⁰
825 4275 1003 4343 ⁰t³³⁰⁸⁰¹¹¹⁰
1057 4307 1224 4362 relationem
1241 4307 1274 4362 ad
1297 4307 1359 4361 lieec
1377 4306 1442 4361 vela
1466 4312 1495 4361 et
1516 4322 1655 4376 conopaeo
1672 4306 1781 4377 aliquid
1807 4323 1907 4362 corrru-

154 4338 260 4395 Chriffl
275 4340 431 4394 ⁰⁰n⁵i⁸t⁹r⁰
446 4345 474 4394 ‘t
489 4356 666 4413 permanes&
1057 4378 1150 4448 ptioni
1161 4378 1331 4432 obnoxium:
1353 4377 1401 4432 sed
1422 4393 1473 4448 par
1496 4377 1664 4432 relationem
1679 4384 1730 4431 aut
1744 4380 1906 4449 respectum

190 4446 275 4501 buon
288 4461 351 4514 erqo
374 4450 437 4501 sieut
461 4447 533 4501 idem
558 4444 631 4516 quod
644 4451 791 4502 emoriatur
813 4452 838 4502 et
860 4447 932 4517 quod
946 4463 1003 4503 cre·
1057 4449 1094 4503 ad
1108 4448 1242 4503 virtutem
1266 4448 1389 4519 Spiritus
1408 4447 1508 4514 sancti,
1536 4448 1618 4518 cujus
1633 4447 1659 4500 si
1684 4463 1783 4518 reapse
1806 4447 1837 4501 in
1852 4448 1906 4502 hoe

155 4515 268 4571 duntur.
287 4517 324 4571 Ex
349 4517 394 4570 bis
412 4519 645 4587 patetintegram
665 4517 856 4572 dillereutiam
878 4519 1004 4573 interea
1056 4518 1193 4590 mysterio
1220 4525 1285 4573 suut
1312 4524 1340 4572 et
1365 4519 1536 4583 consistunt,
1560 4534 1617 4572 uon
1642 4533 1703 4572 csse
1727 4518 1907 4589 corruptioni

154 4602 219 4657 quie
244 4594 401 4641 cernuntur
425 4592 531 4655 etquae
551 4588 707 4643 creduntur
731 4589 761 4642 in
787 4588 922 4659 mysterio
944 4604 1003 4643 non
1056 4589 1179 4644 obnoxia
1204 4594 1232 4644 et
1258 4589 1394 4659 subjecta,
1424 4589 1472 4643 sed
1499 4589 1581 4642 sitam
1608 4593 1637 4642 et
1660 4588 1906 4643 immortalilatem

154 4672 305 4728 erumpere
328 4673 360 4710 er
387 4657 499 4711 diversa
524 4657 686 4725 existentia,
707 4663 739 4713 ut
761 4674 828 4713 mox
850 4658 1002 4725 dixit3sed
1056 4660 1205 4715 animabus
1235 4661 1340 4714 nostris
1372 4660 1596 4713 communicent.
1630 4658 1709 4713 Sicut
1747 4659 1906 4729 baptismus

154 4742 187 4781 er
201 4727 312 4781 diuerso
327 4732 456 4798 respectu
481 4727 533 4781 sub
557 4743 614 4807 quo
628 4744 673 4782 res
688 4729 789 4783 eadem
813 4730 932 4795 cepturi
948 4746 1002 4799 po·
1055 4730 1155 4786 habita
1170 4730 1310 4785 relatione
1323 4744 1371 4783 seu
1388 4730 1499 4784 ratione
1515 4728 1550 4783 ad
1571 4744 1676 4799 aquam
1701 4733 1729 4782 ct
1744 4729 1820 4800 quod
1837 4745 1906 4783 seu-

153 4801 208 4851 test
224 4802 253 4851 et
276 4799 405 4867 rependi.
428 4797 521 4862 Qutare
549 4798 617 4853 decit
636 4800 824 4854 Retramnus:
841 4800 886 4855 Sic
908 4802 1002 4868 itaque
1055 4801 1134 4855 sibus
1153 4801 1308 4855 obnoxium
1324 4805 1366 4854 est
1380 4799 1527 4869 corrumpi
1543 4805 1647 4869 potest,
1664 4805 1693 4854 et
1708 4799 1805 4853 habita
1824 4799 1906 4853 simi·

155 4868 258 4924 Christi
282 4872 417 4937 eorpuset
439 4871 793 4938 sonpeeessuperpeieeenus
817 4870 1001 4937 considerato,
1055 4870 1121 4925 liter
1149 4871 1261 4926 ratioua
1294 4870 1407 4925 virtutis
1436 4875 1464 4924 et
1488 4869 1647 4923 sanctitatis
1677 4869 1730 4923 sibi
1751 4870 1864 4924 collatas
1890 4886 1907 4924 s

155 4943 281 4993 erectum
307 4944 345 4992 est
376 4939 556 4993 mutabilitati
578 4940 787 5009 urruptetaque
811 4941 941 5008 subtecto.
968 4942 1003 4997 Si
1055 4941 1180 5008 Christo,
1196 4939 1291 4995 eradit
1302 4940 1367 4995 fons
1388 4945 1417 4995 et
1428 4941 1573 5010 scaturigo
1596 4940 1660 4993 vitae
1682 4946 1710 4994 et
1731 4940 1906 4994 immortali·

155 5008 664 5135 ut'sttuitetttttttttu
680 5013 1001 5135 tttt'ctttttt
1054 5010 1904 5151 ttiuussattutttutltutttuuttutttt·

155 5149 317 5221 intelligere
341 5149 423 5203 facile
446 5155 489 5204 est
511 5165 571 5204 uon
595 5149 711 5220 proprie
726 5155 756 5205 et
771 5167 805 5204 ex
826 5151 1001 5223 omniparis
1055 5153 1138 5207 niens
1153 5152 1197 5218 sil,
1229 5157 1278 5206 aut
1296 5151 1372 5223 quod
1393 5151 1453 5205 ulla
1477 5151 1588 5205 ratione
1602 5152 1720 5206 somniis
1744 5153 1907 5206 Protestan·

1057 3744 1127 3799 tiam
1148 3759 1208 3798 nou
1227 3742 1342 3810 habere,
1371 3741 1451 3823 qnasi
1477 3747 1570 3797 essent
1592 3757 1637 3798 res
1661 3758 1761 3812 reapse
1777 3743 1907 3811 diuersas,

1060 3829 1116 3869 nno
1131 3813 1216 3869 verbo
1231 3813 1271 3868 rei
1287 3812 1371 3867 onius
1386 3828 1416 3867 m
1432 3812 1551 3867 alteram
1578 3814 1767 3868 mutationem
1794 3814 1906 3869 contin·

1059 3900 1139 3955 gere:
1163 3900 1216 3939 nec
1231 3900 1312 3954 posse
1333 3881 1389 3939 dici
1408 3889 1458 3938 aut
1486 3883 1607 3954 cogitari
1631 3883 1692 3937 sine
1717 3883 1837 3939 crimine
1856 3902 1907 3940 seu

1058 3956 1166 4026 absque
1190 3956 1273 4025 culpa
1288 3959 1316 4008 et
1335 3962 1449 4024 peccato
1465 3970 1569 4025 corpus
1589 3954 1695 4009 Christi
1711 3954 1752 4009 ibi
1766 3970 1823 4008 non
1840 3972 1906 4025 per·

1058 4040 1185 4081 manere.
1199 4025 1304 4081 Sensus
1319 4024 1507 4095 igiturnostri
1524 4025 1672 4080 Ratremni
1687 4025 1725 4078 sit
1737 4041 1853 4079 neccsse
1864 4029 1908 4080 est

1059 4096 1147 4167 (quod
1165 4095 1309 4166 conceptis
1325 4094 1418 4150 uerbis
1432 4111 1596 4167 expressum
1613 4101 1669 4150 est:
1685 4111 1782 4166 corpus
1796 4101 1821 4149 ct
1838 4112 1905 4150 son·

1057 4169 1165 4235 quinem
1184 4168 1260 4221 lesus
1285 4165 1394 4221 Christi
1414 4181 1469 4220 csse
1492 4167 1686 4236 compelluntur
1705 4181 1813 4233 uapore,
1835 4166 1908 4237 quod

156 5222 247 5272 totam
275 5218 474 5274 eucharistiam
505 5220 692 5275 Ratramunm
719 5220 848 5276 conterre
880 5237 913 5275 eo
947 5221 1002 5276 loci
1055 5222 1127 5277 tium
1152 5222 1309 5293 propitium
1334 5221 1424 5276 videri
1448 5222 1546 5293 possit.
1574 5222 1668 5295 anue
1683 5222 1766 5293 Juvat
1781 5222 1906 5276 maxime

155 5301 220 5368 cum
235 5290 387 5361 baptismo,
410 5290 459 5345 sed
482 5305 585 5372 corpus
605 5295 634 5345 et
648 5291 818 5363 sanguinem
842 5291 1002 5348 lesuChri·
1055 5293 1195 5364 applicata
1218 5292 1372 5347 transferre
1405 5298 1434 5346 et
1463 5300 1569 5358 mente,
1598 5293 1628 5346 in
1659 5293 1904 5363 comparationem

156 5361 191 5436 stt
205 5374 270 5426 quae
289 5365 356 5416 suot
375 5361 405 5414 iu
427 5360 608 5426 eucharistia,
634 5365 665 5416 ut
688 5377 756 5417 mox
771 5361 841 5416 dixit
860 5377 924 5434 quae
950 5364 1000 5418 ba·
1055 5378 1142 5435 qnam
1156 5362 1512 5433 instituitoorporishujns
1528 5363 1632 5419 Christi
1644 5378 1707 5417 curn
1727 5363 1814 5421 nube.
1832 5364 1906 5416 utari

155 5425 214 5481 bita
238 5428 348 5508 ratione
372 5431 545 5487 conditionis
566 5447 623 5505 qua
646 5433 777 5488 sensibus
797 5433 1000 5503 subjiciuntur,
1056 5435 1161 5499 lluhro,
1175 5450 1251 5505 aqua
1267 5449 1283 5488 e
1297 5434 1501 5504 petraedncts,
1518 5448 1625 5489 manna
1640 5434 1782 5488 inarenas
1797 5433 1906 5488 deserti

156 5500 334 5568 corruptioni
353 5501 476 5557 obnoxia
498 5507 576 5569 sunt,
602 5507 631 5558 et
645 5502 870 5559 habitatatione
888 5502 1002 5559 virtutis
1054 5505 1172 5560 cadente
1193 5523 1201 5573 ;
1217 5519 1334 5559 -num
1349 5506 1395 5570 20,
1406 5505 1452 5572 tt,
1467 5506 1512 5570 22,
1528 5505 1572 5567 2³,
1587 5504 1622 5558 ot
1636 5510 1665 5558 et
1676 5507 1721 5558 εὔ.
