<?xml version="1.0" encoding="UTF-8"?>
<!DOCTYPE html PUBLIC "-//W3C//DTD XHTML 1.0 Transitional//EN"
    "http://www.w3.org/TR/xhtml1/DTD/xhtml1-transitional.dtd">
<html xmlns="http://www.w3.org/1999/xhtml" xml:lang="en" lang="en">
 <head>
  <title>
</title>
<meta http-equiv="Content-Type" content="text/html;charset=utf-8" />
  <meta name='ocr-system' content='tesseract 3.04.00' />
  <meta name='ocr-capabilities' content='ocr_page ocr_carea ocr_par ocr_line ocrx_word'/>
</head>
<body>
  <div class='ocr_page' id='page_1' title='image "./patrologiaecurs04unkngoog_0296.png"; bbox 0 0 3930 6098; ppageno 0'>
   <div class='ocr_carea' id='block_1_1' title="bbox 683 266 1752 334">
    <p class='ocr_par' dir='ltr' id='par_1_1' title="bbox 683 266 1752 334">
     <span class='ocr_line' id='line_1_1' title="bbox 683 266 1752 334; baseline 0.011 -12"><span class='ocrx_word' id='word_1_1' title='bbox 683 266 868 324; x_wconf 81' lang='lat' dir='ltr'>lnulcnltls</span> <span class='ocrx_word' id='word_1_2' title='bbox 887 266 1093 326; x_wconf 73' lang='lat' dir='ltr'>luminosus.</span> <span class='ocrx_word' id='word_1_3' title='bbox 1700 280 1752 334; x_wconf 75' lang='grc'>546</span> 
     </span>
    </p>
   </div>
   <div class='ocr_carea' id='block_1_2' title="bbox 85 400 1749 474">
    <p class='ocr_par' dir='ltr' id='par_1_2' title="bbox 85 400 1749 474">
     <span class='ocr_line' id='line_1_2' title="bbox 85 400 1749 474; baseline 0.007 -19"><span class='ocrx_word' id='word_1_4' title='bbox 85 406 231 455; x_wconf 81' lang='lat' dir='ltr'>momenta</span> <span class='ocrx_word' id='word_1_5' title='bbox 269 400 465 454; x_wconf 77' lang='lat' dir='ltr'>indesinenter</span> <span class='ocrx_word' id='word_1_6' title='bbox 496 401 614 455; x_wconf 89' lang='lat' dir='ltr'>verbum</span> <span class='ocrx_word' id='word_1_7' title='bbox 642 402 701 470; x_wconf 84' lang='lat' dir='ltr'>jam</span> <span class='ocrx_word' id='word_1_8' title='bbox 739 401 846 456; x_wconf 86' lang='lat' dir='ltr'>dictum</span> <span class='ocrx_word' id='word_1_9' title='bbox 867 404 885 456; x_wconf 85' lang='grc' dir='ltr'>Α</span> <span class='ocrx_word' id='word_1_10' title='bbox 906 419 991 471; x_wconf 90' lang='lat' dir='ltr'>super</span> <span class='ocrx_word' id='word_1_11' title='bbox 1014 403 1089 474; x_wconf 91' lang='lat' dir='ltr'>quod</span> <span class='ocrx_word' id='word_1_12' title='bbox 1106 402 1162 474; x_wconf 88' lang='lat' dir='ltr'>legi</span> <span class='ocrx_word' id='word_1_13' title='bbox 1185 403 1297 458; x_wconf 87' lang='lat' dir='ltr'>Domini</span> <span class='ocrx_word' id='word_1_14' title='bbox 1318 406 1495 462; x_wconf 87' lang='lat' dir='ltr'>auctoritatis</span> <span class='ocrx_word' id='word_1_15' title='bbox 1510 408 1652 466; x_wconf 88' lang='lat' dir='ltr'>elevatum</span> <span class='ocrx_word' id='word_1_16' title='bbox 1668 429 1749 467; x_wconf 90' lang='lat' dir='ltr'>cacu-</span> 
     </span>
    </p>
   </div>
   <div class='ocr_carea' id='block_1_3' title="bbox 618 352 635 384">
    <p class='ocr_par' dir='ltr' id='par_1_3' title="bbox 618 352 635 384">
     <span class='ocr_line' id='line_1_3' title="bbox 618 352 635 384; baseline 0 0"><span class='ocrx_word' id='word_1_17' title='bbox 618 352 635 384; x_wconf 76' lang='lat'>0</span> 
     </span>
    </p>
   </div>
   <div class='ocr_carea' id='block_1_4' title="bbox 84 489 847 1626">
    <p class='ocr_par' dir='ltr' id='par_1_4' title="bbox 84 489 847 1626">
     <span class='ocr_line' id='line_1_4' title="bbox 85 489 846 557; baseline 0 -13"><span class='ocrx_word' id='word_1_18' title='bbox 85 496 135 544; x_wconf 93' lang='lat' dir='ltr'>unt</span> <span class='ocrx_word' id='word_1_19' title='bbox 164 506 170 543; x_wconf 93' lang='lat'><strong>:</strong></span> <span class='ocrx_word' id='word_1_20' title='bbox 200 496 228 543; x_wconf 89' lang='lat' dir='ltr'>et</span> <span class='ocrx_word' id='word_1_21' title='bbox 256 490 309 544; x_wconf 90' lang='lat' dir='ltr'>boc</span> <span class='ocrx_word' id='word_1_22' title='bbox 338 489 528 554; x_wconf 79' lang='lat' dir='ltr'>familiariter,</span> <span class='ocrx_word' id='word_1_23' title='bbox 556 491 740 556; x_wconf 73' lang='lat' dir='ltr'>praeconabili</span> <span class='ocrx_word' id='word_1_24' title='bbox 769 507 846 557; x_wconf 86' lang='lat' dir='ltr'>voce,</span> 
     </span>
     <span class='ocr_line' id='line_1_5' title="bbox 88 579 847 650; baseline 0.004 -19"><span class='ocrx_word' id='word_1_25' title='bbox 88 579 184 633; x_wconf 89' lang='lat' dir='ltr'>mibus</span> <span class='ocrx_word' id='word_1_26' title='bbox 206 584 234 632; x_wconf 84' lang='lat' dir='ltr'>et</span> <span class='ocrx_word' id='word_1_27' title='bbox 257 579 385 632; x_wconf 88' lang='lat' dir='ltr'>turribus</span> <span class='ocrx_word' id='word_1_28' title='bbox 405 579 541 647; x_wconf 87' lang='lat' dir='ltr'>clamant,</span> <span class='ocrx_word' id='word_1_29' title='bbox 558 580 698 650; x_wconf 88' lang='lat' dir='ltr'>replicant</span> <span class='ocrx_word' id='word_1_30' title='bbox 721 585 748 633; x_wconf 93' lang='lat' dir='ltr'>et</span> <span class='ocrx_word' id='word_1_31' title='bbox 769 597 847 649; x_wconf 82' lang='lat' dir='ltr'>proe-</span> 
     </span>
     <span class='ocr_line' id='line_1_6' title="bbox 84 668 846 739; baseline -0.001 -17"><span class='ocrx_word' id='word_1_32' title='bbox 84 673 115 723; x_wconf 86' lang='lat' dir='ltr'>it.</span> <span class='ocrx_word' id='word_1_33' title='bbox 151 669 184 722; x_wconf 87' lang='lat' dir='ltr'>Et</span> <span class='ocrx_word' id='word_1_34' title='bbox 216 668 266 739; x_wconf 88' lang='lat' dir='ltr'>qni</span> <span class='ocrx_word' id='word_1_35' title='bbox 299 684 351 739; x_wconf 90' lang='lat' dir='ltr'>per</span> <span class='ocrx_word' id='word_1_36' title='bbox 385 671 475 722; x_wconf 90' lang='lat' dir='ltr'>multa</span> <span class='ocrx_word' id='word_1_37' title='bbox 508 668 619 733; x_wconf 83' lang='lat' dir='ltr'>defluit,</span> <span class='ocrx_word' id='word_1_38' title='bbox 653 674 682 722; x_wconf 90' lang='lat' dir='ltr'>et</span> <span class='ocrx_word' id='word_1_39' title='bbox 715 669 846 739; x_wconf 81' lang='lat' dir='ltr'>deliquii,</span> 
     </span>
     <span class='ocr_line' id='line_1_7' title="bbox 85 756 847 828; baseline 0.001 -18"><span class='ocrx_word' id='word_1_40' title='bbox 85 756 149 810; x_wconf 87' lang='lat' dir='ltr'>ultis</span> <span class='ocrx_word' id='word_1_41' title='bbox 181 773 252 828; x_wconf 88' lang='lat' dir='ltr'>quos</span> <span class='ocrx_word' id='word_1_42' title='bbox 286 759 348 828; x_wconf 92' lang='lat' dir='ltr'>ipse</span> <span class='ocrx_word' id='word_1_43' title='bbox 381 757 508 827; x_wconf 81' lang='lat' dir='ltr'>perdidit</span> <span class='ocrx_word' id='word_1_44' title='bbox 543 763 572 811; x_wconf 91' lang='lat' dir='ltr'>et</span> <span class='ocrx_word' id='word_1_45' title='bbox 606 757 748 828; x_wconf 82' lang='lat' dir='ltr'>frequenti</span> <span class='ocrx_word' id='word_1_46' title='bbox 781 775 847 811; x_wconf 89' lang='lat' dir='ltr'>ora-</span> 
     </span>
     <span class='ocr_line' id='line_1_8' title="bbox 93 845 846 916; baseline 0 -16"><span class='ocrx_word' id='word_1_47' title='bbox 93 845 320 900; x_wconf 85' lang='lat' dir='ltr'>ccmmendalur.</span> <span class='ocrx_word' id='word_1_48' title='bbox 337 845 392 900; x_wconf 87' lang='lat' dir='ltr'>Sed</span> <span class='ocrx_word' id='word_1_49' title='bbox 407 845 588 900; x_wconf 85' lang='lat' dir='ltr'>orationibus</span> <span class='ocrx_word' id='word_1_50' title='bbox 602 853 846 916; x_wconf 81' lang='lat' dir='ltr'>transgressorum</span> 
     </span>
     <span class='ocr_line' id='line_1_9' title="bbox 85 934 845 1006; baseline 0.001 -18"><span class='ocrx_word' id='word_1_51' title='bbox 85 934 161 988; x_wconf 90' lang='lat' dir='ltr'>inou</span> <span class='ocrx_word' id='word_1_52' title='bbox 180 935 294 1005; x_wconf 88' lang='lat' dir='ltr'>poterit,</span> <span class='ocrx_word' id='word_1_53' title='bbox 312 935 362 1006; x_wconf 91' lang='lat' dir='ltr'>qui</span> <span class='ocrx_word' id='word_1_54' title='bbox 382 939 517 1006; x_wconf 81' lang='lat' dir='ltr'>rogantes</span> <span class='ocrx_word' id='word_1_55' title='bbox 536 952 588 1006; x_wconf 92' lang='lat' dir='ltr'>pro</span> <span class='ocrx_word' id='word_1_56' title='bbox 612 952 642 989; x_wconf 88' lang='lat' dir='ltr'>se</span> <span class='ocrx_word' id='word_1_57' title='bbox 666 952 700 989; x_wconf 88' lang='lat' dir='ltr'>ne</span> <span class='ocrx_word' id='word_1_58' title='bbox 725 936 845 991; x_wconf 83' lang='lat' dir='ltr'>exaudi·</span> 
     </span>
     <span class='ocr_line' id='line_1_10' title="bbox 85 1023 844 1094; baseline 0.003 -18"><span class='ocrx_word' id='word_1_59' title='bbox 85 1023 216 1076; x_wconf 89' lang='lat' dir='ltr'>rerroris</span> <span class='ocrx_word' id='word_1_60' title='bbox 234 1023 277 1076; x_wconf 89' lang='lat' dir='ltr'>sui</span> <span class='ocrx_word' id='word_1_61' title='bbox 294 1023 461 1094; x_wconf 88' lang='lat' dir='ltr'>deceptione</span> <span class='ocrx_word' id='word_1_62' title='bbox 482 1024 607 1078; x_wconf 79' lang='lat' dir='ltr'>caecavit.</span> <span class='ocrx_word' id='word_1_63' title='bbox 631 1025 729 1079; x_wconf 87' lang='lat' dir='ltr'>Omnis</span> <span class='ocrx_word' id='word_1_64' title='bbox 749 1029 844 1078; x_wconf 82' lang='lat' dir='ltr'>nmen</span> 
     </span>
     <span class='ocr_line' id='line_1_11' title="bbox 85 1111 844 1182; baseline -0.001 -16"><span class='ocrx_word' id='word_1_65' title='bbox 85 1111 151 1166; x_wconf 89' lang='lat' dir='ltr'>dolo</span> <span class='ocrx_word' id='word_1_66' title='bbox 179 1111 321 1182; x_wconf 82' lang='lat' dir='ltr'>exquisita</span> <span class='ocrx_word' id='word_1_67' title='bbox 351 1112 496 1178; x_wconf 88' lang='lat' dir='ltr'>doctrina,</span> <span class='ocrx_word' id='word_1_68' title='bbox 523 1113 609 1167; x_wconf 87' lang='lat' dir='ltr'>verbe</span> <span class='ocrx_word' id='word_1_69' title='bbox 637 1119 704 1167; x_wconf 90' lang='lat' dir='ltr'>suut</span> <span class='ocrx_word' id='word_1_70' title='bbox 733 1113 844 1177; x_wconf 91' lang='lat' dir='ltr'>mollia,</span> 
     </span>
     <span class='ocr_line' id='line_1_12' title="bbox 109 1200 845 1271; baseline 0.003 -17"><span class='ocrx_word' id='word_1_71' title='bbox 109 1200 215 1254; x_wconf 88' lang='lat' dir='ltr'>caduca</span> <span class='ocrx_word' id='word_1_72' title='bbox 239 1202 438 1271; x_wconf 81' lang='lat' dir='ltr'>promittens·</span> <span class='ocrx_word' id='word_1_73' title='bbox 458 1209 487 1257; x_wconf 89' lang='lat' dir='ltr'>et</span> <span class='ocrx_word' id='word_1_74' title='bbox 505 1203 592 1269; x_wconf 87' lang='lat' dir='ltr'>llura,</span> <span class='ocrx_word' id='word_1_75' title='bbox 614 1203 680 1257; x_wconf 90' lang='lat' dir='ltr'>labii</span> <span class='ocrx_word' id='word_1_76' title='bbox 697 1208 725 1257; x_wconf 90' lang='lat' dir='ltr'>et</span> <span class='ocrx_word' id='word_1_77' title='bbox 740 1203 845 1256; x_wconf 88' lang='lat' dir='ltr'>inlece-</span> 
     </span>
     <span class='ocr_line' id='line_1_13' title="bbox 100 1288 846 1361; baseline 0.001 -19"><span class='ocrx_word' id='word_1_78' title='bbox 100 1288 216 1343; x_wconf 90' lang='lat' dir='ltr'>dulcore</span> <span class='ocrx_word' id='word_1_79' title='bbox 232 1296 348 1344; x_wconf 89' lang='lat' dir='ltr'>manent</span> <span class='ocrx_word' id='word_1_80' title='bbox 363 1296 511 1361; x_wconf 86' lang='lat' dir='ltr'>compacta</span> <span class='ocrx_word' id='word_1_81' title='bbox 528 1307 535 1344; x_wconf 94' lang='lat'>:</span> <span class='ocrx_word' id='word_1_82' title='bbox 552 1292 594 1344; x_wconf 82' lang='lat' dir='ltr'>vel</span> <span class='ocrx_word' id='word_1_83' title='bbox 612 1291 696 1345; x_wconf 86' lang='lat' dir='ltr'>rerba</span> <span class='ocrx_word' id='word_1_84' title='bbox 716 1289 765 1344; x_wconf 90' lang='lat' dir='ltr'>illa</span> <span class='ocrx_word' id='word_1_85' title='bbox 780 1294 846 1344; x_wconf 86' lang='lat' dir='ltr'>sunl</span> 
     </span>
     <span class='ocr_line' id='line_1_14' title="bbox 85 1379 845 1451; baseline 0 -20"><span class='ocrx_word' id='word_1_86' title='bbox 85 1394 108 1440; x_wconf 83' lang='lat' dir='ltr'>a,</span> <span class='ocrx_word' id='word_1_87' title='bbox 129 1394 193 1449; x_wconf 76' lang='lat' dir='ltr'>qum</span> <span class='ocrx_word' id='word_1_88' title='bbox 213 1385 415 1449; x_wconf 81' lang='lat' dir='ltr'>argumentose</span> <span class='ocrx_word' id='word_1_89' title='bbox 440 1385 469 1433; x_wconf 87' lang='lat' dir='ltr'>et</span> <span class='ocrx_word' id='word_1_90' title='bbox 490 1380 630 1451; x_wconf 85' lang='lat' dir='ltr'>exquisite</span> <span class='ocrx_word' id='word_1_91' title='bbox 655 1379 684 1433; x_wconf 91' lang='lat' dir='ltr'>in</span> <span class='ocrx_word' id='word_1_92' title='bbox 709 1379 771 1451; x_wconf 87' lang='lat' dir='ltr'>lege</span> <span class='ocrx_word' id='word_1_93' title='bbox 796 1379 845 1432; x_wconf 87' lang='lat' dir='ltr'>ille</span> 
     </span>
     <span class='ocr_line' id='line_1_15' title="bbox 85 1466 842 1537; baseline 0 -17"><span class='ocrx_word' id='word_1_94' title='bbox 85 1466 129 1521; x_wconf 82' lang='lat' dir='ltr'>vili</span> <span class='ocrx_word' id='word_1_95' title='bbox 143 1468 289 1520; x_wconf 89' lang='lat' dir='ltr'>somnians</span> <span class='ocrx_word' id='word_1_96' title='bbox 305 1467 448 1521; x_wconf 81' lang='lat' dir='ltr'>fabulavit.</span> <span class='ocrx_word' id='word_1_97' title='bbox 468 1469 500 1522; x_wconf 86' lang='lat' dir='ltr'>Et</span> <span class='ocrx_word' id='word_1_98' title='bbox 513 1469 586 1522; x_wconf 90' lang='lat' dir='ltr'>sicut</span> <span class='ocrx_word' id='word_1_99' title='bbox 600 1469 646 1522; x_wconf 85' lang='lat' dir='ltr'>lex</span> <span class='ocrx_word' id='word_1_100' title='bbox 663 1468 713 1523; x_wconf 85' lang='lat' dir='ltr'>Dei</span> <span class='ocrx_word' id='word_1_101' title='bbox 724 1467 842 1537; x_wconf 90' lang='lat' dir='ltr'>angelis,</span> 
     </span>
     <span class='ocr_line' id='line_1_16' title="bbox 85 1555 845 1626; baseline 0.001 -17"><span class='ocrx_word' id='word_1_102' title='bbox 85 1555 232 1626; x_wconf 78' lang='lat' dir='ltr'>libusque,</span> <span class='ocrx_word' id='word_1_103' title='bbox 252 1572 283 1610; x_wconf 81' lang='lat' dir='ltr'>ex</span> <span class='ocrx_word' id='word_1_104' title='bbox 304 1556 473 1610; x_wconf 89' lang='lat' dir='ltr'>auctoritate</span> <span class='ocrx_word' id='word_1_105' title='bbox 501 1558 647 1611; x_wconf 82' lang='lat' dir='ltr'>bantinice</span> <span class='ocrx_word' id='word_1_106' title='bbox 666 1556 845 1622; x_wconf 67' lang='lat' dir='ltr'>interstite</span> 
     </span>
    </p>
   </div>
   <div class='ocr_carea' id='block_1_5' title="bbox 896 491 1750 1625">
    <p class='ocr_par' dir='ltr' id='par_1_5' title="bbox 900 491 1750 1094">
     <span class='ocr_line' id='line_1_17' title="bbox 902 491 1750 572; baseline 0.012 -28"><span class='ocrx_word' id='word_1_107' title='bbox 902 491 980 545; x_wconf 86' lang='lat' dir='ltr'>mine</span> <span class='ocrx_word' id='word_1_108' title='bbox 1007 491 1095 555; x_wconf 90' lang='lat' dir='ltr'>videt,</span> <span class='ocrx_word' id='word_1_109' title='bbox 1125 507 1177 545; x_wconf 88' lang='lat' dir='ltr'>nec</span> <span class='ocrx_word' id='word_1_110' title='bbox 1201 504 1216 546; x_wconf 79' lang='lat' dir='ltr'>a</span> <span class='ocrx_word' id='word_1_111' title='bbox 1240 493 1468 550; x_wconf 84' lang='lat' dir='ltr'>additamentum</span> <span class='ocrx_word' id='word_1_112' title='bbox 1492 496 1640 552; x_wconf 80' lang='lat' dir='ltr'>incurrens</span> <span class='ocrx_word' id='word_1_113' title='bbox 1666 517 1750 572; x_wconf 87' lang='lat' dir='ltr'>super</span> 
     </span>
     <span class='ocr_line' id='line_1_18' title="bbox 902 577 1747 659; baseline 0.017 -29"><span class='ocrx_word' id='word_1_114' title='bbox 902 577 1058 648; x_wconf 80' lang='lat' dir='ltr'>superbiae;</span> <span class='ocrx_word' id='word_1_115' title='bbox 1076 586 1151 633; x_wconf 89' lang='lat' dir='ltr'>recte</span> <span class='ocrx_word' id='word_1_116' title='bbox 1167 581 1322 635; x_wconf 77' lang='lat' dir='ltr'>leviathan</span> <span class='ocrx_word' id='word_1_117' title='bbox 1343 583 1424 637; x_wconf 87' lang='lat' dir='ltr'>istius</span> <span class='ocrx_word' id='word_1_118' title='bbox 1448 585 1588 655; x_wconf 82' lang='lat' dir='ltr'>figuretur</span> <span class='ocrx_word' id='word_1_119' title='bbox 1603 605 1747 659; x_wconf 89' lang='lat' dir='ltr'>corpore:</span> 
     </span>
     <span class='ocr_line' id='line_1_19' title="bbox 902 668 1748 745; baseline 0.015 -25"><span class='ocrx_word' id='word_1_120' title='bbox 902 668 971 738; x_wconf 86' lang='lat' dir='ltr'>quia</span> <span class='ocrx_word' id='word_1_121' title='bbox 984 683 1045 737; x_wconf 87' lang='lat' dir='ltr'>spes</span> <span class='ocrx_word' id='word_1_122' title='bbox 1059 669 1243 736; x_wconf 75' lang='lat' dir='ltr'>frustrabitur</span> <span class='ocrx_word' id='word_1_123' title='bbox 1260 671 1339 724; x_wconf 85' lang='lat' dir='ltr'>illum</span> <span class='ocrx_word' id='word_1_124' title='bbox 1354 688 1471 726; x_wconf 88' lang='lat' dir='ltr'>manum</span> <span class='ocrx_word' id='word_1_125' title='bbox 1491 675 1602 745; x_wconf 87' lang='lat' dir='ltr'>opilicis</span> <span class='ocrx_word' id='word_1_126' title='bbox 1617 679 1748 744; x_wconf 77' lang='lat' dir='ltr'>eradere,</span> 
     </span>
     <span class='ocr_line' id='line_1_20' title="bbox 902 757 1748 829; baseline 0.013 -20"><span class='ocrx_word' id='word_1_127' title='bbox 902 764 931 808; x_wconf 89' lang='lat' dir='ltr'>ct</span> <span class='ocrx_word' id='word_1_128' title='bbox 944 762 1085 810; x_wconf 78' lang='lat' dir='ltr'>aternum</span> <span class='ocrx_word' id='word_1_129' title='bbox 1101 757 1275 828; x_wconf 88' lang='lat' dir='ltr'>supplicium</span> <span class='ocrx_word' id='word_1_130' title='bbox 1292 760 1387 829; x_wconf 86' lang='lat' dir='ltr'>augeli</span> <span class='ocrx_word' id='word_1_131' title='bbox 1403 761 1545 816; x_wconf 88' lang='lat' dir='ltr'>tenebrosi</span> <span class='ocrx_word' id='word_1_132' title='bbox 1558 763 1708 819; x_wconf 85' lang='lat' dir='ltr'>delusione</span> <span class='ocrx_word' id='word_1_133' title='bbox 1719 782 1748 820; x_wconf 87' lang='lat' dir='ltr'>sc</span> 
     </span>
     <span class='ocr_line' id='line_1_21' title="bbox 902 845 1749 925; baseline 0.013 -27"><span class='ocrx_word' id='word_1_134' title='bbox 902 845 1031 911; x_wconf 84' lang='lat' dir='ltr'>extimat,</span> <span class='ocrx_word' id='word_1_135' title='bbox 1048 861 1107 899; x_wconf 92' lang='lat' dir='ltr'>non</span> <span class='ocrx_word' id='word_1_136' title='bbox 1125 846 1241 900; x_wconf 86' lang='lat' dir='ltr'>teneri:</span> <span class='ocrx_word' id='word_1_137' title='bbox 1262 863 1311 899; x_wconf 89' lang='lat' dir='ltr'>seu</span> <span class='ocrx_word' id='word_1_138' title='bbox 1333 863 1380 916; x_wconf 86' lang='lat' dir='ltr'>spe</span> <span class='ocrx_word' id='word_1_139' title='bbox 1402 850 1451 903; x_wconf 82' lang='lat' dir='ltr'>illa</span> <span class='ocrx_word' id='word_1_140' title='bbox 1473 852 1665 921; x_wconf 72' lang='lat' dir='ltr'>frustrabitur,</span> <span class='ocrx_word' id='word_1_141' title='bbox 1691 871 1749 925; x_wconf 88' lang='lat' dir='ltr'>qua</span> 
     </span>
     <span class='ocr_line' id='line_1_22' title="bbox 901 934 1749 1013; baseline 0.013 -27"><span class='ocrx_word' id='word_1_142' title='bbox 901 949 930 986; x_wconf 90' lang='lat' dir='ltr'>se</span> <span class='ocrx_word' id='word_1_143' title='bbox 951 934 1041 988; x_wconf 90' lang='lat' dir='ltr'>credit</span> <span class='ocrx_word' id='word_1_144' title='bbox 1064 935 1207 1004; x_wconf 81' lang='lat' dir='ltr'>passivam</span> <span class='ocrx_word' id='word_1_145' title='bbox 1230 935 1377 990; x_wconf 87' lang='lat' dir='ltr'>libidinem</span> <span class='ocrx_word' id='word_1_146' title='bbox 1402 937 1431 990; x_wconf 94' lang='lat' dir='ltr'>in</span> <span class='ocrx_word' id='word_1_147' title='bbox 1456 937 1552 993; x_wconf 84' lang='lat' dir='ltr'>futuro</span> <span class='ocrx_word' id='word_1_148' title='bbox 1573 944 1677 995; x_wconf 80' lang='lat' dir='ltr'>saeculo</span> <span class='ocrx_word' id='word_1_149' title='bbox 1697 959 1749 1013; x_wconf 88' lang='lat' dir='ltr'>per</span> 
     </span>
     <span class='ocr_line' id='line_1_23' title="bbox 900 1021 1497 1094; baseline 0.005 -18"><span class='ocrx_word' id='word_1_150' title='bbox 900 1021 1010 1076; x_wconf 83' lang='lat' dir='ltr'>diverse</span> <span class='ocrx_word' id='word_1_151' title='bbox 1024 1028 1116 1077; x_wconf 89' lang='lat' dir='ltr'>scorta</span> <span class='ocrx_word' id='word_1_152' title='bbox 1131 1024 1210 1094; x_wconf 89' lang='lat' dir='ltr'>largo</span> <span class='ocrx_word' id='word_1_153' title='bbox 1227 1024 1392 1094; x_wconf 86' lang='lat' dir='ltr'>dispergere</span> <span class='ocrx_word' id='word_1_154' title='bbox 1408 1024 1497 1079; x_wconf 86' lang='lat' dir='ltr'>lluxu.</span> 
     </span>
    </p>

    <p class='ocr_par' dir='ltr' id='par_1_6' title="bbox 896 1110 1748 1625">
     <span class='ocr_line' id='line_1_24' title="bbox 935 1110 1746 1185; baseline 0.009 -21"><span class='ocrx_word' id='word_1_155' title='bbox 935 1112 980 1164; x_wconf 73' lang='lat' dir='ltr'>aa.</span> <span class='ocrx_word' id='word_1_156' title='bbox 1011 1110 1172 1166; x_wconf 83' lang='lat' dir='ltr'>Videntr&#39;bus</span> <span class='ocrx_word' id='word_1_157' title='bbox 1196 1115 1310 1179; x_wconf 76' lang='lat' dir='ltr'>curretis,</span> <span class='ocrx_word' id='word_1_158' title='bbox 1340 1112 1448 1180; x_wconf 89' lang='lat' dir='ltr'>clectis,</span> <span class='ocrx_word' id='word_1_159' title='bbox 1478 1119 1507 1168; x_wconf 89' lang='lat' dir='ltr'>et</span> <span class='ocrx_word' id='word_1_160' title='bbox 1536 1116 1673 1185; x_wconf 85' lang='lat' dir='ltr'>reprobis,</span> <span class='ocrx_word' id='word_1_161' title='bbox 1704 1119 1746 1172; x_wconf 93' lang='lat' dir='ltr'>vel</span> 
     </span>
     <span class='ocr_line' id='line_1_25' title="bbox 900 1198 1746 1272; baseline 0.011 -20"><span class='ocrx_word' id='word_1_162' title='bbox 900 1214 974 1270; x_wconf 90' lang='lat' dir='ltr'>quos</span> <span class='ocrx_word' id='word_1_163' title='bbox 989 1198 1110 1269; x_wconf 89' lang='lat' dir='ltr'>decepit,</span> <span class='ocrx_word' id='word_1_164' title='bbox 1125 1201 1345 1269; x_wconf 68' lang='lat' dir='ltr'>praecipitabitur</span> <span class='ocrx_word' id='word_1_165' title='bbox 1359 1201 1388 1254; x_wconf 90' lang='lat' dir='ltr'>iu</span> <span class='ocrx_word' id='word_1_166' title='bbox 1404 1207 1537 1272; x_wconf 86' lang='lat' dir='ltr'>stagnum</span> <span class='ocrx_word' id='word_1_167' title='bbox 1554 1202 1628 1272; x_wconf 87' lang='lat' dir='ltr'>ignis</span> <span class='ocrx_word' id='word_1_168' title='bbox 1641 1205 1746 1260; x_wconf 84' lang='lat' dir='ltr'>arden·</span> 
     </span>
     <span class='ocr_line' id='line_1_26' title="bbox 900 1287 1743 1361; baseline 0.011 -21"><span class='ocrx_word' id='word_1_169' title='bbox 900 1287 946 1341; x_wconf 88' lang='lat' dir='ltr'>tis.</span> <span class='ocrx_word' id='word_1_170' title='bbox 970 1288 1030 1343; x_wconf 87' lang='lat' dir='ltr'>Non</span> <span class='ocrx_word' id='word_1_171' title='bbox 1051 1291 1132 1357; x_wconf 85' lang='lat' dir='ltr'>quasi</span> <span class='ocrx_word' id='word_1_172' title='bbox 1160 1288 1278 1343; x_wconf 84' lang='lat' dir='ltr'>crudelis</span> <span class='ocrx_word' id='word_1_173' title='bbox 1303 1290 1440 1344; x_wconf 83' lang='lat' dir='ltr'>suscitabo</span> <span class='ocrx_word' id='word_1_174' title='bbox 1468 1306 1527 1344; x_wconf 89' lang='lat' dir='ltr'>cum</span> <span class='ocrx_word' id='word_1_175' title='bbox 1556 1292 1625 1359; x_wconf 74' lang='lat' dir='ltr'>(lob.</span> <span class='ocrx_word' id='word_1_176' title='bbox 1651 1309 1705 1361; x_wconf 82' lang='lat' dir='ltr'>rm,</span> <span class='ocrx_word' id='word_1_177' title='bbox 1732 1298 1743 1349; x_wconf 94' lang='lat' dir='ltr'>l</span> 
     </span>
     <span class='ocr_line' id='line_1_27' title="bbox 899 1376 1748 1450; baseline 0.007 -21"><span class='ocrx_word' id='word_1_178' title='bbox 899 1380 925 1429; x_wconf 88' lang='lat' dir='ltr'>et</span> <span class='ocrx_word' id='word_1_179' title='bbox 939 1376 1039 1447; x_wconf 68' lang='lat' dir='ltr'>seqq),</span> <span class='ocrx_word' id='word_1_180' title='bbox 1057 1382 1090 1430; x_wconf 93' lang='lat' dir='ltr'>ut</span> <span class='ocrx_word' id='word_1_181' title='bbox 1105 1382 1172 1446; x_wconf 88' lang='lat' dir='ltr'>pote</span> <span class='ocrx_word' id='word_1_182' title='bbox 1193 1377 1242 1448; x_wconf 88' lang='lat' dir='ltr'>qui</span> <span class='ocrx_word' id='word_1_183' title='bbox 1258 1378 1350 1447; x_wconf 89' lang='lat' dir='ltr'>magis</span> <span class='ocrx_word' id='word_1_184' title='bbox 1367 1377 1527 1432; x_wconf 89' lang='lat' dir='ltr'>misericors</span> <span class='ocrx_word' id='word_1_185' title='bbox 1548 1395 1601 1450; x_wconf 92' lang='lat' dir='ltr'>per</span> <span class='ocrx_word' id='word_1_186' title='bbox 1625 1395 1701 1448; x_wconf 89' lang='lat' dir='ltr'>eum,</span> <span class='ocrx_word' id='word_1_187' title='bbox 1719 1389 1748 1435; x_wconf 91' lang='lat' dir='ltr'>et</span> 
     </span>
     <span class='ocr_line' id='line_1_28' title="bbox 896 1465 1745 1538; baseline 0.006 -20"><span class='ocrx_word' id='word_1_188' title='bbox 896 1465 981 1535; x_wconf 87' lang='lat' dir='ltr'>justis</span> <span class='ocrx_word' id='word_1_189' title='bbox 996 1465 1126 1519; x_wconf 89' lang='lat' dir='ltr'>debitum</span> <span class='ocrx_word' id='word_1_190' title='bbox 1149 1465 1311 1536; x_wconf 83' lang='lat' dir='ltr'>praemium,</span> <span class='ocrx_word' id='word_1_191' title='bbox 1328 1471 1356 1520; x_wconf 92' lang='lat' dir='ltr'>et</span> <span class='ocrx_word' id='word_1_192' title='bbox 1372 1465 1485 1536; x_wconf 86' lang='lat' dir='ltr'>injustis</span> <span class='ocrx_word' id='word_1_193' title='bbox 1501 1474 1667 1538; x_wconf 89' lang='lat' dir='ltr'>competens</span> <span class='ocrx_word' id='word_1_194' title='bbox 1682 1484 1745 1523; x_wconf 88' lang='lat' dir='ltr'>me-</span> 
     </span>
     <span class='ocr_line' id='line_1_29' title="bbox 899 1553 1747 1625; baseline 0.006 -19"><span class='ocrx_word' id='word_1_195' title='bbox 899 1553 961 1607; x_wconf 90' lang='lat' dir='ltr'>ritis</span> <span class='ocrx_word' id='word_1_196' title='bbox 985 1553 1087 1624; x_wconf 90' lang='lat' dir='ltr'>inrogo</span> <span class='ocrx_word' id='word_1_197' title='bbox 1115 1554 1297 1624; x_wconf 90' lang='lat' dir='ltr'>supplicium.</span> <span class='ocrx_word' id='word_1_198' title='bbox 1323 1554 1389 1620; x_wconf 79' lang='lat' dir='ltr'>Quis</span> <span class='ocrx_word' id='word_1_199' title='bbox 1413 1557 1483 1609; x_wconf 85' lang='lat' dir='ltr'>enim</span> <span class='ocrx_word' id='word_1_200' title='bbox 1504 1559 1604 1625; x_wconf 84' lang='lat' dir='ltr'>poterit</span> <span class='ocrx_word' id='word_1_201' title='bbox 1623 1560 1747 1611; x_wconf 83' lang='lat' dir='ltr'>resistere</span> 
     </span>
    </p>
   </div>
   <div class='ocr_carea' id='block_1_6' title="bbox 85 1642 1745 1805">
    <p class='ocr_par' dir='ltr' id='par_1_7' title="bbox 85 1642 1745 1805">
     <span class='ocr_line' id='line_1_30' title="bbox 85 1642 1745 1716; baseline 0.004 -21"><span class='ocrx_word' id='word_1_202' title='bbox 85 1664 88 1695; x_wconf 74' lang='lat' dir='ltr'>r</span> <span class='ocrx_word' id='word_1_203' title='bbox 110 1644 228 1715; x_wconf 84' lang='lat' dir='ltr'>regione</span> <span class='ocrx_word' id='word_1_204' title='bbox 250 1645 358 1699; x_wconf 89' lang='lat' dir='ltr'>diaboli</span> <span class='ocrx_word' id='word_1_205' title='bbox 377 1647 511 1716; x_wconf 85' lang='lat' dir='ltr'>dogmata</span> <span class='ocrx_word' id='word_1_206' title='bbox 526 1645 717 1710; x_wconf 83' lang='lat' dir='ltr'>daemonibus,</span> <span class='ocrx_word' id='word_1_207' title='bbox 734 1650 763 1699; x_wconf 89' lang='lat' dir='ltr'>et</span> <span class='ocrx_word' id='word_1_208' title='bbox 778 1661 843 1715; x_wconf 91' lang='lat' dir='ltr'>per·</span> <span class='ocrx_word' id='word_1_209' title='bbox 899 1643 987 1696; x_wconf 85' lang='lat' dir='ltr'>uultui</span> <span class='ocrx_word' id='word_1_210' title='bbox 1000 1657 1067 1706; x_wconf 89' lang='lat' dir='ltr'>meo,</span> <span class='ocrx_word' id='word_1_211' title='bbox 1082 1658 1099 1695; x_wconf 89' lang='lat' dir='ltr'>a</span> <span class='ocrx_word' id='word_1_212' title='bbox 1113 1658 1170 1714; x_wconf 91' lang='lat' dir='ltr'>quo</span> <span class='ocrx_word' id='word_1_213' title='bbox 1191 1642 1251 1696; x_wconf 79' lang='lat' dir='ltr'>haec</span> <span class='ocrx_word' id='word_1_214' title='bbox 1272 1648 1380 1697; x_wconf 87' lang='lat' dir='ltr'>sacrata</span> <span class='ocrx_word' id='word_1_215' title='bbox 1396 1644 1550 1711; x_wconf 88' lang='lat' dir='ltr'>ordinatio,</span> <span class='ocrx_word' id='word_1_216' title='bbox 1569 1651 1597 1699; x_wconf 90' lang='lat' dir='ltr'>et</span> <span class='ocrx_word' id='word_1_217' title='bbox 1611 1646 1699 1716; x_wconf 84' lang='lat' dir='ltr'>justa,</span> <span class='ocrx_word' id='word_1_218' title='bbox 1715 1647 1745 1702; x_wconf 92' lang='lat' dir='ltr'>iu</span> 
     </span>
     <span class='ocr_line' id='line_1_31' title="bbox 85 1709 1745 1805; baseline 0.002 -18"><span class='ocrx_word' id='word_1_219' title='bbox 85 1709 265 1798; x_wconf 84' lang='lat' dir='ltr'>bominibus,</span> <span class='ocrx_word' id='word_1_220' title='bbox 289 1732 407 1787; x_wconf 83' lang='lat' dir='ltr'>verbum</span> <span class='ocrx_word' id='word_1_221' title='bbox 434 1733 501 1788; x_wconf 86' lang='lat' dir='ltr'>fidei</span> <span class='ocrx_word' id='word_1_222' title='bbox 527 1734 658 1803; x_wconf 87' lang='lat' dir='ltr'>porrigit,</span> <span class='ocrx_word' id='word_1_223' title='bbox 683 1733 792 1798; x_wconf 88' lang='lat' dir='ltr'>crebre,</span> <span class='ocrx_word' id='word_1_224' title='bbox 816 1739 845 1787; x_wconf 91' lang='lat' dir='ltr'>et</span> <span class='ocrx_word' id='word_1_225' title='bbox 864 1711 884 1765; x_wconf 77' lang='lat' dir='ltr'>B</span> <span class='ocrx_word' id='word_1_226' title='bbox 900 1730 1008 1784; x_wconf 89' lang='lat' dir='ltr'>mundo</span> <span class='ocrx_word' id='word_1_227' title='bbox 1028 1731 1176 1801; x_wconf 82' lang='lat' dir='ltr'>procedit?</span> <span class='ocrx_word' id='word_1_228' title='bbox 1199 1731 1298 1785; x_wconf 83' lang='lat' dir='ltr'>Nullus</span> <span class='ocrx_word' id='word_1_229' title='bbox 1314 1737 1399 1798; x_wconf 86' lang='lat' dir='ltr'>certe,</span> <span class='ocrx_word' id='word_1_230' title='bbox 1416 1733 1577 1787; x_wconf 88' lang='lat' dir='ltr'>misericors</span> <span class='ocrx_word' id='word_1_231' title='bbox 1592 1740 1620 1788; x_wconf 91' lang='lat' dir='ltr'>et</span> <span class='ocrx_word' id='word_1_232' title='bbox 1634 1735 1745 1805; x_wconf 86' lang='lat' dir='ltr'>patiens</span> 
     </span>
    </p>
   </div>
   <div class='ocr_carea' id='block_1_7' title="bbox 85 1822 843 2956">
    <p class='ocr_par' dir='ltr' id='par_1_8' title="bbox 85 1822 843 2956">
     <span class='ocr_line' id='line_1_32' title="bbox 85 1822 843 1886; baseline 0.009 -11"><span class='ocrx_word' id='word_1_233' title='bbox 85 1838 111 1877; x_wconf 89' lang='lat' dir='ltr'>re</span> <span class='ocrx_word' id='word_1_234' title='bbox 123 1823 219 1877; x_wconf 90' lang='lat' dir='ltr'>dicens</span> <span class='ocrx_word' id='word_1_235' title='bbox 235 1839 242 1875; x_wconf 74' lang='grc' dir='ltr'><strong><em>ε</em></strong></span> <span class='ocrx_word' id='word_1_236' title='bbox 258 1822 279 1876; x_wconf 92' lang='lat'>0</span> <span class='ocrx_word' id='word_1_237' title='bbox 295 1822 449 1876; x_wconf 84' lang='lat' dir='ltr'>multitudo</span> <span class='ocrx_word' id='word_1_238' title='bbox 465 1823 637 1886; x_wconf 85' lang='lat' dir='ltr'>daemamrm,</span> <span class='ocrx_word' id='word_1_239' title='bbox 649 1827 677 1876; x_wconf 89' lang='lat' dir='ltr'>et</span> <span class='ocrx_word' id='word_1_240' title='bbox 692 1826 843 1881; x_wconf 91' lang='lat' dir='ltr'>omnium:</span> 
     </span>
     <span class='ocr_line' id='line_1_33' title="bbox 97 1911 843 1980; baseline 0.007 -15"><span class='ocrx_word' id='word_1_241' title='bbox 97 1912 216 1965; x_wconf 78' lang='lat' dir='ltr'>Arabiae</span> <span class='ocrx_word' id='word_1_242' title='bbox 240 1911 344 1964; x_wconf 90' lang='lat' dir='ltr'>dicitur</span> <span class='ocrx_word' id='word_1_243' title='bbox 368 1927 374 1964; x_wconf 93' lang='lat'>:</span> <span class='ocrx_word' id='word_1_244' title='bbox 399 1911 580 1965; x_wconf 75' lang='lat' dir='ltr'>Lemaltascar</span> <span class='ocrx_word' id='word_1_245' title='bbox 605 1913 694 1980; x_wconf 77' lang='lat' dir='ltr'>cigna.</span> <span class='ocrx_word' id='word_1_246' title='bbox 716 1913 748 1966; x_wconf 88' lang='lat' dir='ltr'>Et</span> <span class='ocrx_word' id='word_1_247' title='bbox 770 1914 843 1970; x_wconf 93' lang='lat' dir='ltr'>bene</span> 
     </span>
     <span class='ocr_line' id='line_1_34' title="bbox 85 1999 842 2070; baseline 0.007 -18"><span class='ocrx_word' id='word_1_248' title='bbox 85 2015 95 2052; x_wconf 88' lang='lat' dir='ltr'>r</span> <span class='ocrx_word' id='word_1_249' title='bbox 115 1999 205 2070; x_wconf 90' lang='lat' dir='ltr'>ipsius</span> <span class='ocrx_word' id='word_1_250' title='bbox 228 2000 259 2052; x_wconf 92' lang='lat' dir='ltr'>in</span> <span class='ocrx_word' id='word_1_251' title='bbox 283 2016 351 2053; x_wconf 83' lang='lat' dir='ltr'>ustis</span> <span class='ocrx_word' id='word_1_252' title='bbox 375 2003 418 2053; x_wconf 89' lang='lat' dir='ltr'>est</span> <span class='ocrx_word' id='word_1_253' title='bbox 438 2001 451 2042; x_wconf 79' lang='lat' dir='ltr'>b</span> <span class='ocrx_word' id='word_1_254' title='bbox 472 2000 553 2070; x_wconf 88' lang='lat' dir='ltr'>qnasi</span> <span class='ocrx_word' id='word_1_255' title='bbox 570 2000 638 2054; x_wconf 87' lang='lat' dir='ltr'>avis.</span> <span class='ocrx_word' id='word_1_256' title='bbox 658 2000 730 2064; x_wconf 85' lang='lat' dir='ltr'>Quia</span> <span class='ocrx_word' id='word_1_257' title='bbox 748 2019 842 2058; x_wconf 89' lang='lat' dir='ltr'>escam</span> 
     </span>
     <span class='ocr_line' id='line_1_35' title="bbox 85 2088 843 2162; baseline 0.005 -19"><span class='ocrx_word' id='word_1_258' title='bbox 85 2093 118 2143; x_wconf 79' lang='lat' dir='ltr'>ite</span> <span class='ocrx_word' id='word_1_259' title='bbox 134 2092 271 2159; x_wconf 88' lang='lat' dir='ltr'>appetens</span> <span class='ocrx_word' id='word_1_260' title='bbox 285 2088 364 2159; x_wconf 90' lang='lat' dir='ltr'>guila</span> <span class='ocrx_word' id='word_1_261' title='bbox 378 2097 398 2154; x_wconf 78' lang='lat'>⁰,</span> <span class='ocrx_word' id='word_1_262' title='bbox 417 2088 512 2159; x_wconf 88' lang='lat' dir='ltr'>laquei</span> <span class='ocrx_word' id='word_1_263' title='bbox 534 2104 590 2142; x_wconf 91' lang='lat' dir='ltr'>uon</span> <span class='ocrx_word' id='word_1_264' title='bbox 609 2091 739 2160; x_wconf 80' lang='lat' dir='ltr'>praeridit</span> <span class='ocrx_word' id='word_1_265' title='bbox 758 2092 843 2162; x_wconf 91' lang='lat' dir='ltr'>pedi·</span> 
     </span>
     <span class='ocr_line' id='line_1_36' title="bbox 109 2177 843 2249; baseline 0.005 -19"><span class='ocrx_word' id='word_1_266' title='bbox 109 2177 158 2249; x_wconf 86' lang='lat' dir='ltr'>qui</span> <span class='ocrx_word' id='word_1_267' title='bbox 182 2177 283 2230; x_wconf 91' lang='lat' dir='ltr'>merito</span> <span class='ocrx_word' id='word_1_268' title='bbox 309 2177 414 2231; x_wconf 90' lang='lat' dir='ltr'>dicitnr</span> <span class='ocrx_word' id='word_1_269' title='bbox 437 2178 506 2242; x_wconf 89' lang='lat' dir='ltr'>avis,</span> <span class='ocrx_word' id='word_1_270' title='bbox 531 2179 599 2248; x_wconf 86' lang='lat' dir='ltr'>quia</span> <span class='ocrx_word' id='word_1_271' title='bbox 621 2195 669 2231; x_wconf 84' lang='lat' dir='ltr'>rex</span> <span class='ocrx_word' id='word_1_272' title='bbox 694 2185 737 2233; x_wconf 91' lang='lat' dir='ltr'>est</span> <span class='ocrx_word' id='word_1_273' title='bbox 759 2180 843 2234; x_wconf 83' lang='lat' dir='ltr'>istius</span> 
     </span>
     <span class='ocr_line' id='line_1_37' title="bbox 92 2265 842 2337; baseline 0.007 -18"><span class='ocrx_word' id='word_1_274' title='bbox 92 2265 123 2320; x_wconf 90' lang='lat' dir='ltr'>in</span> <span class='ocrx_word' id='word_1_275' title='bbox 139 2282 196 2337; x_wconf 87' lang='lat' dir='ltr'>quo</span> <span class='ocrx_word' id='word_1_276' title='bbox 212 2266 339 2319; x_wconf 90' lang='lat' dir='ltr'>volucres</span> <span class='ocrx_word' id='word_1_277' title='bbox 353 2266 483 2332; x_wconf 84' lang='lat' dir='ltr'>volitant,</span> <span class='ocrx_word' id='word_1_278' title='bbox 500 2271 528 2319; x_wconf 90' lang='lat' dir='ltr'>et</span> <span class='ocrx_word' id='word_1_279' title='bbox 542 2266 687 2336; x_wconf 86' lang='lat' dir='ltr'>principes</span> <span class='ocrx_word' id='word_1_280' title='bbox 707 2270 842 2324; x_wconf 89' lang='lat' dir='ltr'>tenebra-</span> 
     </span>
     <span class='ocr_line' id='line_1_38' title="bbox 85 2354 842 2418; baseline 0.007 -11"><span class='ocrx_word' id='word_1_281' title='bbox 85 2359 228 2409; x_wconf 80' lang='lat' dir='ltr'>iotestant.</span> <span class='ocrx_word' id='word_1_282' title='bbox 253 2354 324 2418; x_wconf 84' lang='lat' dir='ltr'>Quia</span> <span class='ocrx_word' id='word_1_283' title='bbox 345 2354 445 2408; x_wconf 87' lang='lat' dir='ltr'>brutus</span> <span class='ocrx_word' id='word_1_284' title='bbox 466 2355 534 2408; x_wconf 68' lang='lat' dir='ltr'>ex&lt;¹</span> <span class='ocrx_word' id='word_1_285' title='bbox 558 2355 618 2408; x_wconf 88' lang='lat' dir='ltr'>sine</span> <span class='ocrx_word' id='word_1_286' title='bbox 638 2356 742 2409; x_wconf 89' lang='lat' dir='ltr'>litteris</span> <span class='ocrx_word' id='word_1_287' title='bbox 763 2363 842 2412; x_wconf 86' lang='lat' dir='ltr'>ortus</span> 
     </span>
     <span class='ocr_line' id='line_1_39' title="bbox 85 2443 841 2510; baseline 0.005 -13"><span class='ocrx_word' id='word_1_288' title='bbox 85 2443 229 2510; x_wconf 87' lang='lat' dir='ltr'>ebemotb,</span> <span class='ocrx_word' id='word_1_289' title='bbox 247 2444 299 2496; x_wconf 92' lang='lat' dir='ltr'>hoc</span> <span class='ocrx_word' id='word_1_290' title='bbox 314 2447 357 2496; x_wconf 89' lang='lat' dir='ltr'>est</span> <span class='ocrx_word' id='word_1_291' title='bbox 373 2443 491 2509; x_wconf 90' lang='lat' dir='ltr'>animal,</span> <span class='ocrx_word' id='word_1_292' title='bbox 516 2443 608 2497; x_wconf 90' lang='lat' dir='ltr'>dictus</span> <span class='ocrx_word' id='word_1_293' title='bbox 633 2449 684 2498; x_wconf 90' lang='lat' dir='ltr'>est.</span> <span class='ocrx_word' id='word_1_294' title='bbox 702 2445 774 2509; x_wconf 84' lang='lat' dir='ltr'>Quia</span> <span class='ocrx_word' id='word_1_295' title='bbox 790 2446 841 2501; x_wconf 91' lang='lat' dir='ltr'>do-</span> 
     </span>
     <span class='ocr_line' id='line_1_40' title="bbox 100 2532 841 2602; baseline 0.004 -15"><span class='ocrx_word' id='word_1_296' title='bbox 100 2533 244 2602; x_wconf 83' lang='lat' dir='ltr'>apparnit,</span> <span class='ocrx_word' id='word_1_297' title='bbox 276 2538 406 2586; x_wconf 89' lang='lat' dir='ltr'>versutus</span> <span class='ocrx_word' id='word_1_298' title='bbox 437 2537 465 2585; x_wconf 91' lang='lat' dir='ltr'>et</span> <span class='ocrx_word' id='word_1_299' title='bbox 495 2532 612 2586; x_wconf 90' lang='lat' dir='ltr'>callidus</span> <span class='ocrx_word' id='word_1_300' title='bbox 642 2549 768 2602; x_wconf 85' lang='lat' dir='ltr'>serpeus,</span> <span class='ocrx_word' id='word_1_301' title='bbox 795 2536 841 2591; x_wconf 85' lang='lat' dir='ltr'>vel</span> 
     </span>
     <span class='ocr_line' id='line_1_41' title="bbox 85 2621 841 2694; baseline 0.003 -19"><span class='ocrx_word' id='word_1_302' title='bbox 85 2628 148 2681; x_wconf 84' lang='lat' dir='ltr'>,est</span> <span class='ocrx_word' id='word_1_303' title='bbox 165 2626 355 2689; x_wconf 85' lang='lat' dir='ltr'>nuncupatus.</span> <span class='ocrx_word' id='word_1_304' title='bbox 380 2621 488 2674; x_wconf 86' lang='lat' dir='ltr'>Dicitur</span> <span class='ocrx_word' id='word_1_305' title='bbox 507 2625 536 2674; x_wconf 84' lang='lat' dir='ltr'>et</span> <span class='ocrx_word' id='word_1_306' title='bbox 558 2622 626 2686; x_wconf 87' lang='lat' dir='ltr'>avis,</span> <span class='ocrx_word' id='word_1_307' title='bbox 647 2637 680 2675; x_wconf 94' lang='lat' dir='ltr'>eo</span> <span class='ocrx_word' id='word_1_308' title='bbox 697 2623 773 2694; x_wconf 90' lang='lat' dir='ltr'>quod</span> <span class='ocrx_word' id='word_1_309' title='bbox 791 2640 841 2677; x_wconf 90' lang='lat' dir='ltr'>su-</span> 
     </span>
     <span class='ocr_line' id='line_1_42' title="bbox 85 2709 841 2781; baseline 0.004 -18"><span class='ocrx_word' id='word_1_310' title='bbox 85 2725 109 2778; x_wconf 86' lang='lat' dir='ltr'>s,</span> <span class='ocrx_word' id='word_1_311' title='bbox 125 2711 216 2763; x_wconf 89' lang='lat' dir='ltr'>clatus</span> <span class='ocrx_word' id='word_1_312' title='bbox 232 2715 260 2763; x_wconf 91' lang='lat' dir='ltr'>et</span> <span class='ocrx_word' id='word_1_313' title='bbox 272 2725 360 2779; x_wconf 91' lang='lat' dir='ltr'>vagus</span> <span class='ocrx_word' id='word_1_314' title='bbox 375 2709 498 2775; x_wconf 87' lang='lat' dir='ltr'>incessit,</span> <span class='ocrx_word' id='word_1_315' title='bbox 514 2710 652 2781; x_wconf 87' lang='lat' dir='ltr'>nulloque</span> <span class='ocrx_word' id='word_1_316' title='bbox 667 2711 748 2765; x_wconf 91' lang='lat' dir='ltr'>freno</span> <span class='ocrx_word' id='word_1_317' title='bbox 763 2717 841 2766; x_wconf 88' lang='lat' dir='ltr'>tem-</span> 
     </span>
     <span class='ocr_line' id='line_1_43' title="bbox 85 2797 839 2868; baseline 0.001 -16"><span class='ocrx_word' id='word_1_318' title='bbox 85 2798 134 2852; x_wconf 81' lang='lat' dir='ltr'>tiee</span> <span class='ocrx_word' id='word_1_319' title='bbox 152 2798 336 2868; x_wconf 89' lang='lat' dir='ltr'>semetipsum</span> <span class='ocrx_word' id='word_1_320' title='bbox 353 2797 485 2851; x_wconf 88' lang='lat' dir='ltr'>munivit.</span> <span class='ocrx_word' id='word_1_321' title='bbox 503 2797 648 2853; x_wconf 72' lang='lat' dir='ltr'>Considunt</span> <span class='ocrx_word' id='word_1_322' title='bbox 667 2814 725 2852; x_wconf 82' lang='lat' dir='ltr'>eum</span> <span class='ocrx_word' id='word_1_323' title='bbox 747 2803 839 2866; x_wconf 86' lang='lat' dir='ltr'>amici,</span> 
     </span>
     <span class='ocr_line' id='line_1_44' title="bbox 85 2886 840 2956; baseline 0.001 -15"><span class='ocrx_word' id='word_1_324' title='bbox 85 2903 95 2941; x_wconf 78' lang='lat' dir='ltr'>s</span> <span class='ocrx_word' id='word_1_325' title='bbox 112 2887 238 2951; x_wconf 88' lang='lat' dir='ltr'>Domini,</span> <span class='ocrx_word' id='word_1_326' title='bbox 254 2886 283 2939; x_wconf 93' lang='lat' dir='ltr'>hi</span> <span class='ocrx_word' id='word_1_327' title='bbox 299 2886 439 2950; x_wconf 89' lang='lat' dir='ltr'>videlicet,</span> <span class='ocrx_word' id='word_1_328' title='bbox 454 2886 504 2956; x_wconf 91' lang='lat' dir='ltr'>qui</span> <span class='ocrx_word' id='word_1_329' title='bbox 521 2886 602 2940; x_wconf 89' lang='lat' dir='ltr'>dolos</span> <span class='ocrx_word' id='word_1_330' title='bbox 615 2886 693 2940; x_wconf 91' lang='lat' dir='ltr'>illius</span> <span class='ocrx_word' id='word_1_331' title='bbox 708 2888 840 2942; x_wconf 87' lang='lat' dir='ltr'>universo</span> 
     </span>
    </p>
   </div>
   <div class='ocr_carea' id='block_1_8' title="bbox 894 1818 1745 2953">
    <p class='ocr_par' dir='ltr' id='par_1_9' title="bbox 894 1818 1745 2953">
     <span class='ocr_line' id='line_1_45' title="bbox 897 1818 1745 1890; baseline 0.008 -20"><span class='ocrx_word' id='word_1_332' title='bbox 897 1834 985 1889; x_wconf 86' lang='lat' dir='ltr'>super</span> <span class='ocrx_word' id='word_1_333' title='bbox 1000 1818 1124 1873; x_wconf 86' lang='lat' dir='ltr'>malitias</span> <span class='ocrx_word' id='word_1_334' title='bbox 1141 1818 1303 1885; x_wconf 91' lang='lat' dir='ltr'>hominum,</span> <span class='ocrx_word' id='word_1_335' title='bbox 1320 1819 1452 1874; x_wconf 88' lang='lat' dir='ltr'>Domine.</span> <span class='ocrx_word' id='word_1_336' title='bbox 1471 1821 1503 1874; x_wconf 88' lang='lat' dir='ltr'>Et</span> <span class='ocrx_word' id='word_1_337' title='bbox 1519 1823 1580 1890; x_wconf 83' lang='lat' dir='ltr'>quis</span> <span class='ocrx_word' id='word_1_338' title='bbox 1595 1827 1658 1876; x_wconf 87' lang='lat' dir='ltr'>ante</span> <span class='ocrx_word' id='word_1_339' title='bbox 1669 1823 1745 1877; x_wconf 84' lang='lat' dir='ltr'>dedit</span> 
     </span>
     <span class='ocr_line' id='line_1_46' title="bbox 896 1906 1743 1973; baseline 0.006 -13"><span class='ocrx_word' id='word_1_340' title='bbox 896 1909 975 1973; x_wconf 81' lang='lat' dir='ltr'>milvi,</span> <span class='ocrx_word' id='word_1_341' title='bbox 1002 1911 1034 1962; x_wconf 88' lang='lat' dir='ltr'>nt</span> <span class='ocrx_word' id='word_1_342' title='bbox 1060 1906 1174 1961; x_wconf 85' lang='lat' dir='ltr'>reddam</span> <span class='ocrx_word' id='word_1_343' title='bbox 1202 1907 1246 1961; x_wconf 85' lang='lat' dir='ltr'>ei‘?</span> <span class='ocrx_word' id='word_1_344' title='bbox 1275 1909 1381 1962; x_wconf 90' lang='lat' dir='ltr'>lterum</span> <span class='ocrx_word' id='word_1_345' title='bbox 1416 1907 1562 1963; x_wconf 88' lang='lat' dir='ltr'>verissime</span> <span class='ocrx_word' id='word_1_346' title='bbox 1593 1910 1644 1964; x_wconf 93' lang='lat' dir='ltr'>tibi</span> <span class='ocrx_word' id='word_1_347' title='bbox 1674 1911 1743 1965; x_wconf 92' lang='lat' dir='ltr'>dici·</span> 
     </span>
     <span class='ocr_line' id='line_1_47' title="bbox 897 1995 1742 2067; baseline 0.006 -19"><span class='ocrx_word' id='word_1_348' title='bbox 897 2010 972 2061; x_wconf 89' lang='lat' dir='ltr'>mus,</span> <span class='ocrx_word' id='word_1_349' title='bbox 1000 1995 1144 2065; x_wconf 81' lang='lat' dir='ltr'>jutissima</span> <span class='ocrx_word' id='word_1_350' title='bbox 1172 1995 1320 2063; x_wconf 86' lang='lat' dir='ltr'>Conditor,</span> <span class='ocrx_word' id='word_1_351' title='bbox 1349 2002 1377 2050; x_wconf 92' lang='lat' dir='ltr'>et</span> <span class='ocrx_word' id='word_1_352' title='bbox 1406 1997 1534 2067; x_wconf 87' lang='lat' dir='ltr'>piissime</span> <span class='ocrx_word' id='word_1_353' title='bbox 1565 1999 1648 2065; x_wconf 84' lang='lat' dir='ltr'>lleus,</span> <span class='ocrx_word' id='word_1_354' title='bbox 1677 2000 1742 2053; x_wconf 92' lang='lat' dir='ltr'>nul·</span> 
     </span>
     <span class='ocr_line' id='line_1_48' title="bbox 896 2082 1741 2157; baseline 0.007 -21"><span class='ocrx_word' id='word_1_355' title='bbox 896 2082 963 2136; x_wconf 89' lang='lat' dir='ltr'>lus:</span> <span class='ocrx_word' id='word_1_356' title='bbox 986 2083 1085 2154; x_wconf 86' lang='lat' dir='ltr'>quiea</span> <span class='ocrx_word' id='word_1_357' title='bbox 1105 2088 1131 2137; x_wconf 88' lang='lat' dir='ltr'>tc</span> <span class='ocrx_word' id='word_1_358' title='bbox 1148 2083 1242 2137; x_wconf 91' lang='lat' dir='ltr'>omnis</span> <span class='ocrx_word' id='word_1_359' title='bbox 1265 2091 1395 2139; x_wconf 88' lang='lat' dir='ltr'>creatura</span> <span class='ocrx_word' id='word_1_360' title='bbox 1417 2085 1590 2140; x_wconf 88' lang='lat' dir='ltr'>subsistendi</span> <span class='ocrx_word' id='word_1_361' title='bbox 1613 2087 1741 2157; x_wconf 87' lang='lat' dir='ltr'>rigorem</span> 
     </span>
     <span class='ocr_line' id='line_1_49' title="bbox 894 2172 1741 2244; baseline 0.006 -19"><span class='ocrx_word' id='word_1_362' title='bbox 894 2173 1012 2242; x_wconf 87' lang='lat' dir='ltr'>accepit.</span> <span class='ocrx_word' id='word_1_363' title='bbox 1036 2172 1065 2227; x_wconf 83' lang='lat' dir='ltr'>si</span> <span class='ocrx_word' id='word_1_364' title='bbox 1091 2188 1160 2243; x_wconf 90' lang='lat' dir='ltr'>crgo</span> <span class='ocrx_word' id='word_1_365' title='bbox 1183 2173 1313 2227; x_wconf 87' lang='lat' dir='ltr'>resistcre</span> <span class='ocrx_word' id='word_1_366' title='bbox 1338 2173 1536 2244; x_wconf 90' lang='lat' dir='ltr'>Omnipotenti</span> <span class='ocrx_word' id='word_1_367' title='bbox 1560 2175 1659 2229; x_wconf 88' lang='lat' dir='ltr'>miseri</span> <span class='ocrx_word' id='word_1_368' title='bbox 1682 2193 1741 2231; x_wconf 90' lang='lat' dir='ltr'>non</span> 
     </span>
     <span class='ocr_line' id='line_1_50' title="bbox 895 2259 1740 2333; baseline 0.006 -21"><span class='ocrx_word' id='word_1_369' title='bbox 895 2259 1032 2327; x_wconf 87' lang='lat' dir='ltr'>valemus,</span> <span class='ocrx_word' id='word_1_370' title='bbox 1055 2275 1108 2314; x_wconf 87' lang='lat' dir='ltr'>nec</span> <span class='ocrx_word' id='word_1_371' title='bbox 1132 2261 1288 2315; x_wconf 87' lang='lat' dir='ltr'>debitorem</span> <span class='ocrx_word' id='word_1_372' title='bbox 1312 2267 1462 2328; x_wconf 75' lang='lat' dir='ltr'>aternum,</span> <span class='ocrx_word' id='word_1_373' title='bbox 1490 2269 1522 2316; x_wconf 90' lang='lat' dir='ltr'>ut</span> <span class='ocrx_word' id='word_1_374' title='bbox 1544 2268 1609 2333; x_wconf 89' lang='lat' dir='ltr'>pote</span> <span class='ocrx_word' id='word_1_375' title='bbox 1631 2264 1740 2331; x_wconf 87' lang='lat' dir='ltr'>caduci,</span> 
     </span>
     <span class='ocr_line' id='line_1_51' title="bbox 895 2349 1741 2422; baseline 0.006 -21"><span class='ocrx_word' id='word_1_376' title='bbox 895 2363 929 2401; x_wconf 86' lang='lat' dir='ltr'>ex</span> <span class='ocrx_word' id='word_1_377' title='bbox 950 2353 1047 2402; x_wconf 88' lang='lat' dir='ltr'>nostro</span> <span class='ocrx_word' id='word_1_378' title='bbox 1069 2365 1154 2420; x_wconf 91' lang='lat' dir='ltr'>opere</span> <span class='ocrx_word' id='word_1_379' title='bbox 1177 2349 1346 2416; x_wconf 88' lang='lat' dir='ltr'>retinemus,</span> <span class='ocrx_word' id='word_1_380' title='bbox 1372 2366 1494 2422; x_wconf 90' lang='lat' dir='ltr'>operum</span> <span class='ocrx_word' id='word_1_381' title='bbox 1516 2351 1578 2421; x_wconf 87' lang='lat' dir='ltr'>ejus</span> <span class='ocrx_word' id='word_1_382' title='bbox 1599 2351 1741 2407; x_wconf 90' lang='lat' dir='ltr'>rationem</span> 
     </span>
     <span class='ocr_line' id='line_1_52' title="bbox 896 2436 1741 2512; baseline 0.007 -22"><span class='ocrx_word' id='word_1_383' title='bbox 896 2436 1036 2492; x_wconf 86' lang='lat' dir='ltr'>discutere</span> <span class='ocrx_word' id='word_1_384' title='bbox 1057 2454 1113 2492; x_wconf 92' lang='lat' dir='ltr'>non</span> <span class='ocrx_word' id='word_1_385' title='bbox 1131 2443 1286 2503; x_wconf 88' lang='lat' dir='ltr'>tentemus,</span> <span class='ocrx_word' id='word_1_386' title='bbox 1305 2454 1391 2510; x_wconf 88' lang='lat' dir='ltr'>quam</span> <span class='ocrx_word' id='word_1_387' title='bbox 1413 2439 1521 2509; x_wconf 87' lang='lat' dir='ltr'>justam</span> <span class='ocrx_word' id='word_1_388' title='bbox 1544 2455 1578 2493; x_wconf 85' lang='lat' dir='ltr'>ex</span> <span class='ocrx_word' id='word_1_389' title='bbox 1602 2441 1741 2512; x_wconf 87' lang='lat' dir='ltr'>supplicio</span> 
     </span>
     <span class='ocr_line' id='line_1_53' title="bbox 894 2526 1741 2601; baseline 0.008 -23"><span class='ocrx_word' id='word_1_390' title='bbox 894 2531 1089 2596; x_wconf 89' lang='lat' dir='ltr'>peccatorum,</span> <span class='ocrx_word' id='word_1_391' title='bbox 1112 2530 1140 2581; x_wconf 92' lang='lat' dir='ltr'>et</span> <span class='ocrx_word' id='word_1_392' title='bbox 1163 2526 1317 2597; x_wconf 90' lang='lat' dir='ltr'>gratuitam</span> <span class='ocrx_word' id='word_1_393' title='bbox 1341 2543 1375 2580; x_wconf 80' lang='lat' dir='ltr'>er</span> <span class='ocrx_word' id='word_1_394' title='bbox 1398 2527 1474 2581; x_wconf 90' lang='lat' dir='ltr'>douo</span> <span class='ocrx_word' id='word_1_395' title='bbox 1500 2528 1629 2582; x_wconf 89' lang='lat' dir='ltr'>videmus</span> <span class='ocrx_word' id='word_1_396' title='bbox 1651 2531 1741 2601; x_wconf 78' lang='lat' dir='ltr'>justo·</span> 
     </span>
     <span class='ocr_line' id='line_1_54' title="bbox 895 2614 1741 2686; baseline 0.007 -20"><span class='ocrx_word' id='word_1_397' title='bbox 895 2629 970 2666; x_wconf 91' lang='lat' dir='ltr'>rum.</span> <span class='ocrx_word' id='word_1_398' title='bbox 991 2614 1045 2669; x_wconf 90' lang='lat' dir='ltr'>Sed</span> <span class='ocrx_word' id='word_1_399' title='bbox 1068 2630 1104 2669; x_wconf 88' lang='lat' dir='ltr'>ne</span> <span class='ocrx_word' id='word_1_400' title='bbox 1128 2615 1290 2686; x_wconf 86' lang='lat' dir='ltr'>desperatio</span> <span class='ocrx_word' id='word_1_401' title='bbox 1310 2615 1474 2670; x_wconf 89' lang='lat' dir='ltr'>confoderet</span> <span class='ocrx_word' id='word_1_402' title='bbox 1494 2617 1606 2672; x_wconf 87' lang='lat' dir='ltr'>animas</span> <span class='ocrx_word' id='word_1_403' title='bbox 1622 2618 1741 2672; x_wconf 90' lang='lat' dir='ltr'>audien-</span> 
     </span>
     <span class='ocr_line' id='line_1_55' title="bbox 894 2701 1741 2766; baseline 0.007 -10"><span class='ocrx_word' id='word_1_404' title='bbox 894 2701 979 2766; x_wconf 91' lang='lat' dir='ltr'>tium,</span> <span class='ocrx_word' id='word_1_405' title='bbox 995 2718 1059 2757; x_wconf 86' lang='lat' dir='ltr'>mor</span> <span class='ocrx_word' id='word_1_406' title='bbox 1079 2703 1205 2757; x_wconf 92' lang='lat' dir='ltr'>futuram</span> <span class='ocrx_word' id='word_1_407' title='bbox 1220 2703 1250 2757; x_wconf 94' lang='lat' dir='ltr'>in</span> <span class='ocrx_word' id='word_1_408' title='bbox 1270 2719 1336 2758; x_wconf 93' lang='lat' dir='ltr'>eum</span> <span class='ocrx_word' id='word_1_409' title='bbox 1352 2705 1439 2758; x_wconf 90' lang='lat' dir='ltr'>latam</span> <span class='ocrx_word' id='word_1_410' title='bbox 1459 2706 1629 2761; x_wconf 86' lang='lat' dir='ltr'>sententiam</span> <span class='ocrx_word' id='word_1_411' title='bbox 1644 2707 1741 2762; x_wconf 89' lang='lat' dir='ltr'>divina</span> 
     </span>
     <span class='ocr_line' id='line_1_56' title="bbox 895 2791 1740 2864; baseline 0.007 -20"><span class='ocrx_word' id='word_1_412' title='bbox 895 2791 1092 2862; x_wconf 82' lang='lat' dir='ltr'>promulgarit</span> <span class='ocrx_word' id='word_1_413' title='bbox 1113 2807 1243 2857; x_wconf 89' lang='lat' dir='ltr'>censura,</span> <span class='ocrx_word' id='word_1_414' title='bbox 1260 2791 1357 2846; x_wconf 88' lang='lat' dir='ltr'>dicens</span> <span class='ocrx_word' id='word_1_415' title='bbox 1381 2809 1387 2847; x_wconf 94' lang='lat'><strong>:</strong></span> <span class='ocrx_word' id='word_1_416' title='bbox 1412 2795 1471 2849; x_wconf 87' lang='lat' dir='ltr'>Non</span> <span class='ocrx_word' id='word_1_417' title='bbox 1487 2809 1602 2864; x_wconf 87' lang='lat' dir='ltr'>parcam</span> <span class='ocrx_word' id='word_1_418' title='bbox 1618 2796 1661 2850; x_wconf 86' lang='lat' dir='ltr'>illi</span> <span class='ocrx_word' id='word_1_419' title='bbox 1681 2811 1740 2850; x_wconf 85' lang='lat' dir='ltr'>rer·</span> 
     </span>
     <span class='ocr_line' id='line_1_57' title="bbox 895 2879 1740 2953; baseline 0.006 -20"><span class='ocrx_word' id='word_1_420' title='bbox 895 2879 934 2934; x_wconf 85' lang='lat' dir='ltr'>bis</span> <span class='ocrx_word' id='word_1_421' title='bbox 951 2880 1116 2948; x_wconf 79' lang='lat' dir='ltr'>potmtibus,</span> <span class='ocrx_word' id='word_1_422' title='bbox 1137 2885 1162 2934; x_wconf 90' lang='lat' dir='ltr'>et</span> <span class='ocrx_word' id='word_1_423' title='bbox 1186 2880 1224 2934; x_wconf 88' lang='lat' dir='ltr'>od</span> <span class='ocrx_word' id='word_1_424' title='bbox 1247 2880 1446 2951; x_wconf 85' lang='lat' dir='ltr'>deprecandum</span> <span class='ocrx_word' id='word_1_425' title='bbox 1467 2885 1631 2953; x_wconf 85' lang='lat' dir='ltr'>compositis.</span> <span class='ocrx_word' id='word_1_426' title='bbox 1656 2885 1740 2940; x_wconf 85' lang='lat' dir='ltr'>Com·</span> 
     </span>
    </p>
   </div>
   <div class='ocr_carea' id='block_1_9' title="bbox 85 2968 1739 3067">
    <p class='ocr_par' dir='ltr' id='par_1_10' title="bbox 85 2968 1739 3067">
     <span class='ocr_line' id='line_1_58' title="bbox 85 2968 1739 3067; baseline -0.001 -38"><span class='ocrx_word' id='word_1_427' title='bbox 85 2991 101 3029; x_wconf 89' lang='lat' dir='ltr'>o</span> <span class='ocrx_word' id='word_1_428' title='bbox 126 2979 282 3045; x_wconf 84' lang='lat' dir='ltr'>exponunt,</span> <span class='ocrx_word' id='word_1_429' title='bbox 310 2990 435 3046; x_wconf 88' lang='lat' dir='ltr'>eumque</span> <span class='ocrx_word' id='word_1_430' title='bbox 457 2975 572 3043; x_wconf 90' lang='lat' dir='ltr'>publica</span> <span class='ocrx_word' id='word_1_431' title='bbox 594 2975 771 3044; x_wconf 85' lang='lat' dir='ltr'>professione</span> <span class='ocrx_word' id='word_1_432' title='bbox 794 2977 842 3031; x_wconf 83' lang='lat' dir='ltr'>ba-</span> <span class='ocrx_word' id='word_1_433' title='bbox 860 3012 880 3067; x_wconf 71' lang='lat' dir='ltr'><strong>c</strong></span> <span class='ocrx_word' id='word_1_434' title='bbox 894 2968 1066 3037; x_wconf 79' lang='lat' dir='ltr'>positionem</span> <span class='ocrx_word' id='word_1_435' title='bbox 1083 2974 1114 3022; x_wconf 93' lang='lat' dir='ltr'>ut</span> <span class='ocrx_word' id='word_1_436' title='bbox 1125 2968 1187 3039; x_wconf 87' lang='lat' dir='ltr'>jam</span> <span class='ocrx_word' id='word_1_437' title='bbox 1201 2968 1259 3022; x_wconf 80' lang='lat' dir='ltr'>diri</span> <span class='ocrx_word' id='word_1_438' title='bbox 1275 2969 1440 3038; x_wconf 91' lang='lat' dir='ltr'>verborum,</span> <span class='ocrx_word' id='word_1_439' title='bbox 1456 2976 1483 3023; x_wconf 84' lang='lat' dir='ltr'>el</span> <span class='ocrx_word' id='word_1_440' title='bbox 1499 2987 1597 3041; x_wconf 88' lang='lat' dir='ltr'>preces</span> <span class='ocrx_word' id='word_1_441' title='bbox 1610 2975 1739 3028; x_wconf 91' lang='lat' dir='ltr'>omnium</span> 
     </span>
    </p>
   </div>
   <div class='ocr_carea' id='block_1_10' title="bbox 84 3060 840 4282">
    <p class='ocr_par' dir='ltr' id='par_1_11' title="bbox 84 3060 840 4282">
     <span class='ocr_line' id='line_1_59' title="bbox 93 3060 839 3117; baseline 0.001 -1"><span class='ocrx_word' id='word_1_442' title='bbox 93 3061 225 3116; x_wconf 80' lang='lat' dir='ltr'>Ecclesiae</span> <span class='ocrx_word' id='word_1_443' title='bbox 252 3060 394 3114; x_wconf 89' lang='lat' dir='ltr'>insiluisse</span> <span class='ocrx_word' id='word_1_444' title='bbox 420 3061 608 3115; x_wconf 90' lang='lat' dir='ltr'>contendunt.</span> <span class='ocrx_word' id='word_1_445' title='bbox 638 3063 733 3116; x_wconf 86' lang='lat' dir='ltr'>Toties</span> <span class='ocrx_word' id='word_1_446' title='bbox 761 3064 839 3117; x_wconf 90' lang='lat' dir='ltr'>enim</span> 
     </span>
     <span class='ocr_line' id='line_1_60' title="bbox 84 3149 840 3220; baseline 0.003 -16"><span class='ocrx_word' id='word_1_447' title='bbox 84 3151 162 3216; x_wconf 91' lang='lat' dir='ltr'>litur,</span> <span class='ocrx_word' id='word_1_448' title='bbox 183 3150 296 3220; x_wconf 89' lang='lat' dir='ltr'>quoties</span> <span class='ocrx_word' id='word_1_449' title='bbox 315 3149 496 3204; x_wconf 88' lang='lat' dir='ltr'>anathemate</span> <span class='ocrx_word' id='word_1_450' title='bbox 520 3150 683 3204; x_wconf 86' lang='lat' dir='ltr'>denotatur.</span> <span class='ocrx_word' id='word_1_451' title='bbox 711 3152 840 3206; x_wconf 83' lang='lat' dir='ltr'>Diuident</span> 
     </span>
     <span class='ocr_line' id='line_1_61' title="bbox 85 3237 838 3309; baseline -0.003 -15"><span class='ocrx_word' id='word_1_452' title='bbox 85 3241 261 3308; x_wconf 70' lang='lat' dir='ltr'>negotiatores,</span> <span class='ocrx_word' id='word_1_453' title='bbox 285 3238 376 3290; x_wconf 83' lang='lat' dir='ltr'>sancti</span> <span class='ocrx_word' id='word_1_454' title='bbox 397 3237 461 3303; x_wconf 90' lang='lat' dir='ltr'>viri,</span> <span class='ocrx_word' id='word_1_455' title='bbox 484 3237 534 3309; x_wconf 88' lang='lat' dir='ltr'>qui</span> <span class='ocrx_word' id='word_1_456' title='bbox 557 3238 687 3292; x_wconf 90' lang='lat' dir='ltr'>membra</span> <span class='ocrx_word' id='word_1_457' title='bbox 708 3239 838 3294; x_wconf 88' lang='lat' dir='ltr'>draconis</span> 
     </span>
     <span class='ocr_line' id='line_1_62' title="bbox 87 3326 837 3397; baseline 0.003 -17"><span class='ocrx_word' id='word_1_458' title='bbox 87 3327 111 3381; x_wconf 88' lang='lat' dir='ltr'>ti</span> <span class='ocrx_word' id='word_1_459' title='bbox 124 3326 233 3397; x_wconf 85' lang='lat' dir='ltr'>perfido</span> <span class='ocrx_word' id='word_1_460' title='bbox 251 3327 418 3392; x_wconf 81' lang='lat' dir='ltr'>dividentes,</span> <span class='ocrx_word' id='word_1_461' title='bbox 443 3326 497 3379; x_wconf 90' lang='lat' dir='ltr'>sibi</span> <span class='ocrx_word' id='word_1_462' title='bbox 522 3327 709 3397; x_wconf 90' lang='lat' dir='ltr'>conjungunt.</span> <span class='ocrx_word' id='word_1_463' title='bbox 735 3329 767 3381; x_wconf 78' lang='lat' dir='ltr'>ut</span> <span class='ocrx_word' id='word_1_464' title='bbox 787 3331 837 3382; x_wconf 84' lang='lat' dir='ltr'>tm·</span> 
     </span>
     <span class='ocr_line' id='line_1_63' title="bbox 90 3416 838 3485; baseline 0.001 -15"><span class='ocrx_word' id='word_1_465' title='bbox 90 3429 205 3484; x_wconf 80' lang='lat' dir='ltr'>sagenas</span> <span class='ocrx_word' id='word_1_466' title='bbox 220 3416 289 3484; x_wconf 84' lang='lat' dir='ltr'>pelle</span> <span class='ocrx_word' id='word_1_467' title='bbox 308 3416 377 3483; x_wconf 82' lang='lat' dir='ltr'>ejus,</span> <span class='ocrx_word' id='word_1_468' title='bbox 394 3419 442 3468; x_wconf 88' lang='lat' dir='ltr'>aut</span> <span class='ocrx_word' id='word_1_469' title='bbox 460 3419 632 3483; x_wconf 77' lang='lat' dir='ltr'>gurgustium</span> <span class='ocrx_word' id='word_1_470' title='bbox 651 3418 769 3485; x_wconf 84' lang='lat' dir='ltr'>piscium</span> <span class='ocrx_word' id='word_1_471' title='bbox 789 3432 838 3471; x_wconf 91' lang='lat' dir='ltr'>ca-</span> 
     </span>
     <span class='ocr_line' id='line_1_64' title="bbox 85 3504 840 3574; baseline 0.001 -15"><span class='ocrx_word' id='word_1_472' title='bbox 85 3505 149 3559; x_wconf 82' lang='lat' dir='ltr'>tius.</span> <span class='ocrx_word' id='word_1_473' title='bbox 170 3504 201 3557; x_wconf 91' lang='lat' dir='ltr'>ln</span> <span class='ocrx_word' id='word_1_474' title='bbox 223 3504 298 3573; x_wconf 86' lang='lat' dir='ltr'>pelle</span> <span class='ocrx_word' id='word_1_475' title='bbox 318 3504 470 3570; x_wconf 76' lang='lat' dir='ltr'>exteriora,</span> <span class='ocrx_word' id='word_1_476' title='bbox 495 3504 524 3556; x_wconf 92' lang='lat' dir='ltr'>in</span> <span class='ocrx_word' id='word_1_477' title='bbox 550 3504 642 3573; x_wconf 87' lang='lat' dir='ltr'>capite</span> <span class='ocrx_word' id='word_1_478' title='bbox 667 3505 787 3574; x_wconf 89' lang='lat' dir='ltr'>majora,</span> <span class='ocrx_word' id='word_1_479' title='bbox 811 3510 840 3560; x_wconf 88' lang='lat' dir='ltr'>et</span> 
     </span>
     <span class='ocr_line' id='line_1_65' title="bbox 85 3592 836 3663; baseline 0.001 -17"><span class='ocrx_word' id='word_1_480' title='bbox 85 3593 181 3647; x_wconf 88' lang='lat' dir='ltr'>ntiora</span> <span class='ocrx_word' id='word_1_481' title='bbox 205 3593 344 3662; x_wconf 88' lang='lat' dir='ltr'>designat.</span> <span class='ocrx_word' id='word_1_482' title='bbox 374 3592 489 3646; x_wconf 88' lang='lat' dir='ltr'>Servata</span> <span class='ocrx_word' id='word_1_483' title='bbox 516 3592 616 3646; x_wconf 90' lang='lat' dir='ltr'>ordine</span> <span class='ocrx_word' id='word_1_484' title='bbox 640 3609 769 3663; x_wconf 80' lang='lat' dir='ltr'>sagenas,</span> <span class='ocrx_word' id='word_1_485' title='bbox 794 3596 836 3647; x_wconf 83' lang='lat' dir='ltr'>rel</span> 
     </span>
     <span class='ocr_line' id='line_1_66' title="bbox 85 3680 837 3752; baseline 0.001 -16"><span class='ocrx_word' id='word_1_486' title='bbox 85 3682 171 3736; x_wconf 87' lang='lat' dir='ltr'>stium</span> <span class='ocrx_word' id='word_1_487' title='bbox 187 3680 319 3752; x_wconf 90' lang='lat' dir='ltr'>piscium,</span> <span class='ocrx_word' id='word_1_488' title='bbox 338 3681 365 3734; x_wconf 92' lang='lat' dir='ltr'>id</span> <span class='ocrx_word' id='word_1_489' title='bbox 386 3684 428 3734; x_wconf 89' lang='lat' dir='ltr'>est</span> <span class='ocrx_word' id='word_1_490' title='bbox 453 3680 603 3734; x_wconf 81' lang='lat' dir='ltr'>Ecclesiam</span> <span class='ocrx_word' id='word_1_491' title='bbox 621 3697 713 3748; x_wconf 86' lang='lat' dir='ltr'>suani,</span> <span class='ocrx_word' id='word_1_492' title='bbox 730 3688 758 3737; x_wconf 89' lang='lat' dir='ltr'>et</span> <span class='ocrx_word' id='word_1_493' title='bbox 774 3687 837 3737; x_wconf 88' lang='lat' dir='ltr'>vcta</span> 
     </span>
     <span class='ocr_line' id='line_1_67' title="bbox 88 3769 836 3839; baseline 0 -15"><span class='ocrx_word' id='word_1_494' title='bbox 88 3786 129 3836; x_wconf 92' lang='lat' dir='ltr'>m,</span> <span class='ocrx_word' id='word_1_495' title='bbox 147 3771 273 3839; x_wconf 91' lang='lat' dir='ltr'>primum</span> <span class='ocrx_word' id='word_1_496' title='bbox 294 3786 323 3823; x_wconf 89' lang='lat' dir='ltr'>se</span> <span class='ocrx_word' id='word_1_497' title='bbox 346 3769 420 3839; x_wconf 89' lang='lat' dir='ltr'>pelle</span> <span class='ocrx_word' id='word_1_498' title='bbox 437 3772 508 3839; x_wconf 78' lang='lat' dir='ltr'>ejus,</span> <span class='ocrx_word' id='word_1_499' title='bbox 536 3773 564 3822; x_wconf 92' lang='lat' dir='ltr'>et</span> <span class='ocrx_word' id='word_1_500' title='bbox 585 3770 768 3839; x_wconf 89' lang='lat' dir='ltr'>postmodum</span> <span class='ocrx_word' id='word_1_501' title='bbox 791 3787 836 3824; x_wconf 90' lang='lat' dir='ltr'>ca-</span> 
     </span>
     <span class='ocr_line' id='line_1_68' title="bbox 84 3857 835 3929; baseline 0 -17"><span class='ocrx_word' id='word_1_502' title='bbox 84 3860 177 3913; x_wconf 87' lang='lat' dir='ltr'>isserit</span> <span class='ocrx_word' id='word_1_503' title='bbox 191 3858 395 3929; x_wconf 91' lang='lat' dir='ltr'>impleturum;</span> <span class='ocrx_word' id='word_1_504' title='bbox 413 3858 480 3929; x_wconf 87' lang='lat' dir='ltr'>quia</span> <span class='ocrx_word' id='word_1_505' title='bbox 497 3857 591 3927; x_wconf 88' lang='lat' dir='ltr'>primo</span> <span class='ocrx_word' id='word_1_506' title='bbox 607 3857 695 3928; x_wconf 88' lang='lat' dir='ltr'>elegit</span> <span class='ocrx_word' id='word_1_507' title='bbox 710 3859 835 3927; x_wconf 87' lang='lat' dir='ltr'>infirma,</span> 
     </span>
     <span class='ocr_line' id='line_1_69' title="bbox 85 3946 836 4019; baseline 0.001 -18"><span class='ocrx_word' id='word_1_508' title='bbox 85 3952 108 4002; x_wconf 79' lang='lat' dir='ltr'>st</span> <span class='ocrx_word' id='word_1_509' title='bbox 128 3946 316 4001; x_wconf 84' lang='lat' dir='ltr'>confunderet</span> <span class='ocrx_word' id='word_1_510' title='bbox 335 3946 429 4000; x_wconf 84' lang='lat' dir='ltr'>fortia.</span> <span class='ocrx_word' id='word_1_511' title='bbox 452 3947 530 3999; x_wconf 87' lang='lat' dir='ltr'>lutra</span> <span class='ocrx_word' id='word_1_512' title='bbox 555 3946 705 4001; x_wconf 81' lang='lat' dir='ltr'>Ecclesiam</span> <span class='ocrx_word' id='word_1_513' title='bbox 729 3947 836 4019; x_wconf 90' lang='lat' dir='ltr'>quippe</span> 
     </span>
     <span class='ocr_line' id='line_1_70' title="bbox 88 4034 836 4106; baseline -0.001 -16"><span class='ocrx_word' id='word_1_514' title='bbox 88 4051 117 4090; x_wconf 88' lang='lat' dir='ltr'>m</span> <span class='ocrx_word' id='word_1_515' title='bbox 134 4035 214 4105; x_wconf 88' lang='lat' dir='ltr'>prius</span> <span class='ocrx_word' id='word_1_516' title='bbox 236 4034 317 4105; x_wconf 89' lang='lat' dir='ltr'>qnasi</span> <span class='ocrx_word' id='word_1_517' title='bbox 338 4035 443 4104; x_wconf 87' lang='lat' dir='ltr'>pellem</span> <span class='ocrx_word' id='word_1_518' title='bbox 464 4034 571 4087; x_wconf 89' lang='lat' dir='ltr'>diaboli</span> <span class='ocrx_word' id='word_1_519' title='bbox 593 4039 735 4088; x_wconf 80' lang='lat' dir='ltr'>extremos</span> <span class='ocrx_word' id='word_1_520' title='bbox 750 4041 836 4106; x_wconf 89' lang='lat' dir='ltr'>alque</span> 
     </span>
     <span class='ocr_line' id='line_1_71' title="bbox 85 4122 836 4195; baseline 0.007 -22"><span class='ocrx_word' id='word_1_521' title='bbox 85 4141 104 4178; x_wconf 73' lang='lat' dir='ltr'>vs</span> <span class='ocrx_word' id='word_1_522' title='bbox 120 4123 238 4195; x_wconf 86' lang='lat' dir='ltr'>colligit,</span> <span class='ocrx_word' id='word_1_523' title='bbox 254 4129 282 4176; x_wconf 90' lang='lat' dir='ltr'>et</span> <span class='ocrx_word' id='word_1_524' title='bbox 296 4128 480 4193; x_wconf 89' lang='lat' dir='ltr'>postmodum</span> <span class='ocrx_word' id='word_1_525' title='bbox 497 4122 588 4192; x_wconf 89' lang='lat' dir='ltr'>capite</span> <span class='ocrx_word' id='word_1_526' title='bbox 604 4123 666 4190; x_wconf 87' lang='lat' dir='ltr'>ejus</span> <span class='ocrx_word' id='word_1_527' title='bbox 680 4123 836 4193; x_wconf 88' lang='lat' dir='ltr'>prudentes</span> 
     </span>
     <span class='ocr_line' id='line_1_72' title="bbox 84 4212 834 4282; baseline 0.001 -15"><span class='ocrx_word' id='word_1_528' title='bbox 84 4213 234 4268; x_wconf 89' lang='lat' dir='ltr'>iversarios</span> <span class='ocrx_word' id='word_1_529' title='bbox 250 4213 343 4266; x_wconf 89' lang='lat' dir='ltr'>subdit</span> <span class='ocrx_word' id='word_1_530' title='bbox 360 4212 386 4282; x_wconf 89' lang='lat' dir='ltr'>(l</span> <span class='ocrx_word' id='word_1_531' title='bbox 401 4213 460 4267; x_wconf 78' lang='lat' dir='ltr'>Cor.</span> <span class='ocrx_word' id='word_1_532' title='bbox 486 4228 505 4277; x_wconf 86' lang='lat' dir='ltr'>r,</span> <span class='ocrx_word' id='word_1_533' title='bbox 532 4214 576 4278; x_wconf 71' lang='lat'>27)</span> <span class='ocrx_word' id='word_1_534' title='bbox 601 4227 607 4264; x_wconf 92' lang='lat'>:</span> <span class='ocrx_word' id='word_1_535' title='bbox 634 4213 768 4280; x_wconf 82' lang='lat' dir='ltr'>Ponetque</span> <span class='ocrx_word' id='word_1_536' title='bbox 789 4228 834 4268; x_wconf 88' lang='lat' dir='ltr'>su·</span> 
     </span>
    </p>
   </div>
   <div class='ocr_carea' id='block_1_11' title="bbox 890 3057 1740 4284">
    <p class='ocr_par' dir='ltr' id='par_1_12' title="bbox 890 3057 1740 4284">
     <span class='ocr_line' id='line_1_73' title="bbox 894 3057 1739 3129; baseline 0.011 -22"><span class='ocrx_word' id='word_1_537' title='bbox 894 3072 956 3124; x_wconf 78' lang='lat' dir='ltr'>eJus</span> <span class='ocrx_word' id='word_1_538' title='bbox 969 3057 1178 3122; x_wconf 85' lang='lat' dir='ltr'>membrorum,</span> <span class='ocrx_word' id='word_1_539' title='bbox 1194 3057 1324 3128; x_wconf 86' lang='lat' dir='ltr'>quotidie</span> <span class='ocrx_word' id='word_1_540' title='bbox 1340 3074 1392 3127; x_wconf 92' lang='lat' dir='ltr'>pro</span> <span class='ocrx_word' id='word_1_541' title='bbox 1408 3073 1442 3112; x_wconf 88' lang='lat' dir='ltr'>eo</span> <span class='ocrx_word' id='word_1_542' title='bbox 1457 3059 1582 3129; x_wconf 87' lang='lat' dir='ltr'>eleganti</span> <span class='ocrx_word' id='word_1_543' title='bbox 1596 3061 1739 3128; x_wconf 87' lang='lat' dir='ltr'>facurrdia,</span> 
     </span>
     <span class='ocr_line' id='line_1_74' title="bbox 893 3144 1739 3218; baseline 0.008 -21"><span class='ocrx_word' id='word_1_544' title='bbox 893 3150 922 3197; x_wconf 90' lang='lat' dir='ltr'>ct</span> <span class='ocrx_word' id='word_1_545' title='bbox 936 3151 1054 3199; x_wconf 85' lang='lat' dir='ltr'>uenusto</span> <span class='ocrx_word' id='word_1_546' title='bbox 1069 3144 1211 3199; x_wconf 89' lang='lat' dir='ltr'>confectas</span> <span class='ocrx_word' id='word_1_547' title='bbox 1226 3148 1240 3189; x_wconf 80' lang='lat' dir='ltr'>h</span> <span class='ocrx_word' id='word_1_548' title='bbox 1254 3147 1380 3217; x_wconf 88' lang='lat' dir='ltr'>eloquio,</span> <span class='ocrx_word' id='word_1_549' title='bbox 1405 3163 1458 3201; x_wconf 92' lang='lat' dir='ltr'>nos</span> <span class='ocrx_word' id='word_1_550' title='bbox 1473 3147 1556 3203; x_wconf 87' lang='lat' dir='ltr'>bodie</span> <span class='ocrx_word' id='word_1_551' title='bbox 1573 3165 1623 3218; x_wconf 90' lang='lat' dir='ltr'>per</span> <span class='ocrx_word' id='word_1_552' title='bbox 1640 3166 1739 3204; x_wconf 89' lang='lat' dir='ltr'>corum</span> 
     </span>
     <span class='ocr_line' id='line_1_75' title="bbox 893 3232 1737 3306; baseline 0.009 -21"><span class='ocrx_word' id='word_1_553' title='bbox 893 3232 1049 3299; x_wconf 83' lang='lat' dir='ltr'>volumina,</span> <span class='ocrx_word' id='word_1_554' title='bbox 1066 3237 1094 3287; x_wconf 88' lang='lat' dir='ltr'>et</span> <span class='ocrx_word' id='word_1_555' title='bbox 1106 3233 1196 3287; x_wconf 87' lang='lat' dir='ltr'>oculis</span> <span class='ocrx_word' id='word_1_556' title='bbox 1210 3233 1344 3305; x_wconf 88' lang='lat' dir='ltr'>legimns,</span> <span class='ocrx_word' id='word_1_557' title='bbox 1361 3239 1389 3288; x_wconf 88' lang='lat' dir='ltr'>et</span> <span class='ocrx_word' id='word_1_558' title='bbox 1404 3235 1574 3306; x_wconf 83' lang='lat' dir='ltr'>pleramque</span> <span class='ocrx_word' id='word_1_559' title='bbox 1588 3237 1737 3294; x_wconf 88' lang='lat' dir='ltr'>miramus.</span> 
     </span>
     <span class='ocr_line' id='line_1_76' title="bbox 893 3320 1738 3395; baseline 0.006 -19"><span class='ocrx_word' id='word_1_560' title='bbox 893 3320 945 3376; x_wconf 90' lang='lat' dir='ltr'>Sed</span> <span class='ocrx_word' id='word_1_561' title='bbox 970 3336 1028 3374; x_wconf 92' lang='lat' dir='ltr'>nan</span> <span class='ocrx_word' id='word_1_562' title='bbox 1053 3322 1180 3391; x_wconf 89' lang='lat' dir='ltr'>parcitur</span> <span class='ocrx_word' id='word_1_563' title='bbox 1202 3322 1229 3376; x_wconf 91' lang='lat' dir='ltr'>ei</span> <span class='ocrx_word' id='word_1_564' title='bbox 1253 3323 1339 3376; x_wconf 92' lang='lat' dir='ltr'>tantis</span> <span class='ocrx_word' id='word_1_565' title='bbox 1362 3328 1390 3378; x_wconf 89' lang='lat' dir='ltr'>et</span> <span class='ocrx_word' id='word_1_566' title='bbox 1415 3322 1529 3391; x_wconf 89' lang='lat' dir='ltr'>talibus,</span> <span class='ocrx_word' id='word_1_567' title='bbox 1555 3326 1623 3395; x_wconf 88' lang='lat' dir='ltr'>quia</span> <span class='ocrx_word' id='word_1_568' title='bbox 1646 3327 1738 3381; x_wconf 89' lang='lat' dir='ltr'>oratio</span> 
     </span>
     <span class='ocr_line' id='line_1_77' title="bbox 893 3409 1740 3483; baseline 0.007 -20"><span class='ocrx_word' id='word_1_569' title='bbox 893 3409 1109 3479; x_wconf 75' lang='lat' dir='ltr'>praevaricatum</span> <span class='ocrx_word' id='word_1_570' title='bbox 1129 3410 1162 3464; x_wconf 88' lang='lat' dir='ltr'>tit</span> <span class='ocrx_word' id='word_1_571' title='bbox 1183 3411 1213 3464; x_wconf 95' lang='lat' dir='ltr'>in</span> <span class='ocrx_word' id='word_1_572' title='bbox 1233 3417 1394 3482; x_wconf 86' lang='lat' dir='ltr'>peccatum,</span> <span class='ocrx_word' id='word_1_573' title='bbox 1411 3418 1440 3466; x_wconf 90' lang='lat' dir='ltr'>et</span> <span class='ocrx_word' id='word_1_574' title='bbox 1452 3413 1515 3483; x_wconf 83' lang='lat' dir='ltr'>jugi</span> <span class='ocrx_word' id='word_1_575' title='bbox 1530 3415 1696 3469; x_wconf 87' lang='lat' dir='ltr'>curvatione</span> <span class='ocrx_word' id='word_1_576' title='bbox 1712 3420 1740 3468; x_wconf 89' lang='lat' dir='ltr'>et</span> 
     </span>
     <span class='ocr_line' id='line_1_78' title="bbox 893 3498 1738 3575; baseline 0.013 -25"><span class='ocrx_word' id='word_1_577' title='bbox 893 3498 1045 3569; x_wconf 91' lang='lat' dir='ltr'>multiplici</span> <span class='ocrx_word' id='word_1_578' title='bbox 1062 3499 1164 3570; x_wconf 89' lang='lat' dir='ltr'>capitis</span> <span class='ocrx_word' id='word_1_579' title='bbox 1179 3501 1325 3570; x_wconf 90' lang='lat' dir='ltr'>pressione</span> <span class='ocrx_word' id='word_1_580' title='bbox 1343 3517 1429 3571; x_wconf 87' lang='lat' dir='ltr'>quam</span> <span class='ocrx_word' id='word_1_581' title='bbox 1447 3503 1609 3558; x_wconf 87' lang='lat' dir='ltr'>ostensione</span> <span class='ocrx_word' id='word_1_582' title='bbox 1627 3506 1738 3575; x_wconf 82' lang='lat' dir='ltr'>juctan·</span> 
     </span>
     <span class='ocr_line' id='line_1_79' title="bbox 891 3587 1737 3662; baseline 0.012 -22"><span class='ocrx_word' id='word_1_583' title='bbox 891 3587 938 3641; x_wconf 77' lang='lat' dir='ltr'>tiae</span> <span class='ocrx_word' id='word_1_584' title='bbox 957 3588 1129 3643; x_wconf 89' lang='lat' dir='ltr'>creberrime</span> <span class='ocrx_word' id='word_1_585' title='bbox 1153 3594 1235 3644; x_wconf 85' lang='lat' dir='ltr'>terrae</span> <span class='ocrx_word' id='word_1_586' title='bbox 1257 3589 1396 3660; x_wconf 87' lang='lat' dir='ltr'>deligunt,</span> <span class='ocrx_word' id='word_1_587' title='bbox 1423 3607 1481 3645; x_wconf 93' lang='lat' dir='ltr'>non</span> <span class='ocrx_word' id='word_1_588' title='bbox 1503 3591 1545 3646; x_wconf 88' lang='lat' dir='ltr'>eis</span> <span class='ocrx_word' id='word_1_589' title='bbox 1567 3595 1737 3662; x_wconf 88' lang='lat' dir='ltr'>remedium,</span> 
     </span>
     <span class='ocr_line' id='line_1_80' title="bbox 892 3676 1738 3755; baseline 0.012 -27"><span class='ocrx_word' id='word_1_590' title='bbox 892 3676 940 3729; x_wconf 86' lang='lat' dir='ltr'>sed</span> <span class='ocrx_word' id='word_1_591' title='bbox 958 3676 1129 3748; x_wconf 89' lang='lat' dir='ltr'>supplicium</span> <span class='ocrx_word' id='word_1_592' title='bbox 1151 3677 1273 3749; x_wconf 90' lang='lat' dir='ltr'>acquirit</span> <span class='ocrx_word' id='word_1_593' title='bbox 1288 3687 1439 3734; x_wconf 79' lang='lat' dir='ltr'>aeteruum.</span> <span class='ocrx_word' id='word_1_594' title='bbox 1461 3681 1514 3734; x_wconf 88' lang='lat' dir='ltr'>Per</span> <span class='ocrx_word' id='word_1_595' title='bbox 1534 3682 1611 3753; x_wconf 89' lang='lat' dir='ltr'>quod</span> <span class='ocrx_word' id='word_1_596' title='bbox 1628 3684 1738 3755; x_wconf 90' lang='lat' dir='ltr'>perspi-</span> 
     </span>
     <span class='ocr_line' id='line_1_81' title="bbox 891 3765 1737 3843; baseline 0.013 -27"><span class='ocrx_word' id='word_1_597' title='bbox 891 3780 943 3817; x_wconf 87' lang='lat' dir='ltr'>cue</span> <span class='ocrx_word' id='word_1_598' title='bbox 966 3765 1050 3819; x_wconf 88' lang='lat' dir='ltr'>datur</span> <span class='ocrx_word' id='word_1_599' title='bbox 1073 3765 1196 3836; x_wconf 89' lang='lat' dir='ltr'>intelligi</span> <span class='ocrx_word' id='word_1_600' title='bbox 1222 3767 1300 3838; x_wconf 92' lang='lat' dir='ltr'>quod</span> <span class='ocrx_word' id='word_1_601' title='bbox 1325 3768 1419 3822; x_wconf 88' lang='lat' dir='ltr'>omnis</span> <span class='ocrx_word' id='word_1_602' title='bbox 1442 3770 1545 3836; x_wconf 89' lang='lat' dir='ltr'>oratio,</span> <span class='ocrx_word' id='word_1_603' title='bbox 1573 3772 1615 3826; x_wconf 91' lang='lat' dir='ltr'>vcl</span> <span class='ocrx_word' id='word_1_604' title='bbox 1640 3789 1737 3843; x_wconf 89' lang='lat' dir='ltr'>opera,</span> 
     </span>
     <span class='ocr_line' id='line_1_82' title="bbox 891 3851 1737 3923; baseline 0.012 -19"><span class='ocrx_word' id='word_1_605' title='bbox 891 3868 955 3923; x_wconf 82' lang='lat' dir='ltr'>quoe</span> <span class='ocrx_word' id='word_1_606' title='bbox 969 3851 1000 3906; x_wconf 90' lang='lat' dir='ltr'>in</span> <span class='ocrx_word' id='word_1_607' title='bbox 1016 3852 1119 3907; x_wconf 85' lang='lat' dir='ltr'>Christi</span> <span class='ocrx_word' id='word_1_608' title='bbox 1137 3854 1192 3908; x_wconf 90' lang='lat' dir='ltr'>tide</span> <span class='ocrx_word' id='word_1_609' title='bbox 1209 3871 1267 3909; x_wconf 90' lang='lat' dir='ltr'>nan</span> <span class='ocrx_word' id='word_1_610' title='bbox 1282 3860 1400 3910; x_wconf 89' lang='lat' dir='ltr'>manent</span> <span class='ocrx_word' id='word_1_611' title='bbox 1412 3856 1538 3923; x_wconf 90' lang='lat' dir='ltr'>fundata,</span> <span class='ocrx_word' id='word_1_612' title='bbox 1555 3875 1642 3914; x_wconf 87' lang='lat' dir='ltr'>vacua</span> <span class='ocrx_word' id='word_1_613' title='bbox 1658 3861 1737 3915; x_wconf 87' lang='lat' dir='ltr'>inve·</span> 
     </span>
     <span class='ocr_line' id='line_1_83' title="bbox 895 3940 1737 4013; baseline 0.012 -20"><span class='ocrx_word' id='word_1_614' title='bbox 895 3940 1012 3995; x_wconf 90' lang='lat' dir='ltr'>niautur</span> <span class='ocrx_word' id='word_1_615' title='bbox 1038 3945 1167 4012; x_wconf 89' lang='lat' dir='ltr'>tempore</span> <span class='ocrx_word' id='word_1_616' title='bbox 1192 3942 1303 4013; x_wconf 88' lang='lat' dir='ltr'>judicii,</span> <span class='ocrx_word' id='word_1_617' title='bbox 1334 3949 1363 3998; x_wconf 85' lang='lat' dir='ltr'>ei</span> <span class='ocrx_word' id='word_1_618' title='bbox 1389 3944 1499 3998; x_wconf 87' lang='lat' dir='ltr'>nociva.</span> <span class='ocrx_word' id='word_1_619' title='bbox 1528 3946 1594 4000; x_wconf 89' lang='lat' dir='ltr'>Sine</span> <span class='ocrx_word' id='word_1_620' title='bbox 1625 3947 1737 4004; x_wconf 87' lang='lat' dir='ltr'>Christo</span> 
     </span>
     <span class='ocr_line' id='line_1_84' title="bbox 890 4029 1735 4105; baseline 0.013 -23"><span class='ocrx_word' id='word_1_621' title='bbox 890 4029 968 4084; x_wconf 86' lang='lat' dir='ltr'>enim</span> <span class='ocrx_word' id='word_1_622' title='bbox 983 4031 1076 4085; x_wconf 87' lang='lat' dir='ltr'>omnis</span> <span class='ocrx_word' id='word_1_623' title='bbox 1092 4031 1182 4085; x_wconf 88' lang='lat' dir='ltr'>virtus</span> <span class='ocrx_word' id='word_1_624' title='bbox 1192 4032 1221 4085; x_wconf 93' lang='lat' dir='ltr'>in</span> <span class='ocrx_word' id='word_1_625' title='bbox 1231 4031 1300 4086; x_wconf 79' lang='lat' dir='ltr'>vitio</span> <span class='ocrx_word' id='word_1_626' title='bbox 1311 4037 1353 4087; x_wconf 86' lang='lat' dir='ltr'>est</span> <span class='ocrx_word' id='word_1_627' title='bbox 1370 4033 1500 4087; x_wconf 91' lang='lat' dir='ltr'>:dicente</span> <span class='ocrx_word' id='word_1_628' title='bbox 1511 4050 1563 4104; x_wconf 94' lang='lat' dir='ltr'>ego</span> <span class='ocrx_word' id='word_1_629' title='bbox 1577 4051 1584 4088; x_wconf 90' lang='lat'>:</span> <span class='ocrx_word' id='word_1_630' title='bbox 1600 4037 1662 4105; x_wconf 77' lang='lat' dir='ltr'>Ego</span> <span class='ocrx_word' id='word_1_631' title='bbox 1676 4053 1735 4092; x_wconf 85' lang='lat' dir='ltr'>sum</span> 
     </span>
     <span class='ocr_line' id='line_1_85' title="bbox 892 4119 1737 4189; baseline 0.009 -16"><span class='ocrx_word' id='word_1_632' title='bbox 892 4119 941 4173; x_wconf 82' lang='lat' dir='ltr'>lua</span> <span class='ocrx_word' id='word_1_633' title='bbox 955 4119 1073 4174; x_wconf 87' lang='lat' dir='ltr'>mundi:</span> <span class='ocrx_word' id='word_1_634' title='bbox 1092 4122 1140 4188; x_wconf 81' lang='lat' dir='ltr'>qui</span> <span class='ocrx_word' id='word_1_635' title='bbox 1154 4122 1279 4189; x_wconf 86' lang='lat' dir='ltr'>sequitur</span> <span class='ocrx_word' id='word_1_636' title='bbox 1301 4137 1342 4175; x_wconf 89' lang='lat' dir='ltr'>me</span> <span class='ocrx_word' id='word_1_637' title='bbox 1363 4138 1416 4177; x_wconf 88' lang='lat' dir='ltr'>non</span> <span class='ocrx_word' id='word_1_638' title='bbox 1438 4124 1589 4178; x_wconf 84' lang='lat' dir='ltr'>ambulabit</span> <span class='ocrx_word' id='word_1_639' title='bbox 1610 4126 1639 4178; x_wconf 86' lang='lat' dir='ltr'>in</span> <span class='ocrx_word' id='word_1_640' title='bbox 1663 4130 1737 4180; x_wconf 86' lang='lat' dir='ltr'>tene-</span> 
     </span>
     <span class='ocr_line' id='line_1_86' title="bbox 891 4210 1738 4284; baseline 0.008 -21"><span class='ocrx_word' id='word_1_641' title='bbox 891 4210 957 4278; x_wconf 87' lang='lat' dir='ltr'>bris,</span> <span class='ocrx_word' id='word_1_642' title='bbox 981 4210 1029 4265; x_wconf 89' lang='lat' dir='ltr'>sed</span> <span class='ocrx_word' id='word_1_643' title='bbox 1052 4211 1160 4266; x_wconf 81' lang='lat' dir='ltr'>babebit</span> <span class='ocrx_word' id='word_1_644' title='bbox 1182 4213 1270 4265; x_wconf 83' lang='lat' dir='ltr'>lumen</span> <span class='ocrx_word' id='word_1_645' title='bbox 1294 4214 1358 4266; x_wconf 79' lang='lat' dir='ltr'>viter</span> <span class='ocrx_word' id='word_1_646' title='bbox 1382 4214 1470 4282; x_wconf 87' lang='lat' dir='ltr'>(Joan.</span> <span class='ocrx_word' id='word_1_647' title='bbox 1489 4229 1547 4279; x_wconf 55' lang='lat' dir='ltr'>viiii,</span> <span class='ocrx_word' id='word_1_648' title='bbox 1566 4214 1618 4284; x_wconf 77' lang='lat' dir='ltr'>ta).</span> <span class='ocrx_word' id='word_1_649' title='bbox 1637 4215 1670 4269; x_wconf 82' lang='lat' dir='ltr'>Et</span> <span class='ocrx_word' id='word_1_650' title='bbox 1684 4215 1738 4270; x_wconf 91' lang='lat' dir='ltr'>ite-</span> 
     </span>
    </p>
   </div>
   <div class='ocr_carea' id='block_1_12' title="bbox 85 4299 1734 4374">
    <p class='ocr_par' dir='ltr' id='par_1_13' title="bbox 85 4299 1734 4374">
     <span class='ocr_line' id='line_1_87' title="bbox 85 4299 1734 4374; baseline 0.001 -17"><span class='ocrx_word' id='word_1_651' title='bbox 85 4318 110 4357; x_wconf 87' lang='lat' dir='ltr'>m</span> <span class='ocrx_word' id='word_1_652' title='bbox 131 4304 257 4357; x_wconf 66' lang='lat' dir='ltr'>motinus</span> <span class='ocrx_word' id='word_1_653' title='bbox 276 4317 396 4367; x_wconf 82' lang='lat' dir='ltr'>mmmm,</span> <span class='ocrx_word' id='word_1_654' title='bbox 420 4300 487 4371; x_wconf 88' lang='lat' dir='ltr'>quia</span> <span class='ocrx_word' id='word_1_655' title='bbox 509 4299 577 4353; x_wconf 89' lang='lat' dir='ltr'>farti</span> <span class='ocrx_word' id='word_1_656' title='bbox 601 4299 683 4353; x_wconf 89' lang='lat' dir='ltr'>illum</span> <span class='ocrx_word' id='word_1_657' title='bbox 707 4302 835 4370; x_wconf 85' lang='lat' dir='ltr'>potentia</span> <span class='ocrx_word' id='word_1_658' title='bbox 854 4312 955 4368; x_wconf 86' lang='lat' dir='ltr'>prum</span> <span class='ocrx_word' id='word_1_659' title='bbox 979 4315 985 4353; x_wconf 96' lang='lat'><strong>:</strong></span> <span class='ocrx_word' id='word_1_660' title='bbox 1012 4301 1068 4365; x_wconf 80' lang='lat' dir='ltr'>Eae</span> <span class='ocrx_word' id='word_1_661' title='bbox 1089 4314 1148 4353; x_wconf 87' lang='lat' dir='ltr'>sum</span> <span class='ocrx_word' id='word_1_662' title='bbox 1168 4301 1224 4368; x_wconf 83' lang='lat' dir='ltr'>uio,</span> <span class='ocrx_word' id='word_1_663' title='bbox 1250 4301 1362 4364; x_wconf 83' lang='lat' dir='ltr'>ueritas,</span> <span class='ocrx_word' id='word_1_664' title='bbox 1388 4306 1413 4353; x_wconf 89' lang='lat' dir='ltr'>et</span> <span class='ocrx_word' id='word_1_665' title='bbox 1437 4302 1496 4355; x_wconf 82' lang='lat' dir='ltr'>vitu</span> <span class='ocrx_word' id='word_1_666' title='bbox 1517 4301 1607 4372; x_wconf 81' lang='lat' dir='ltr'>(toan.</span> <span class='ocrx_word' id='word_1_667' title='bbox 1625 4319 1681 4371; x_wconf 85' lang='lat' dir='ltr'>xrv,</span> <span class='ocrx_word' id='word_1_668' title='bbox 1698 4304 1734 4374; x_wconf 84' lang='lat' dir='ltr'>o).</span> 
     </span>
    </p>
   </div>
   <div class='ocr_carea' id='block_1_13' title="bbox 85 4389 835 5171">
    <p class='ocr_par' dir='ltr' id='par_1_14' title="bbox 85 4389 835 5171">
     <span class='ocr_line' id='line_1_88' title="bbox 85 4389 831 4461; baseline 0 -16"><span class='ocrx_word' id='word_1_669' title='bbox 85 4391 130 4457; x_wconf 86' lang='lat' dir='ltr'>rii,</span> <span class='ocrx_word' id='word_1_670' title='bbox 160 4407 211 4444; x_wconf 91' lang='lat' dir='ltr'>nec</span> <span class='ocrx_word' id='word_1_671' title='bbox 236 4391 388 4461; x_wconf 88' lang='lat' dir='ltr'>plusquam</span> <span class='ocrx_word' id='word_1_672' title='bbox 418 4389 532 4458; x_wconf 83' lang='lat' dir='ltr'>expedit</span> <span class='ocrx_word' id='word_1_673' title='bbox 557 4389 655 4442; x_wconf 86' lang='lat' dir='ltr'>saevire</span> <span class='ocrx_word' id='word_1_674' title='bbox 681 4391 831 4458; x_wconf 85' lang='lat' dir='ltr'>permittit.</span> 
     </span>
     <span class='ocr_line' id='line_1_89' title="bbox 85 4476 835 4546; baseline -0.003 -12"><span class='ocrx_word' id='word_1_675' title='bbox 85 4479 242 4534; x_wconf 81' lang='lat' dir='ltr'>rEcclesiae</span> <span class='ocrx_word' id='word_1_676' title='bbox 262 4480 388 4532; x_wconf 79' lang='lat' dir='ltr'>ttemertto</span> <span class='ocrx_word' id='word_1_677' title='bbox 410 4478 481 4540; x_wconf 84' lang='lat' dir='ltr'>belli,</span> <span class='ocrx_word' id='word_1_678' title='bbox 502 4492 548 4530; x_wconf 80' lang='lat' dir='ltr'>racc</span> <span class='ocrx_word' id='word_1_679' title='bbox 564 4477 639 4530; x_wconf 87' lang='lat' dir='ltr'>ultra</span> <span class='ocrx_word' id='word_1_680' title='bbox 655 4476 742 4530; x_wconf 85' lang='lat' dir='ltr'>addas</span> <span class='ocrx_word' id='word_1_681' title='bbox 761 4478 835 4546; x_wconf 87' lang='lat' dir='ltr'>loqui</span> 
     </span>
     <span class='ocr_line' id='line_1_90' title="bbox 85 4565 833 4640; baseline -0.003 -19"><span class='ocrx_word' id='word_1_682' title='bbox 85 4583 178 4640; x_wconf 83' lang='lat' dir='ltr'>quam</span> <span class='ocrx_word' id='word_1_683' title='bbox 202 4567 327 4636; x_wconf 88' lang='lat' dir='ltr'>positum</span> <span class='ocrx_word' id='word_1_684' title='bbox 351 4571 404 4632; x_wconf 84' lang='lat' dir='ltr'>est,</span> <span class='ocrx_word' id='word_1_685' title='bbox 422 4572 450 4619; x_wconf 85' lang='lat' dir='ltr'>et</span> <span class='ocrx_word' id='word_1_686' title='bbox 466 4570 574 4618; x_wconf 87' lang='lat' dir='ltr'>sacrate</span> <span class='ocrx_word' id='word_1_687' title='bbox 590 4570 747 4635; x_wconf 87' lang='lat' dir='ltr'>receptum.</span> <span class='ocrx_word' id='word_1_688' title='bbox 765 4565 833 4634; x_wconf 82' lang='lat' dir='ltr'>Ejus</span> 
     </span>
     <span class='ocr_line' id='line_1_91' title="bbox 98 4654 834 4725; baseline -0.004 -15"><span class='ocrx_word' id='word_1_689' title='bbox 98 4661 127 4710; x_wconf 90' lang='lat' dir='ltr'>te</span> <span class='ocrx_word' id='word_1_690' title='bbox 143 4656 255 4710; x_wconf 86' lang='lat' dir='ltr'>interna</span> <span class='ocrx_word' id='word_1_691' title='bbox 274 4654 375 4725; x_wconf 76' lang='lat' dir='ltr'>praelia</span> <span class='ocrx_word' id='word_1_692' title='bbox 399 4655 431 4708; x_wconf 88' lang='lat' dir='ltr'>ad</span> <span class='ocrx_word' id='word_1_693' title='bbox 456 4658 581 4707; x_wconf 79' lang='lat' dir='ltr'>trientem</span> <span class='ocrx_word' id='word_1_694' title='bbox 597 4669 710 4720; x_wconf 88' lang='lat' dir='ltr'>revoca,</span> <span class='ocrx_word' id='word_1_695' title='bbox 727 4658 755 4707; x_wconf 91' lang='lat' dir='ltr'>et</span> <span class='ocrx_word' id='word_1_696' title='bbox 775 4655 834 4708; x_wconf 91' lang='lat' dir='ltr'>noli</span> 
     </span>
     <span class='ocr_line' id='line_1_92' title="bbox 85 4742 831 4812; baseline -0.003 -15"><span class='ocrx_word' id='word_1_697' title='bbox 85 4760 139 4799; x_wconf 48' lang='lat' dir='ltr'>,um</span> <span class='ocrx_word' id='word_1_698' title='bbox 169 4759 300 4798; x_wconf 87' lang='lat' dir='ltr'>accusare</span> <span class='ocrx_word' id='word_1_699' title='bbox 329 4744 363 4797; x_wconf 89' lang='lat' dir='ltr'>de</span> <span class='ocrx_word' id='word_1_700' title='bbox 392 4744 541 4808; x_wconf 66' lang='lat' dir='ltr'>rixlcriore,</span> <span class='ocrx_word' id='word_1_701' title='bbox 569 4757 655 4812; x_wconf 90' lang='lat' dir='ltr'>quam</span> <span class='ocrx_word' id='word_1_702' title='bbox 681 4742 831 4812; x_wconf 80' lang='lat' dir='ltr'>conspicis,</span> 
     </span>
     <span class='ocr_line' id='line_1_93' title="bbox 91 4831 832 4903; baseline -0.004 -16"><span class='ocrx_word' id='word_1_703' title='bbox 91 4833 202 4887; x_wconf 89' lang='lat' dir='ltr'>elevata</span> <span class='ocrx_word' id='word_1_704' title='bbox 215 4832 343 4903; x_wconf 89' lang='lat' dir='ltr'>potentia</span> <span class='ocrx_word' id='word_1_705' title='bbox 363 4848 368 4885; x_wconf 95' lang='lat'>:</span> <span class='ocrx_word' id='word_1_706' title='bbox 392 4832 432 4885; x_wconf 90' lang='lat' dir='ltr'>vel</span> <span class='ocrx_word' id='word_1_707' title='bbox 449 4839 524 4884; x_wconf 92' lang='lat' dir='ltr'>certe</span> <span class='ocrx_word' id='word_1_708' title='bbox 542 4836 696 4896; x_wconf 89' lang='lat' dir='ltr'>memento,</span> <span class='ocrx_word' id='word_1_709' title='bbox 714 4832 782 4901; x_wconf 89' lang='lat' dir='ltr'>quia</span> <span class='ocrx_word' id='word_1_710' title='bbox 796 4831 832 4884; x_wconf 93' lang='lat' dir='ltr'>ad</span> 
     </span>
     <span class='ocr_line' id='line_1_94' title="bbox 85 4919 831 4992; baseline -0.004 -16"><span class='ocrx_word' id='word_1_711' title='bbox 85 4923 104 4977; x_wconf 80' lang='lat' dir='ltr'>ri</span> <span class='ocrx_word' id='word_1_712' title='bbox 119 4938 225 4992; x_wconf 85' lang='lat' dir='ltr'>pugnae</span> <span class='ocrx_word' id='word_1_713' title='bbox 238 4927 383 4975; x_wconf 90' lang='lat' dir='ltr'>certamen</span> <span class='ocrx_word' id='word_1_714' title='bbox 399 4920 564 4990; x_wconf 89' lang='lat' dir='ltr'>opponitur,</span> <span class='ocrx_word' id='word_1_715' title='bbox 578 4924 610 4973; x_wconf 92' lang='lat' dir='ltr'>ut</span> <span class='ocrx_word' id='word_1_716' title='bbox 622 4920 672 4991; x_wconf 91' lang='lat' dir='ltr'>qni</span> <span class='ocrx_word' id='word_1_717' title='bbox 684 4919 831 4989; x_wconf 83' lang='lat' dir='ltr'>legitime⁰</span> 
     </span>
     <span class='ocr_line' id='line_1_95' title="bbox 85 5005 832 5078; baseline -0.007 -12"><span class='ocrx_word' id='word_1_718' title='bbox 85 5012 145 5077; x_wconf 88' lang='lat' dir='ltr'>erit,</span> <span class='ocrx_word' id='word_1_719' title='bbox 162 5017 326 5065; x_wconf 86' lang='lat' dir='ltr'>coronetur.</span> <span class='ocrx_word' id='word_1_720' title='bbox 348 5010 376 5064; x_wconf 91' lang='lat' dir='ltr'>Si</span> <span class='ocrx_word' id='word_1_721' title='bbox 394 5017 490 5063; x_wconf 86' lang='lat' dir='ltr'>tamen</span> <span class='ocrx_word' id='word_1_722' title='bbox 506 5007 650 5078; x_wconf 89' lang='lat' dir='ltr'>patienter</span> <span class='ocrx_word' id='word_1_723' title='bbox 666 5005 676 5043; x_wconf 76' lang='lat' dir='ltr'>f</span> <span class='ocrx_word' id='word_1_724' title='bbox 694 5007 832 5061; x_wconf 88' lang='lat' dir='ltr'>tentatio-</span> 
     </span>
     <span class='ocr_line' id='line_1_96' title="bbox 85 5095 833 5171; baseline -0.008 -16"><span class='ocrx_word' id='word_1_725' title='bbox 85 5105 195 5171; x_wconf 82' lang='lat' dir='ltr'>npetus</span> <span class='ocrx_word' id='word_1_726' title='bbox 217 5101 321 5162; x_wconf 86' lang='lat' dir='ltr'>ferens,</span> <span class='ocrx_word' id='word_1_727' title='bbox 339 5099 373 5153; x_wconf 87' lang='lat' dir='ltr'>dc</span> <span class='ocrx_word' id='word_1_728' title='bbox 393 5096 511 5168; x_wconf 91' lang='lat' dir='ltr'>proprio</span> <span class='ocrx_word' id='word_1_729' title='bbox 529 5095 600 5150; x_wconf 87' lang='lat' dir='ltr'>niliil</span> <span class='ocrx_word' id='word_1_730' title='bbox 616 5095 833 5166; x_wconf 72' lang='lat' dir='ltr'>praesumpserit</span> 
     </span>
    </p>
   </div>
   <div class='ocr_carea' id='block_1_14' title="bbox 85 5243 830 5582">
    <p class='ocr_par' dir='ltr' id='par_1_15' title="bbox 93 5243 481 5314">
     <span class='ocr_line' id='line_1_97' title="bbox 93 5243 481 5314; baseline -0.015 -16"><span class='ocrx_word' id='word_1_731' title='bbox 93 5259 153 5314; x_wconf 82' lang='lat' dir='ltr'>quae</span> <span class='ocrx_word' id='word_1_732' title='bbox 167 5244 270 5297; x_wconf 76' lang='lat' dir='ltr'>radiaco</span> <span class='ocrx_word' id='word_1_733' title='bbox 284 5243 481 5311; x_wconf 80' lang='lat' dir='ltr'>promittentia.</span> 
     </span>
    </p>

    <p class='ocr_par' dir='ltr' id='par_1_16' title="bbox 85 5309 830 5452">
     <span class='ocr_line' id='line_1_98' title="bbox 85 5309 830 5380; baseline -0.008 -12"><span class='ocrx_word' id='word_1_734' title='bbox 85 5331 141 5380; x_wconf 90' lang='lat' dir='ltr'>ge:</span> <span class='ocrx_word' id='word_1_735' title='bbox 157 5317 316 5368; x_wconf 83' lang='lat' dir='ltr'>intasesest</span> <span class='ocrx_word' id='word_1_736' title='bbox 335 5328 341 5366; x_wconf 95' lang='lat'>:</span> <span class='ocrx_word' id='word_1_737' title='bbox 361 5312 428 5366; x_wconf 91' lang='lat' dir='ltr'>dicit</span> <span class='ocrx_word' id='word_1_738' title='bbox 444 5311 522 5365; x_wconf 88' lang='lat' dir='ltr'>enim</span> <span class='ocrx_word' id='word_1_739' title='bbox 537 5314 629 5365; x_wconf 85' lang='lat' dir='ltr'>textus</span> <span class='ocrx_word' id='word_1_740' title='bbox 650 5309 703 5363; x_wconf 84' lang='lat' dir='ltr'>lob</span> <span class='ocrx_word' id='word_1_741' title='bbox 726 5325 732 5362; x_wconf 92' lang='lat'>:</span> <span class='ocrx_word' id='word_1_742' title='bbox 755 5311 830 5364; x_wconf 88' lang='lat' dir='ltr'>Nun-</span> 
     </span>
     <span class='ocr_line' id='line_1_99' title="bbox 85 5386 370 5452; baseline -0.018 -12"><span class='ocrx_word' id='word_1_743' title='bbox 85 5387 160 5440; x_wconf 84' lang='lat' dir='ltr'>ludcs</span> <span class='ocrx_word' id='word_1_744' title='bbox 174 5388 199 5438; x_wconf 86' lang='lat' dir='ltr'>ri</span> <span class='ocrx_word' id='word_1_745' title='bbox 212 5387 292 5452; x_wconf 84' lang='lat' dir='ltr'>quasi</span> <span class='ocrx_word' id='word_1_746' title='bbox 307 5386 370 5436; x_wconf 77' lang='lat' dir='ltr'>anit</span> 
     </span>
    </p>

    <p class='ocr_par' dir='ltr' id='par_1_17' title="bbox 90 5459 165 5525">
     <span class='ocr_line' id='line_1_100' title="bbox 90 5459 165 5525; baseline -0.013 -16"><span class='ocrx_word' id='word_1_747' title='bbox 90 5459 165 5525; x_wconf 80' lang='lat' dir='ltr'>qula.</span> 
     </span>
    </p>

    <p class='ocr_par' dir='ltr' id='par_1_18' title="bbox 85 5529 184 5582">
     <span class='ocr_line' id='line_1_101' title="bbox 85 5529 184 5582; baseline -0.02 -2"><span class='ocrx_word' id='word_1_748' title='bbox 85 5546 98 5580; x_wconf 70' lang='grc' dir='ltr'>τ.</span> <span class='ocrx_word' id='word_1_749' title='bbox 115 5529 133 5582; x_wconf 84' lang='lat' dir='ltr'>f.</span> <span class='ocrx_word' id='word_1_750' title='bbox 149 5533 184 5580; x_wconf 77' lang='lat' dir='ltr'>et.</span> 
     </span>
    </p>
   </div>
   <div class='ocr_carea' id='block_1_15' title="bbox 885 4386 1736 5167">
    <p class='ocr_par' dir='ltr' id='par_1_19' title="bbox 885 4386 1736 5167">
     <span class='ocr_line' id='line_1_102' title="bbox 889 4386 1736 4458; baseline 0.009 -19"><span class='ocrx_word' id='word_1_751' title='bbox 889 4386 1023 4458; x_wconf 80' lang='lat' dir='ltr'>Quisquis</span> <span class='ocrx_word' id='word_1_752' title='bbox 1040 4403 1107 4441; x_wconf 83' lang='lat' dir='ltr'>vero</span> <span class='ocrx_word' id='word_1_753' title='bbox 1122 4387 1232 4455; x_wconf 79' lang='lat' dir='ltr'>lismen,</span> <span class='ocrx_word' id='word_1_754' title='bbox 1253 4388 1412 4456; x_wconf 83' lang='lat' dir='ltr'>veritatem,</span> <span class='ocrx_word' id='word_1_755' title='bbox 1429 4389 1527 4457; x_wconf 89' lang='lat' dir='ltr'>vitam,</span> <span class='ocrx_word' id='word_1_756' title='bbox 1544 4397 1572 4445; x_wconf 92' lang='lat' dir='ltr'>et</span> <span class='ocrx_word' id='word_1_757' title='bbox 1587 4391 1662 4446; x_wconf 90' lang='lat' dir='ltr'>viam</span> <span class='ocrx_word' id='word_1_758' title='bbox 1679 4409 1736 4447; x_wconf 90' lang='lat' dir='ltr'>non</span> 
     </span>
     <span class='ocr_line' id='line_1_103' title="bbox 889 4475 1734 4549; baseline 0.007 -19"><span class='ocrx_word' id='word_1_759' title='bbox 889 4480 978 4542; x_wconf 91' lang='lat' dir='ltr'>tcuct,</span> <span class='ocrx_word' id='word_1_760' title='bbox 995 4475 1025 4530; x_wconf 91' lang='lat' dir='ltr'>in</span> <span class='ocrx_word' id='word_1_761' title='bbox 1039 4476 1164 4531; x_wconf 87' lang='lat' dir='ltr'>tenebris</span> <span class='ocrx_word' id='word_1_762' title='bbox 1180 4477 1342 4536; x_wconf 89' lang='lat' dir='ltr'>ambulans.</span> <span class='ocrx_word' id='word_1_763' title='bbox 1358 4481 1386 4532; x_wconf 92' lang='lat' dir='ltr'>et</span> <span class='ocrx_word' id='word_1_764' title='bbox 1400 4479 1582 4534; x_wconf 89' lang='lat' dir='ltr'>mendacium</span> <span class='ocrx_word' id='word_1_765' title='bbox 1598 4482 1734 4549; x_wconf 88' lang='lat' dir='ltr'>retinens,</span> 
     </span>
     <span class='ocr_line' id='line_1_104' title="bbox 888 4564 1736 4637; baseline 0.008 -19"><span class='ocrx_word' id='word_1_766' title='bbox 888 4579 940 4634; x_wconf 87' lang='lat' dir='ltr'>per</span> <span class='ocrx_word' id='word_1_767' title='bbox 963 4564 1044 4618; x_wconf 85' lang='lat' dir='ltr'>deria</span> <span class='ocrx_word' id='word_1_768' title='bbox 1066 4581 1175 4630; x_wconf 86' lang='lat' dir='ltr'>errans,</span> <span class='ocrx_word' id='word_1_769' title='bbox 1202 4571 1325 4620; x_wconf 90' lang='lat' dir='ltr'>mortem</span> <span class='ocrx_word' id='word_1_770' title='bbox 1350 4573 1486 4621; x_wconf 78' lang='lat' dir='ltr'>aternam</span> <span class='ocrx_word' id='word_1_771' title='bbox 1515 4569 1643 4624; x_wconf 88' lang='lat' dir='ltr'>incurrit.</span> <span class='ocrx_word' id='word_1_772' title='bbox 1671 4571 1736 4637; x_wconf 81' lang='lat' dir='ltr'>Quis</span> 
     </span>
     <span class='ocr_line' id='line_1_105' title="bbox 888 4651 1734 4729; baseline 0.008 -24"><span class='ocrx_word' id='word_1_773' title='bbox 888 4651 1018 4708; x_wconf 80' lang='lat' dir='ltr'>revelabit</span> <span class='ocrx_word' id='word_1_774' title='bbox 1035 4654 1134 4719; x_wconf 76' lang='lat' dir='ltr'>{aciem</span> <span class='ocrx_word' id='word_1_775' title='bbox 1149 4652 1300 4707; x_wconf 82' lang='lat' dir='ltr'>indumenti</span> <span class='ocrx_word' id='word_1_776' title='bbox 1318 4655 1397 4724; x_wconf 80' lang='lat' dir='ltr'>ejus?</span> <span class='ocrx_word' id='word_1_777' title='bbox 1411 4654 1440 4710; x_wconf 86' lang='lat' dir='ltr'>id</span> <span class='ocrx_word' id='word_1_778' title='bbox 1457 4661 1499 4709; x_wconf 91' lang='lat' dir='ltr'>cst</span> <span class='ocrx_word' id='word_1_779' title='bbox 1517 4658 1654 4712; x_wconf 90' lang='lat' dir='ltr'>malitiam</span> <span class='ocrx_word' id='word_1_780' title='bbox 1673 4658 1734 4729; x_wconf 85' lang='lat' dir='ltr'>ejus</span> 
     </span>
     <span class='ocr_line' id='line_1_106' title="bbox 887 4739 1733 4816; baseline 0.009 -23"><span class='ocrx_word' id='word_1_781' title='bbox 887 4739 959 4794; x_wconf 87' lang='lat' dir='ltr'>facie</span> <span class='ocrx_word' id='word_1_782' title='bbox 978 4744 1061 4794; x_wconf 89' lang='lat' dir='ltr'>tenus</span> <span class='ocrx_word' id='word_1_783' title='bbox 1076 4741 1210 4812; x_wconf 86' lang='lat' dir='ltr'>pietatem</span> <span class='ocrx_word' id='word_1_784' title='bbox 1226 4745 1452 4812; x_wconf 85' lang='lat' dir='ltr'>praetendentem</span> <span class='ocrx_word' id='word_1_785' title='bbox 1476 4745 1540 4816; x_wconf 88' lang='lat' dir='ltr'>quis</span> <span class='ocrx_word' id='word_1_786' title='bbox 1556 4747 1733 4802; x_wconf 80' lang='lat' dir='ltr'>denudabit?</span> 
     </span>
     <span class='ocr_line' id='line_1_107' title="bbox 887 4829 1733 4905; baseline 0.006 -21"><span class='ocrx_word' id='word_1_787' title='bbox 887 4831 921 4884; x_wconf 83' lang='lat' dir='ltr'>Et</span> <span class='ocrx_word' id='word_1_788' title='bbox 936 4831 966 4882; x_wconf 86' lang='lat' dir='ltr'>in</span> <span class='ocrx_word' id='word_1_789' title='bbox 979 4829 1067 4884; x_wconf 87' lang='lat' dir='ltr'>medio</span> <span class='ocrx_word' id='word_1_790' title='bbox 1082 4832 1136 4884; x_wconf 85' lang='lat' dir='ltr'>oris</span> <span class='ocrx_word' id='word_1_791' title='bbox 1152 4829 1212 4900; x_wconf 87' lang='lat' dir='ltr'>ejus</span> <span class='ocrx_word' id='word_1_792' title='bbox 1227 4834 1287 4899; x_wconf 88' lang='lat' dir='ltr'>quis</span> <span class='ocrx_word' id='word_1_793' title='bbox 1300 4833 1437 4888; x_wconf 81' lang='lat' dir='ltr'>intrabit?</span> <span class='ocrx_word' id='word_1_794' title='bbox 1453 4834 1643 4890; x_wconf 78' lang='lat' dir='ltr'>calliditatem</span> <span class='ocrx_word' id='word_1_795' title='bbox 1663 4837 1733 4905; x_wconf 84' lang='lat' dir='ltr'>legis</span> 
     </span>
     <span class='ocr_line' id='line_1_108' title="bbox 885 4916 1733 4995; baseline 0.011 -25"><span class='ocrx_word' id='word_1_796' title='bbox 885 4916 994 4988; x_wconf 78' lang='lat' dir='ltr'>iniquae</span> <span class='ocrx_word' id='word_1_797' title='bbox 1016 4918 1079 4990; x_wconf 89' lang='lat' dir='ltr'>quis</span> <span class='ocrx_word' id='word_1_798' title='bbox 1102 4921 1282 4990; x_wconf 72' lang='lat' dir='ltr'>penetrabit?</span> <span class='ocrx_word' id='word_1_799' title='bbox 1307 4921 1527 4995; x_wconf 90' lang='lat' dir='ltr'>involutumque</span> <span class='ocrx_word' id='word_1_800' title='bbox 1551 4940 1678 4979; x_wconf 90' lang='lat' dir='ltr'>errorem</span> <span class='ocrx_word' id='word_1_801' title='bbox 1705 4930 1733 4979; x_wconf 84' lang='lat' dir='ltr'>el</span> 
     </span>
     <span class='ocr_line' id='line_1_109' title="bbox 885 5007 1732 5083; baseline 0.007 -23"><span class='ocrx_word' id='word_1_802' title='bbox 885 5021 1040 5061; x_wconf 90' lang='lat' dir='ltr'>nnmerum</span> <span class='ocrx_word' id='word_1_803' title='bbox 1061 5007 1234 5075; x_wconf 89' lang='lat' dir='ltr'>litterarum,</span> <span class='ocrx_word' id='word_1_804' title='bbox 1256 5025 1340 5079; x_wconf 87' lang='lat' dir='ltr'>quem</span> <span class='ocrx_word' id='word_1_805' title='bbox 1361 5011 1390 5065; x_wconf 94' lang='lat' dir='ltr'>in</span> <span class='ocrx_word' id='word_1_806' title='bbox 1416 5013 1587 5083; x_wconf 91' lang='lat' dir='ltr'>quibusdam</span> <span class='ocrx_word' id='word_1_807' title='bbox 1603 5013 1732 5068; x_wconf 90' lang='lat' dir='ltr'>fabulose</span> 
     </span>
     <span class='ocr_line' id='line_1_110' title="bbox 886 5095 1731 5167; baseline 0.009 -19"><span class='ocrx_word' id='word_1_808' title='bbox 886 5110 945 5148; x_wconf 75' lang='lat' dir='ltr'>stria</span> <span class='ocrx_word' id='word_1_809' title='bbox 967 5095 1041 5166; x_wconf 89' lang='lat' dir='ltr'>legis</span> <span class='ocrx_word' id='word_1_810' title='bbox 1064 5096 1132 5149; x_wconf 89' lang='lat' dir='ltr'>locis</span> <span class='ocrx_word' id='word_1_811' title='bbox 1152 5095 1283 5161; x_wconf 85' lang='lat' dir='ltr'>intexuit,</span> <span class='ocrx_word' id='word_1_812' title='bbox 1306 5097 1371 5167; x_wconf 91' lang='lat' dir='ltr'>quis</span> <span class='ocrx_word' id='word_1_813' title='bbox 1392 5099 1568 5155; x_wconf 88' lang='lat' dir='ltr'>discussione</span> <span class='ocrx_word' id='word_1_814' title='bbox 1591 5101 1731 5157; x_wconf 90' lang='lat' dir='ltr'>acerrima</span> 
     </span>
    </p>
   </div>
   <div class='ocr_carea' id='block_1_16' title="bbox 920 5237 1166 5517">
    <p class='ocr_par' dir='ltr' id='par_1_20' title="bbox 921 5237 1166 5440">
     <span class='ocr_line' id='line_1_111' title="bbox 921 5237 1164 5305; baseline 0 -15"><span class='ocrx_word' id='word_1_815' title='bbox 921 5245 932 5270; x_wconf 84' lang='lat'>⁴³</span> <span class='ocrx_word' id='word_1_816' title='bbox 949 5237 1009 5301; x_wconf 72' lang='lat' dir='ltr'>lta,</span> <span class='ocrx_word' id='word_1_817' title='bbox 1026 5238 1080 5305; x_wconf 80' lang='lat' dir='ltr'>legi</span> <span class='ocrx_word' id='word_1_818' title='bbox 1092 5254 1164 5292; x_wconf 80' lang='lat' dir='ltr'>meae.</span> 
     </span>
     <span class='ocr_line' id='line_1_112' title="bbox 921 5304 1166 5377; baseline 0.012 -18"><span class='ocrx_word' id='word_1_819' title='bbox 921 5304 932 5342; x_wconf 76' lang='lat' dir='ltr'><strong>f</strong></span> <span class='ocrx_word' id='word_1_820' title='bbox 948 5307 985 5360; x_wconf 87' lang='lat' dir='ltr'>lds</span> <span class='ocrx_word' id='word_1_821' title='bbox 1001 5347 1008 5372; x_wconf 92' lang='lat'>,</span> <span class='ocrx_word' id='word_1_822' title='bbox 1022 5311 1166 5377; x_wconf 80' lang='lat' dir='ltr'>potientes.</span> 
     </span>
     <span class='ocr_line' id='line_1_113' title="bbox 921 5378 1069 5440; baseline -0.007 -9"><span class='ocrx_word' id='word_1_823' title='bbox 921 5390 936 5431; x_wconf 78' lang='lat' dir='ltr'>t</span> <span class='ocrx_word' id='word_1_824' title='bbox 951 5378 1011 5440; x_wconf 73' lang='lat' dir='ltr'>lis,</span> <span class='ocrx_word' id='word_1_825' title='bbox 1027 5395 1069 5432; x_wconf 84' lang='lat' dir='ltr'>nc.</span> 
     </span>
    </p>

    <p class='ocr_par' dir='ltr' id='par_1_21' title="bbox 920 5449 1150 5517">
     <span class='ocr_line' id='line_1_114' title="bbox 920 5449 1150 5517; baseline 0.004 -15"><span class='ocrx_word' id='word_1_826' title='bbox 920 5449 934 5489; x_wconf 79' lang='lat' dir='ltr'>h</span> <span class='ocrx_word' id='word_1_827' title='bbox 949 5449 1010 5517; x_wconf 66' lang='lat' dir='ltr'>lde,</span> <span class='ocrx_word' id='word_1_828' title='bbox 1025 5451 1150 5516; x_wconf 72' lang='lat' dir='ltr'>confecta.</span> 
     </span>
    </p>
   </div>
   <div class='ocr_carea' id='block_1_17' title="bbox 0 0 1970 6098">
    <p class='ocr_par' dir='ltr' id='par_1_22' title="bbox 0 0 1970 6098">
     <span class='ocr_line' id='line_1_115' title="bbox 0 0 1970 6098; baseline 0 2"><span class='ocrx_word' id='word_1_829' title='bbox 0 0 1970 6098; x_wconf 95' lang='lat' dir='ltr'> </span> 
     </span>
    </p>
   </div>
  </div>
 </body>
</html>
